<?xml version="1.0" encoding="UTF-8"?>
<!DOCTYPE html PUBLIC "-//W3C//DTD XHTML 1.0 Transitional//EN"
    "http://www.w3.org/TR/xhtml1/DTD/xhtml1-transitional.dtd">
<html xmlns="http://www.w3.org/1999/xhtml" xml:lang="en" lang="en">
 <head>
  <title>
</title>
<meta http-equiv="Content-Type" content="text/html;charset=utf-8" />
  <meta name='ocr-system' content='tesseract 3.04.00' />
  <meta name='ocr-capabilities' content='ocr_page ocr_carea ocr_par ocr_line ocrx_word'/>
</head>
<body>
  <div class='ocr_page' id='page_1' title='image "./operatameditaqua02lask_0590.png"; bbox 0 0 1830 3147; ppageno 0'>
   <div class='ocr_carea' id='block_1_1' title="bbox 226 125 1025 171">
    <p class='ocr_par' dir='ltr' id='par_1_1' title="bbox 226 125 1025 171">
     <span class='ocr_line' id='line_1_1' title="bbox 226 125 1025 171; baseline 0 -11"><span class='ocrx_word' id='word_1_1' title='bbox 226 125 290 171; x_wconf 87' lang='lat' dir='ltr'>[A.</span> <span class='ocrx_word' id='word_1_2' title='bbox 315 125 361 161; x_wconf 90' lang='lat' dir='ltr'>D.</span> <span class='ocrx_word' id='word_1_3' title='bbox 388 126 498 171; x_wconf 78' lang='lat'>1544]</span> <span class='ocrx_word' id='word_1_4' title='bbox 958 126 1025 164; x_wconf 84' lang='lat'>570</span> 
     </span>
    </p>
   </div>
   <div class='ocr_carea' id='block_1_2' title="bbox 225 233 1754 391">
    <p class='ocr_par' dir='ltr' id='par_1_2' title="bbox 225 233 1754 391">
     <span class='ocr_line' id='line_1_2' title="bbox 225 233 1754 283; baseline 0.001 -13"><span class='ocrx_word' id='word_1_5' title='bbox 225 233 289 270; x_wconf 67' lang='grc' dir='ltr'>ΝΟ.</span> <span class='ocrx_word' id='word_1_6' title='bbox 316 233 374 271; x_wconf 80' lang='grc'>17.</span> <span class='ocrx_word' id='word_1_7' title='bbox 1093 235 1211 280; x_wconf 67' lang='lat' dir='ltr'>[mesu.</span> <span class='ocrx_word' id='word_1_8' title='bbox 1226 248 1250 279; x_wconf 79' lang='lat' dir='ltr'>p.</span> <span class='ocrx_word' id='word_1_9' title='bbox 1262 237 1308 269; x_wconf 49' lang='lat'>1143</span> <span class='ocrx_word' id='word_1_10' title='bbox 1323 248 1362 279; x_wconf 83' lang='lat' dir='ltr'>sq.</span> <span class='ocrx_word' id='word_1_11' title='bbox 1375 239 1458 270; x_wconf 61' lang='grc' dir='ltr'>(ἰατά.</span> <span class='ocrx_word' id='word_1_12' title='bbox 1480 249 1504 272; x_wconf 83' lang='lat' dir='ltr'>s.</span> <span class='ocrx_word' id='word_1_13' title='bbox 1521 237 1610 271; x_wconf 81' lang='lat' dir='ltr'>a.1lb.</span> <span class='ocrx_word' id='word_1_14' title='bbox 1627 248 1656 280; x_wconf 83' lang='lat' dir='ltr'>p·</span> <span class='ocrx_word' id='word_1_15' title='bbox 1675 236 1754 283; x_wconf 61' lang='lat'>506]</span> 
     </span>
     <span class='ocr_line' id='line_1_3' title="bbox 757 356 1225 391; baseline 0 0"><span class='ocrx_word' id='word_1_16' title='bbox 757 356 815 391; x_wconf 84' lang='lat' dir='ltr'>Ad</span> <span class='ocrx_word' id='word_1_17' title='bbox 842 356 1021 391; x_wconf 70' lang='lat' dir='ltr'>DAvmnM</span> <span class='ocrx_word' id='word_1_18' title='bbox 1047 356 1225 391; x_wconf 77' lang='lat' dir='ltr'><strong>GEORGII.</strong></span> 
     </span>
    </p>
   </div>
   <div class='ocr_carea' id='block_1_3' title="bbox 218 475 1795 2953">
    <p class='ocr_par' dir='ltr' id='par_1_3' title="bbox 218 475 1795 2953">
     <span class='ocr_line' id='line_1_4' title="bbox 276 475 1755 525; baseline 0 -12"><span class='ocrx_word' id='word_1_19' title='bbox 276 482 302 521; x_wconf 79' lang='lat'>¹)</span> <span class='ocrx_word' id='word_1_20' title='bbox 327 477 461 521; x_wconf 85' lang='lat' dir='ltr'><strong>Accepi</strong></span> <span class='ocrx_word' id='word_1_21' title='bbox 494 488 603 523; x_wconf 86' lang='lat' dir='ltr'>nuper</span> <span class='ocrx_word' id='word_1_22' title='bbox 637 475 754 512; x_wconf 79' lang='lat' dir='ltr'>literas</span> <span class='ocrx_word' id='word_1_23' title='bbox 780 480 868 518; x_wconf 81' lang='lat' dir='ltr'>tuas,</span> <span class='ocrx_word' id='word_1_24' title='bbox 910 477 955 512; x_wconf 90' lang='lat' dir='ltr'>mi</span> <span class='ocrx_word' id='word_1_25' title='bbox 979 478 1096 519; x_wconf 75' lang='lat' dir='ltr'>frater,</span> <span class='ocrx_word' id='word_1_26' title='bbox 1120 476 1245 524; x_wconf 89' lang='lat' dir='ltr'>quibus</span> <span class='ocrx_word' id='word_1_27' title='bbox 1270 477 1334 514; x_wconf 87' lang='lat' dir='ltr'>tibi</span> <span class='ocrx_word' id='word_1_28' title='bbox 1358 480 1495 525; x_wconf 84' lang='lat' dir='ltr'>gratum</span> <span class='ocrx_word' id='word_1_29' title='bbox 1521 489 1595 514; x_wconf 86' lang='lat' dir='ltr'>esse</span> <span class='ocrx_word' id='word_1_30' title='bbox 1620 477 1755 519; x_wconf 80' lang='lat' dir='ltr'>scribis,</span> 
     </span>
     <span class='ocr_line' id='line_1_5' title="bbox 224 536 1755 585; baseline 0 -13"><span class='ocrx_word' id='word_1_31' title='bbox 224 536 318 585; x_wconf 88' lang='lat' dir='ltr'>qnod</span> <span class='ocrx_word' id='word_1_32' title='bbox 342 549 421 573; x_wconf 88' lang='lat' dir='ltr'>cum</span> <span class='ocrx_word' id='word_1_33' title='bbox 445 537 517 572; x_wconf 81' lang='lat' dir='ltr'>tuis</span> <span class='ocrx_word' id='word_1_34' title='bbox 542 537 650 573; x_wconf 82' lang='lat' dir='ltr'>amice</span> <span class='ocrx_word' id='word_1_35' title='bbox 681 537 724 572; x_wconf 84' lang='lat' dir='ltr'>de</span> <span class='ocrx_word' id='word_1_36' title='bbox 750 537 917 584; x_wconf 81' lang='lat' dir='ltr'>religione</span> <span class='ocrx_word' id='word_1_37' title='bbox 949 537 1113 574; x_wconf 87' lang='lat' dir='ltr'>collocuti</span> <span class='ocrx_word' id='word_1_38' title='bbox 1135 550 1261 580; x_wconf 87' lang='lat' dir='ltr'>sumus,</span> <span class='ocrx_word' id='word_1_39' title='bbox 1283 550 1323 574; x_wconf 84' lang='lat' dir='ltr'>ac</span> <span class='ocrx_word' id='word_1_40' title='bbox 1348 538 1467 574; x_wconf 83' lang='lat' dir='ltr'>fateris</span> <span class='ocrx_word' id='word_1_41' title='bbox 1491 538 1606 578; x_wconf 86' lang='lat' dir='ltr'>etiam,</span> <span class='ocrx_word' id='word_1_42' title='bbox 1632 541 1666 572; x_wconf 87' lang='lat' dir='ltr'>te</span> <span class='ocrx_word' id='word_1_43' title='bbox 1690 537 1755 573; x_wconf 92' lang='lat' dir='ltr'>hoc</span> 
     </span>
     <span class='ocr_line' id='line_1_6' title="bbox 224 598 1754 645; baseline -0.001 -11"><span class='ocrx_word' id='word_1_44' title='bbox 224 602 345 634; x_wconf 82' lang='lat' dir='ltr'>nostro</span> <span class='ocrx_word' id='word_1_45' title='bbox 372 601 594 644; x_wconf 86' lang='lat' dir='ltr'>provocatum</span> <span class='ocrx_word' id='word_1_46' title='bbox 629 599 740 633; x_wconf 87' lang='lat' dir='ltr'>officio</span> <span class='ocrx_word' id='word_1_47' title='bbox 764 598 959 645; x_wconf 83' lang='lat' dir='ltr'>oportuisse</span> <span class='ocrx_word' id='word_1_48' title='bbox 985 598 1135 633; x_wconf 89' lang='lat' dir='ltr'>vicissim</span> <span class='ocrx_word' id='word_1_49' title='bbox 1163 599 1335 634; x_wconf 83' lang='lat' dir='ltr'>declarare</span> <span class='ocrx_word' id='word_1_50' title='bbox 1361 603 1460 634; x_wconf 85' lang='lat' dir='ltr'>tuum</span> <span class='ocrx_word' id='word_1_51' title='bbox 1487 611 1567 645; x_wconf 81' lang='lat' dir='ltr'>erga</span> <span class='ocrx_word' id='word_1_52' title='bbox 1591 611 1654 634; x_wconf 86' lang='lat' dir='ltr'>nos</span> <span class='ocrx_word' id='word_1_53' title='bbox 1682 599 1754 633; x_wconf 81' lang='lat' dir='ltr'>ani-</span> 
     </span>
     <span class='ocr_line' id='line_1_7' title="bbox 224 659 1752 706; baseline 0 -12"><span class='ocrx_word' id='word_1_54' title='bbox 224 673 329 699; x_wconf 85' lang='lat' dir='ltr'>mum,</span> <span class='ocrx_word' id='word_1_55' title='bbox 358 672 481 706; x_wconf 84' lang='lat' dir='ltr'><strong>nempe</strong></span> <span class='ocrx_word' id='word_1_56' title='bbox 506 671 598 700; x_wconf 84' lang='lat' dir='ltr'>enm,</span> <span class='ocrx_word' id='word_1_57' title='bbox 626 663 664 694; x_wconf 90' lang='lat' dir='ltr'>ut</span> <span class='ocrx_word' id='word_1_58' title='bbox 687 672 749 693; x_wconf 84' lang='lat' dir='ltr'>nos</span> <span class='ocrx_word' id='word_1_59' title='bbox 776 671 845 694; x_wconf 87' lang='lat' dir='ltr'>non</span> <span class='ocrx_word' id='word_1_60' title='bbox 871 660 983 695; x_wconf 88' lang='lat' dir='ltr'>minus</span> <span class='ocrx_word' id='word_1_61' title='bbox 1009 672 1108 706; x_wconf 86' lang='lat' dir='ltr'>quam</span> <span class='ocrx_word' id='word_1_62' title='bbox 1131 663 1165 694; x_wconf 88' lang='lat' dir='ltr'>te</span> <span class='ocrx_word' id='word_1_63' title='bbox 1183 659 1292 706; x_wconf 87' lang='lat' dir='ltr'>ipsum</span> <span class='ocrx_word' id='word_1_64' title='bbox 1313 661 1360 695; x_wconf 89' lang='lat' dir='ltr'>sis</span> <span class='ocrx_word' id='word_1_65' title='bbox 1379 664 1567 701; x_wconf 79' lang='lat' dir='ltr'>amaturus,</span> <span class='ocrx_word' id='word_1_66' title='bbox 1583 660 1752 706; x_wconf 84' lang='lat' dir='ltr'>siquidem</span> 
     </span>
     <span class='ocr_line' id='line_1_8' title="bbox 223 720 1756 769; baseline 0.001 -14"><span class='ocrx_word' id='word_1_67' title='bbox 223 720 259 756; x_wconf 90' lang='lat' dir='ltr'>in</span> <span class='ocrx_word' id='word_1_68' title='bbox 297 721 396 757; x_wconf 90' lang='lat' dir='ltr'>nobis</span> <span class='ocrx_word' id='word_1_69' title='bbox 431 721 520 756; x_wconf 89' lang='lat' dir='ltr'>idem</span> <span class='ocrx_word' id='word_1_70' title='bbox 552 721 710 756; x_wconf 81' lang='lat' dir='ltr'>veritatis</span> <span class='ocrx_word' id='word_1_71' title='bbox 738 720 895 755; x_wconf 87' lang='lat' dir='ltr'>studium</span> <span class='ocrx_word' id='word_1_72' title='bbox 929 733 1110 767; x_wconf 80' lang='lat' dir='ltr'>agnoscas,</span> <span class='ocrx_word' id='word_1_73' title='bbox 1147 720 1239 769; x_wconf 85' lang='lat' dir='ltr'>quod</span> <span class='ocrx_word' id='word_1_74' title='bbox 1273 722 1308 757; x_wconf 91' lang='lat' dir='ltr'>in</span> <span class='ocrx_word' id='word_1_75' title='bbox 1344 724 1379 757; x_wconf 86' lang='lat' dir='ltr'>te</span> <span class='ocrx_word' id='word_1_76' title='bbox 1405 733 1479 757; x_wconf 86' lang='lat' dir='ltr'>esse</span> <span class='ocrx_word' id='word_1_77' title='bbox 1506 721 1656 756; x_wconf 83' lang='lat' dir='ltr'>testaris.</span> <span class='ocrx_word' id='word_1_78' title='bbox 1708 721 1756 756; x_wconf 79' lang='lat' dir='ltr'>Et</span> 
     </span>
     <span class='ocr_line' id='line_1_9' title="bbox 221 779 1754 829; baseline -0.001 -12"><span class='ocrx_word' id='word_1_79' title='bbox 221 782 359 829; x_wconf 88' lang='lat' dir='ltr'>quidem</span> <span class='ocrx_word' id='word_1_80' title='bbox 385 782 457 816; x_wconf 89' lang='lat' dir='ltr'>eius</span> <span class='ocrx_word' id='word_1_81' title='bbox 483 781 652 822; x_wconf 83' lang='lat' dir='ltr'>veritatis,</span> <span class='ocrx_word' id='word_1_82' title='bbox 679 793 746 815; x_wconf 85' lang='lat' dir='ltr'>non</span> <span class='ocrx_word' id='word_1_83' title='bbox 772 792 859 827; x_wconf 81' lang='lat' dir='ltr'>qnae</span> <span class='ocrx_word' id='word_1_84' title='bbox 885 780 1047 816; x_wconf 79' lang='lat' dir='ltr'>historica</span> <span class='ocrx_word' id='word_1_85' title='bbox 1072 779 1243 816; x_wconf 80' lang='lat' dir='ltr'>duntaxat</span> <span class='ocrx_word' id='word_1_86' title='bbox 1269 782 1391 817; x_wconf 82' lang='lat' dir='ltr'>notitia</span> <span class='ocrx_word' id='word_1_87' title='bbox 1416 786 1554 818; x_wconf 78' lang='lat' dir='ltr'>constat</span> <span class='ocrx_word' id='word_1_88' title='bbox 1578 782 1641 825; x_wconf 86' lang='lat' dir='ltr'>(sic</span> <span class='ocrx_word' id='word_1_89' title='bbox 1663 781 1754 817; x_wconf 87' lang='lat' dir='ltr'>enim</span> 
     </span>
     <span class='ocr_line' id='line_1_10' title="bbox 223 842 1754 889; baseline 0.001 -12"><span class='ocrx_word' id='word_1_90' title='bbox 223 848 305 878; x_wconf 86' lang='lat' dir='ltr'>tuae</span> <span class='ocrx_word' id='word_1_91' title='bbox 339 842 459 877; x_wconf 79' lang='lat' dir='ltr'>literae</span> <span class='ocrx_word' id='word_1_92' title='bbox 493 844 670 877; x_wconf 60' lang='lat' dir='ltr'>veritatem</span> <span class='ocrx_word' id='word_1_93' title='bbox 704 842 924 889; x_wconf 84' lang='lat' dir='ltr'>interpretari</span> <span class='ocrx_word' id='word_1_94' title='bbox 958 845 1146 888; x_wconf 83' lang='lat' dir='ltr'>putamus),</span> <span class='ocrx_word' id='word_1_95' title='bbox 1175 843 1233 877; x_wconf 89' lang='lat' dir='ltr'>sed</span> <span class='ocrx_word' id='word_1_96' title='bbox 1259 855 1346 889; x_wconf 87' lang='lat' dir='ltr'>quae</span> <span class='ocrx_word' id='word_1_97' title='bbox 1370 856 1390 878; x_wconf 82' lang='lat' dir='ltr'>a</span> <span class='ocrx_word' id='word_1_98' title='bbox 1415 843 1543 889; x_wconf 80' lang='lat' dir='ltr'>Spiritu</span> <span class='ocrx_word' id='word_1_99' title='bbox 1572 843 1606 878; x_wconf 81' lang='lat' dir='ltr'>S.</span> <span class='ocrx_word' id='word_1_100' title='bbox 1631 842 1754 877; x_wconf 84' lang='lat' dir='ltr'>animis</span> 
     </span>
     <span class='ocr_line' id='line_1_11' title="bbox 220 901 1753 949; baseline -0.001 -11"><span class='ocrx_word' id='word_1_101' title='bbox 220 904 350 939; x_wconf 90' lang='lat' dir='ltr'>nostris</span> <span class='ocrx_word' id='word_1_102' title='bbox 384 904 560 949; x_wconf 77' lang='lat' dir='ltr'>impressa,</span> <span class='ocrx_word' id='word_1_103' title='bbox 597 903 770 949; x_wconf 80' lang='lat' dir='ltr'>specimen</span> <span class='ocrx_word' id='word_1_104' title='bbox 796 904 870 949; x_wconf 85' lang='lat' dir='ltr'>ipsa</span> <span class='ocrx_word' id='word_1_105' title='bbox 896 904 948 938; x_wconf 87' lang='lat' dir='ltr'>sui</span> <span class='ocrx_word' id='word_1_106' title='bbox 974 916 1043 938; x_wconf 85' lang='lat' dir='ltr'>non</span> <span class='ocrx_word' id='word_1_107' title='bbox 1069 904 1249 939; x_wconf 85' lang='lat' dir='ltr'>obscurum</span> <span class='ocrx_word' id='word_1_108' title='bbox 1275 903 1310 938; x_wconf 89' lang='lat' dir='ltr'>in</span> <span class='ocrx_word' id='word_1_109' title='bbox 1344 902 1443 939; x_wconf 90' lang='lat' dir='ltr'>nobis</span> <span class='ocrx_word' id='word_1_110' title='bbox 1468 901 1552 944; x_wconf 83' lang='lat' dir='ltr'>edit,</span> <span class='ocrx_word' id='word_1_111' title='bbox 1584 903 1753 938; x_wconf 88' lang='lat' dir='ltr'>efficiente</span> 
     </span>
     <span class='ocr_line' id='line_1_12' title="bbox 218 963 1751 1010; baseline -0.001 -11"><span class='ocrx_word' id='word_1_112' title='bbox 218 964 378 999; x_wconf 86' lang='lat' dir='ltr'>nimirum</span> <span class='ocrx_word' id='word_1_113' title='bbox 413 963 448 999; x_wconf 84' lang='lat' dir='ltr'>id</span> <span class='ocrx_word' id='word_1_114' title='bbox 480 964 599 999; x_wconf 88' lang='lat' dir='ltr'>eodem</span> <span class='ocrx_word' id='word_1_115' title='bbox 624 964 700 1010; x_wconf 88' lang='lat' dir='ltr'>ipso</span> <span class='ocrx_word' id='word_1_116' title='bbox 725 963 856 1009; x_wconf 85' lang='lat' dir='ltr'>Spiritu</span> <span class='ocrx_word' id='word_1_117' title='bbox 884 964 937 1003; x_wconf 80' lang='lat' dir='ltr'>S..</span> <span class='ocrx_word' id='word_1_118' title='bbox 966 967 1005 998; x_wconf 86' lang='lat' dir='ltr'>ut</span> <span class='ocrx_word' id='word_1_119' title='bbox 1031 964 1163 998; x_wconf 85' lang='lat' dir='ltr'>fructus</span> <span class='ocrx_word' id='word_1_120' title='bbox 1187 963 1247 998; x_wconf 79' lang='lat' dir='ltr'>illa</span> <span class='ocrx_word' id='word_1_121' title='bbox 1284 964 1430 998; x_wconf 84' lang='lat' dir='ltr'>veritate</span> <span class='ocrx_word' id='word_1_122' title='bbox 1463 964 1602 1009; x_wconf 78' lang='lat' dir='ltr'>cognita</span> <span class='ocrx_word' id='word_1_123' title='bbox 1628 963 1751 1010; x_wconf 83' lang='lat' dir='ltr'>dignos</span> 
     </span>
     <span class='ocr_line' id='line_1_13' title="bbox 220 1021 1752 1069; baseline -0.001 -12"><span class='ocrx_word' id='word_1_124' title='bbox 220 1034 281 1068; x_wconf 87' lang='lat' dir='ltr'>pro</span> <span class='ocrx_word' id='word_1_125' title='bbox 306 1021 361 1056; x_wconf 88' lang='lat' dir='ltr'>sui</span> <span class='ocrx_word' id='word_1_126' title='bbox 385 1022 527 1069; x_wconf 89' lang='lat' dir='ltr'>quisque</span> <span class='ocrx_word' id='word_1_127' title='bbox 553 1021 632 1056; x_wconf 85' lang='lat' dir='ltr'>doni</span> <span class='ocrx_word' id='word_1_128' title='bbox 668 1033 828 1057; x_wconf 81' lang='lat' dir='ltr'>mensura</span> <span class='ocrx_word' id='word_1_129' title='bbox 853 1022 1035 1056; x_wconf 76' lang='lat' dir='ltr'>suciamus.</span> <span class='ocrx_word' id='word_1_130' title='bbox 1085 1021 1197 1056; x_wconf 90' lang='lat' dir='ltr'>Addis</span> <span class='ocrx_word' id='word_1_131' title='bbox 1222 1026 1413 1068; x_wconf 79' lang='lat' dir='ltr'>praeterea,</span> <span class='ocrx_word' id='word_1_132' title='bbox 1440 1033 1483 1056; x_wconf 91' lang='lat' dir='ltr'>ne</span> <span class='ocrx_word' id='word_1_133' title='bbox 1508 1025 1542 1056; x_wconf 90' lang='lat' dir='ltr'>te</span> <span class='ocrx_word' id='word_1_134' title='bbox 1567 1021 1645 1056; x_wconf 91' lang='lat' dir='ltr'>ideo</span> <span class='ocrx_word' id='word_1_135' title='bbox 1670 1033 1752 1056; x_wconf 88' lang='lat' dir='ltr'>con-</span> 
     </span>
     <span class='ocr_line' id='line_1_14' title="bbox 219 1081 1750 1130; baseline -0.001 -12"><span class='ocrx_word' id='word_1_136' title='bbox 219 1086 424 1124; x_wconf 83' lang='lat' dir='ltr'>temnamus,</span> <span class='ocrx_word' id='word_1_137' title='bbox 448 1082 540 1130; x_wconf 89' lang='lat' dir='ltr'>qnod</span> <span class='ocrx_word' id='word_1_138' title='bbox 566 1082 694 1129; x_wconf 83' lang='lat' dir='ltr'>linguis</span> <span class='ocrx_word' id='word_1_139' title='bbox 722 1094 854 1129; x_wconf 86' lang='lat' dir='ltr'>usuque</span> <span class='ocrx_word' id='word_1_140' title='bbox 879 1082 1016 1117; x_wconf 82' lang='lat' dir='ltr'>illarum</span> <span class='ocrx_word' id='word_1_141' title='bbox 1050 1094 1118 1117; x_wconf 90' lang='lat' dir='ltr'>non</span> <span class='ocrx_word' id='word_1_142' title='bbox 1137 1082 1279 1129; x_wconf 84' lang='lat' dir='ltr'>provide</span> <span class='ocrx_word' id='word_1_143' title='bbox 1296 1082 1488 1118; x_wconf 87' lang='lat' dir='ltr'>instructus</span> <span class='ocrx_word' id='word_1_144' title='bbox 1507 1081 1616 1117; x_wconf 85' lang='lat' dir='ltr'>videri</span> <span class='ocrx_word' id='word_1_145' title='bbox 1628 1082 1750 1128; x_wconf 82' lang='lat' dir='ltr'>possis,</span> 
     </span>
     <span class='ocr_line' id='line_1_15' title="bbox 220 1141 1752 1189; baseline -0.002 -11"><span class='ocrx_word' id='word_1_146' title='bbox 220 1143 279 1178; x_wconf 82' lang='lat' dir='ltr'>sed</span> <span class='ocrx_word' id='word_1_147' title='bbox 306 1146 345 1178; x_wconf 89' lang='lat' dir='ltr'>ut</span> <span class='ocrx_word' id='word_1_148' title='bbox 378 1148 412 1177; x_wconf 86' lang='lat' dir='ltr'>te</span> <span class='ocrx_word' id='word_1_149' title='bbox 445 1155 506 1189; x_wconf 92' lang='lat' dir='ltr'>pro</span> <span class='ocrx_word' id='word_1_150' title='bbox 541 1143 647 1177; x_wconf 80' lang='lat' dir='ltr'>fratre</span> <span class='ocrx_word' id='word_1_151' title='bbox 674 1142 789 1188; x_wconf 88' lang='lat' dir='ltr'>potius</span> <span class='ocrx_word' id='word_1_152' title='bbox 816 1141 1014 1180; x_wconf 78' lang='lat' dir='ltr'>habeamus,</span> <span class='ocrx_word' id='word_1_153' title='bbox 1047 1146 1271 1189; x_wconf 78' lang='lat' dir='ltr'>posteaquam</span> <span class='ocrx_word' id='word_1_154' title='bbox 1298 1141 1417 1176; x_wconf 88' lang='lat' dir='ltr'>eodem</span> <span class='ocrx_word' id='word_1_155' title='bbox 1445 1141 1601 1176; x_wconf 83' lang='lat' dir='ltr'>veritatis</span> <span class='ocrx_word' id='word_1_156' title='bbox 1626 1153 1752 1187; x_wconf 82' lang='lat' dir='ltr'>cogno-</span> 
     </span>
     <span class='ocr_line' id='line_1_16' title="bbox 221 1201 1754 1249; baseline -0.003 -10"><span class='ocrx_word' id='word_1_157' title='bbox 221 1203 370 1239; x_wconf 83' lang='lat' dir='ltr'>scendae</span> <span class='ocrx_word' id='word_1_158' title='bbox 402 1202 618 1249; x_wconf 77' lang='lat' dir='ltr'>tuendaeque</span> <span class='ocrx_word' id='word_1_159' title='bbox 653 1202 770 1237; x_wconf 86' lang='lat' dir='ltr'>studio</span> <span class='ocrx_word' id='word_1_160' title='bbox 796 1202 957 1243; x_wconf 81' lang='lat' dir='ltr'>tenearis,</span> <span class='ocrx_word' id='word_1_161' title='bbox 983 1202 1199 1248; x_wconf 80' lang='lat' dir='ltr'>praesertim,</span> <span class='ocrx_word' id='word_1_162' title='bbox 1227 1213 1303 1236; x_wconf 89' lang='lat' dir='ltr'>cum</span> <span class='ocrx_word' id='word_1_163' title='bbox 1331 1213 1410 1236; x_wconf 80' lang='lat' dir='ltr'>vera</span> <span class='ocrx_word' id='word_1_164' title='bbox 1436 1201 1586 1236; x_wconf 78' lang='lat' dir='ltr'>charitas</span> <span class='ocrx_word' id='word_1_165' title='bbox 1612 1213 1681 1236; x_wconf 91' lang='lat' dir='ltr'>non</span> <span class='ocrx_word' id='word_1_166' title='bbox 1707 1201 1754 1235; x_wconf 84' lang='lat' dir='ltr'>sit</span> 
     </span>
     <span class='ocr_line' id='line_1_17' title="bbox 220 1261 1752 1309; baseline -0.001 -11"><span class='ocrx_word' id='word_1_167' title='bbox 220 1262 434 1299; x_wconf 80' lang='lat' dir='ltr'>aestimanda</span> <span class='ocrx_word' id='word_1_168' title='bbox 467 1276 486 1298; x_wconf 86' lang='lat' dir='ltr'>a</span> <span class='ocrx_word' id='word_1_169' title='bbox 520 1262 618 1298; x_wconf 89' lang='lat' dir='ltr'>nobis</span> <span class='ocrx_word' id='word_1_170' title='bbox 653 1274 671 1297; x_wconf 90' lang='lat' dir='ltr'>e</span> <span class='ocrx_word' id='word_1_171' title='bbox 697 1261 881 1297; x_wconf 84' lang='lat' dir='ltr'>verborum</span> <span class='ocrx_word' id='word_1_172' title='bbox 906 1267 1030 1297; x_wconf 76' lang='lat' dir='ltr'>ornatu</span> <span class='ocrx_word' id='word_1_173' title='bbox 1056 1268 1159 1309; x_wconf 79' lang='lat' dir='ltr'>alque</span> <span class='ocrx_word' id='word_1_174' title='bbox 1182 1262 1391 1309; x_wconf 80' lang='lat' dir='ltr'>eloquentia,</span> <span class='ocrx_word' id='word_1_175' title='bbox 1416 1274 1485 1297; x_wconf 89' lang='lat' dir='ltr'>non</span> <span class='ocrx_word' id='word_1_176' title='bbox 1509 1266 1654 1296; x_wconf 80' lang='lat' dir='ltr'>externo</span> <span class='ocrx_word' id='word_1_177' title='bbox 1680 1261 1752 1296; x_wconf 92' lang='lat' dir='ltr'>ullo</span> 
     </span>
     <span class='ocr_line' id='line_1_18' title="bbox 221 1322 1750 1370; baseline -0.001 -11"><span class='ocrx_word' id='word_1_178' title='bbox 221 1336 334 1359; x_wconf 87' lang='lat' dir='ltr'>rerum</span> <span class='ocrx_word' id='word_1_179' title='bbox 368 1323 554 1359; x_wconf 82' lang='lat' dir='ltr'>carnalium</span> <span class='ocrx_word' id='word_1_180' title='bbox 585 1323 694 1363; x_wconf 88' lang='lat' dir='ltr'>cultu,</span> <span class='ocrx_word' id='word_1_181' title='bbox 728 1335 838 1370; x_wconf 88' lang='lat' dir='ltr'>neque</span> <span class='ocrx_word' id='word_1_182' title='bbox 864 1323 946 1358; x_wconf 89' lang='lat' dir='ltr'>item</span> <span class='ocrx_word' id='word_1_183' title='bbox 973 1323 1169 1369; x_wconf 78' lang='lat' dir='ltr'>linguarum</span> <span class='ocrx_word' id='word_1_184' title='bbox 1195 1328 1256 1357; x_wconf 83' lang='lat' dir='ltr'>aut</span> <span class='ocrx_word' id='word_1_185' title='bbox 1281 1322 1543 1369; x_wconf 79' lang='lat' dir='ltr'>disciplinarum</span> <span class='ocrx_word' id='word_1_186' title='bbox 1568 1327 1750 1369; x_wconf 81' lang='lat' dir='ltr'>apparatu,</span> 
     </span>
     <span class='ocr_line' id='line_1_19' title="bbox 221 1384 1752 1431; baseline -0.001 -11"><span class='ocrx_word' id='word_1_187' title='bbox 221 1385 281 1421; x_wconf 89' lang='lat' dir='ltr'>sed</span> <span class='ocrx_word' id='word_1_188' title='bbox 305 1398 345 1420; x_wconf 76' lang='lat' dir='ltr'>ex</span> <span class='ocrx_word' id='word_1_189' title='bbox 371 1385 507 1420; x_wconf 88' lang='lat' dir='ltr'>interno</span> <span class='ocrx_word' id='word_1_190' title='bbox 532 1385 637 1420; x_wconf 79' lang='lat' dir='ltr'>animi</span> <span class='ocrx_word' id='word_1_191' title='bbox 662 1388 757 1419; x_wconf 89' lang='lat' dir='ltr'>motu</span> <span class='ocrx_word' id='word_1_192' title='bbox 782 1384 896 1431; x_wconf 83' lang='lat' dir='ltr'>potius</span> <span class='ocrx_word' id='word_1_193' title='bbox 924 1396 982 1430; x_wconf 87' lang='lat' dir='ltr'>per</span> <span class='ocrx_word' id='word_1_194' title='bbox 1006 1386 1064 1430; x_wconf 81' lang='lat' dir='ltr'>Sp.</span> <span class='ocrx_word' id='word_1_195' title='bbox 1090 1385 1129 1418; x_wconf 83' lang='lat' dir='ltr'>S.</span> <span class='ocrx_word' id='word_1_196' title='bbox 1153 1384 1319 1420; x_wconf 80' lang='lat' dir='ltr'>excitato.</span> <span class='ocrx_word' id='word_1_197' title='bbox 1370 1384 1552 1419; x_wconf 85' lang='lat' dir='ltr'>Postremo</span> <span class='ocrx_word' id='word_1_198' title='bbox 1577 1388 1688 1430; x_wconf 85' lang='lat' dir='ltr'>optas,</span> <span class='ocrx_word' id='word_1_199' title='bbox 1715 1387 1752 1418; x_wconf 89' lang='lat' dir='ltr'>ut</span> 
     </span>
     <span class='ocr_line' id='line_1_20' title="bbox 221 1445 1753 1493; baseline -0.001 -11"><span class='ocrx_word' id='word_1_200' title='bbox 221 1447 327 1482; x_wconf 87' lang='lat' dir='ltr'>libere</span> <span class='ocrx_word' id='word_1_201' title='bbox 359 1459 504 1487; x_wconf 86' lang='lat' dir='ltr'>meeum,</span> <span class='ocrx_word' id='word_1_202' title='bbox 541 1458 608 1481; x_wconf 88' lang='lat' dir='ltr'>non</span> <span class='ocrx_word' id='word_1_203' title='bbox 642 1458 742 1481; x_wconf 88' lang='lat' dir='ltr'>secus</span> <span class='ocrx_word' id='word_1_204' title='bbox 775 1458 876 1493; x_wconf 83' lang='lat' dir='ltr'>qnam</span> <span class='ocrx_word' id='word_1_205' title='bbox 902 1458 977 1480; x_wconf 80' lang='lat' dir='ltr'>cuni</span> <span class='ocrx_word' id='word_1_206' title='bbox 1006 1445 1074 1480; x_wconf 86' lang='lat' dir='ltr'>tuis</span> <span class='ocrx_word' id='word_1_207' title='bbox 1100 1446 1143 1480; x_wconf 90' lang='lat' dir='ltr'>de</span> <span class='ocrx_word' id='word_1_208' title='bbox 1169 1445 1335 1492; x_wconf 72' lang='lat' dir='ltr'>religione</span> <span class='ocrx_word' id='word_1_209' title='bbox 1362 1445 1470 1491; x_wconf 87' lang='lat' dir='ltr'>possis</span> <span class='ocrx_word' id='word_1_210' title='bbox 1495 1457 1610 1492; x_wconf 80' lang='lat' dir='ltr'>agere,</span> <span class='ocrx_word' id='word_1_211' title='bbox 1637 1446 1687 1480; x_wconf 86' lang='lat' dir='ltr'>ita</span> <span class='ocrx_word' id='word_1_212' title='bbox 1713 1448 1753 1480; x_wconf 89' lang='lat' dir='ltr'>ut</span> 
     </span>
     <span class='ocr_line' id='line_1_21' title="bbox 222 1506 1753 1554; baseline -0.001 -11"><span class='ocrx_word' id='word_1_213' title='bbox 222 1508 356 1544; x_wconf 85' lang='lat' dir='ltr'>demum</span> <span class='ocrx_word' id='word_1_214' title='bbox 382 1511 558 1554; x_wconf 81' lang='lat' dir='ltr'>appareat,</span> <span class='ocrx_word' id='word_1_215' title='bbox 586 1512 663 1543; x_wconf 85' lang='lat' dir='ltr'>uter</span> <span class='ocrx_word' id='word_1_216' title='bbox 689 1512 845 1542; x_wconf 84' lang='lat' dir='ltr'>nostrum</span> <span class='ocrx_word' id='word_1_217' title='bbox 872 1507 1059 1553; x_wconf 84' lang='lat' dir='ltr'>pleniorem</span> <span class='ocrx_word' id='word_1_218' title='bbox 1078 1506 1204 1542; x_wconf 77' lang='lat' dir='ltr'>habeat</span> <span class='ocrx_word' id='word_1_219' title='bbox 1224 1507 1379 1542; x_wconf 80' lang='lat' dir='ltr'>veritatis</span> <span class='ocrx_word' id='word_1_220' title='bbox 1396 1507 1753 1554; x_wconf 79' lang='lat' dir='ltr'>cognitionem,quae‚</span> 
     </span>
     <span class='ocr_line' id='line_1_22' title="bbox 221 1568 1750 1615; baseline -0.001 -11"><span class='ocrx_word' id='word_1_221' title='bbox 221 1572 262 1604; x_wconf 84' lang='lat' dir='ltr'>ut</span> <span class='ocrx_word' id='word_1_222' title='bbox 287 1569 417 1605; x_wconf 83' lang='lat' dir='ltr'>dictum</span> <span class='ocrx_word' id='word_1_223' title='bbox 451 1572 517 1612; x_wconf 84' lang='lat' dir='ltr'>est,</span> <span class='ocrx_word' id='word_1_224' title='bbox 547 1568 690 1615; x_wconf 83' lang='lat' dir='ltr'>Spiritu,</span> <span class='ocrx_word' id='word_1_225' title='bbox 721 1580 791 1603; x_wconf 86' lang='lat' dir='ltr'>non</span> <span class='ocrx_word' id='word_1_226' title='bbox 827 1568 925 1603; x_wconf 86' lang='lat' dir='ltr'>litera</span> <span class='ocrx_word' id='word_1_227' title='bbox 959 1572 1107 1604; x_wconf 77' lang='lat' dir='ltr'>constet.</span> <span class='ocrx_word' id='word_1_228' title='bbox 1156 1569 1263 1614; x_wconf 82' lang='lat' dir='ltr'>Cupis</span> <span class='ocrx_word' id='word_1_229' title='bbox 1290 1569 1384 1609; x_wconf 89' lang='lat' dir='ltr'>item,</span> <span class='ocrx_word' id='word_1_230' title='bbox 1412 1572 1463 1609; x_wconf 82' lang='lat' dir='ltr'>ut,</span> <span class='ocrx_word' id='word_1_231' title='bbox 1487 1568 1579 1615; x_wconf 87' lang='lat' dir='ltr'>quod</span> <span class='ocrx_word' id='word_1_232' title='bbox 1605 1568 1647 1603; x_wconf 92' lang='lat' dir='ltr'>de</span> <span class='ocrx_word' id='word_1_233' title='bbox 1675 1569 1750 1604; x_wconf 90' lang='lat' dir='ltr'>Deo</span> 
     </span>
     <span class='ocr_line' id='line_1_23' title="bbox 220 1628 1748 1676; baseline -0.001 -11"><span class='ocrx_word' id='word_1_234' title='bbox 220 1630 326 1665; x_wconf 81' lang='lat' dir='ltr'>Patre</span> <span class='ocrx_word' id='word_1_235' title='bbox 359 1633 396 1664; x_wconf 91' lang='lat' dir='ltr'>et</span> <span class='ocrx_word' id='word_1_236' title='bbox 426 1629 517 1664; x_wconf 81' lang='lat' dir='ltr'>Filio</span> <span class='ocrx_word' id='word_1_237' title='bbox 550 1629 754 1668; x_wconf 80' lang='lat' dir='ltr'>sentiamus,</span> <span class='ocrx_word' id='word_1_238' title='bbox 792 1628 873 1675; x_wconf 89' lang='lat' dir='ltr'>quid</span> <span class='ocrx_word' id='word_1_239' title='bbox 909 1629 961 1664; x_wconf 92' lang='lat' dir='ltr'>hic</span> <span class='ocrx_word' id='word_1_240' title='bbox 995 1629 1029 1663; x_wconf 90' lang='lat' dir='ltr'>in</span> <span class='ocrx_word' id='word_1_241' title='bbox 1064 1632 1097 1663; x_wconf 83' lang='lat' dir='ltr'>te</span> <span class='ocrx_word' id='word_1_242' title='bbox 1133 1628 1184 1663; x_wconf 87' lang='lat' dir='ltr'>vel</span> <span class='ocrx_word' id='word_1_243' title='bbox 1212 1628 1395 1675; x_wconf 86' lang='lat' dir='ltr'>probemus</span> <span class='ocrx_word' id='word_1_244' title='bbox 1424 1629 1478 1663; x_wconf 92' lang='lat' dir='ltr'>vel</span> <span class='ocrx_word' id='word_1_245' title='bbox 1502 1629 1748 1676; x_wconf 86' lang='lat' dir='ltr'>improbemus,</span> 
     </span>
     <span class='ocr_line' id='line_1_24' title="bbox 220 1689 1750 1737; baseline 0.001 -12"><span class='ocrx_word' id='word_1_246' title='bbox 220 1690 399 1725; x_wconf 83' lang='lat' dir='ltr'>certiorem</span> <span class='ocrx_word' id='word_1_247' title='bbox 434 1693 468 1725; x_wconf 90' lang='lat' dir='ltr'>te</span> <span class='ocrx_word' id='word_1_248' title='bbox 501 1690 698 1729; x_wconf 77' lang='lat' dir='ltr'>reddamus,</span> <span class='ocrx_word' id='word_1_249' title='bbox 733 1693 794 1724; x_wconf 80' lang='lat' dir='ltr'>aut</span> <span class='ocrx_word' id='word_1_250' title='bbox 827 1690 857 1724; x_wconf 91' lang='lat' dir='ltr'>si</span> <span class='ocrx_word' id='word_1_251' title='bbox 891 1689 972 1736; x_wconf 88' lang='lat' dir='ltr'>quid</span> <span class='ocrx_word' id='word_1_252' title='bbox 1010 1693 1185 1735; x_wconf 83' lang='lat' dir='ltr'>praeterea</span> <span class='ocrx_word' id='word_1_253' title='bbox 1211 1690 1406 1736; x_wconf 81' lang='lat' dir='ltr'>inscriptis</span> <span class='ocrx_word' id='word_1_254' title='bbox 1433 1691 1501 1726; x_wconf 85' lang='lat' dir='ltr'>tuis</span> <span class='ocrx_word' id='word_1_255' title='bbox 1526 1692 1750 1737; x_wconf 84' lang='lat' dir='ltr'>requiramus,</span> 
     </span>
     <span class='ocr_line' id='line_1_25' title="bbox 221 1750 1750 1799; baseline 0 -12"><span class='ocrx_word' id='word_1_256' title='bbox 221 1751 256 1787; x_wconf 92' lang='lat' dir='ltr'>id</span> <span class='ocrx_word' id='word_1_257' title='bbox 283 1758 320 1786; x_wconf 85' lang='lat' dir='ltr'>ut</span> <span class='ocrx_word' id='word_1_258' title='bbox 344 1751 447 1786; x_wconf 86' lang='lat' dir='ltr'>etiam</span> <span class='ocrx_word' id='word_1_259' title='bbox 476 1750 539 1786; x_wconf 82' lang='lat' dir='ltr'>tibi</span> <span class='ocrx_word' id='word_1_260' title='bbox 564 1751 808 1797; x_wconf 83' lang='lat' dir='ltr'>significemuS,</span> <span class='ocrx_word' id='word_1_261' title='bbox 835 1763 904 1797; x_wconf 93' lang='lat' dir='ltr'>quo</span> <span class='ocrx_word' id='word_1_262' title='bbox 931 1751 1065 1785; x_wconf 78' lang='lat' dir='ltr'>facilius</span> <span class='ocrx_word' id='word_1_263' title='bbox 1092 1754 1240 1785; x_wconf 88' lang='lat' dir='ltr'>mentem</span> <span class='ocrx_word' id='word_1_264' title='bbox 1267 1754 1361 1785; x_wconf 82' lang='lat' dir='ltr'>tuam</span> <span class='ocrx_word' id='word_1_265' title='bbox 1382 1751 1424 1785; x_wconf 88' lang='lat' dir='ltr'>de</span> <span class='ocrx_word' id='word_1_266' title='bbox 1444 1751 1603 1786; x_wconf 88' lang='lat' dir='ltr'>omnibus</span> <span class='ocrx_word' id='word_1_267' title='bbox 1619 1752 1750 1799; x_wconf 86' lang='lat' dir='ltr'>aperire</span> 
     </span>
     <span class='ocr_line' id='line_1_26' title="bbox 220 1810 1753 1860; baseline 0.001 -14"><span class='ocrx_word' id='word_1_268' title='bbox 220 1813 356 1846; x_wconf 85' lang='lat' dir='ltr'>demum</span> <span class='ocrx_word' id='word_1_269' title='bbox 386 1812 508 1857; x_wconf 83' lang='lat' dir='ltr'>possiS.</span> <span class='ocrx_word' id='word_1_270' title='bbox 536 1812 644 1846; x_wconf 78' lang='lat' dir='ltr'>offers</span> <span class='ocrx_word' id='word_1_271' title='bbox 671 1812 773 1846; x_wconf 84' lang='lat' dir='ltr'>etiam</span> <span class='ocrx_word' id='word_1_272' title='bbox 800 1810 923 1860; x_wconf 84' lang='lat' dir='ltr'>librum</span> <span class='ocrx_word' id='word_1_273' title='bbox 952 1810 1244 1846; x_wconf 63' lang='lat' dir='ltr'>‘&#39;Admirabilium</span> <span class='ocrx_word' id='word_1_274' title='bbox 1271 1823 1409 1858; x_wconf 84' lang='lat' dir='ltr'>operum</span> <span class='ocrx_word' id='word_1_275' title='bbox 1438 1812 1523 1846; x_wconf 66' lang='lat' dir='ltr'>Der’</span> <span class='ocrx_word' id='word_1_276' title='bbox 1545 1811 1753 1860; x_wconf 81' lang='lat' dir='ltr'>simulatque</span> 
     </span>
     <span class='ocr_line' id='line_1_27' title="bbox 221 1871 1750 1918; baseline 0 -11"><span class='ocrx_word' id='word_1_277' title='bbox 221 1873 328 1907; x_wconf 82' lang='lat' dir='ltr'>fuerit</span> <span class='ocrx_word' id='word_1_278' title='bbox 352 1872 547 1913; x_wconf 83' lang='lat' dir='ltr'>absolutus,</span> <span class='ocrx_word' id='word_1_279' title='bbox 584 1876 622 1906; x_wconf 91' lang='lat' dir='ltr'>ut</span> <span class='ocrx_word' id='word_1_280' title='bbox 647 1884 814 1906; x_wconf 80' lang='lat' dir='ltr'>summam</span> <span class='ocrx_word' id='word_1_281' title='bbox 842 1872 950 1906; x_wconf 86' lang='lat' dir='ltr'>totius</span> <span class='ocrx_word' id='word_1_282' title='bbox 976 1871 1153 1907; x_wconf 78' lang='lat' dir='ltr'>doetrinae</span> <span class='ocrx_word' id='word_1_283' title='bbox 1179 1875 1260 1906; x_wconf 78' lang='lat' dir='ltr'>tuae</span> <span class='ocrx_word' id='word_1_284' title='bbox 1288 1872 1466 1907; x_wconf 87' lang='lat' dir='ltr'>nobiscum</span> <span class='ocrx_word' id='word_1_285' title='bbox 1493 1872 1599 1918; x_wconf 88' lang='lat' dir='ltr'>probe</span> <span class='ocrx_word' id='word_1_286' title='bbox 1623 1885 1750 1918; x_wconf 82' lang='lat' dir='ltr'>expen-</span> 
     </span>
     <span class='ocr_line' id='line_1_28' title="bbox 221 1932 1748 1980; baseline 0 -11"><span class='ocrx_word' id='word_1_287' title='bbox 221 1934 358 1975; x_wconf 78' lang='lat' dir='ltr'>damus,</span> <span class='ocrx_word' id='word_1_288' title='bbox 394 1939 444 1975; x_wconf 83' lang='lat' dir='ltr'>et,</span> <span class='ocrx_word' id='word_1_289' title='bbox 483 1933 512 1968; x_wconf 88' lang='lat' dir='ltr'>si</span> <span class='ocrx_word' id='word_1_290' title='bbox 548 1945 611 1968; x_wconf 91' lang='lat' dir='ltr'>nos</span> <span class='ocrx_word' id='word_1_291' title='bbox 643 1933 678 1968; x_wconf 89' lang='lat' dir='ltr'>iu</span> <span class='ocrx_word' id='word_1_292' title='bbox 713 1933 869 1967; x_wconf 83' lang='lat' dir='ltr'>veritatis</span> <span class='ocrx_word' id='word_1_293' title='bbox 904 1932 1102 1978; x_wconf 79' lang='lat' dir='ltr'>cognitione</span> <span class='ocrx_word' id='word_1_294' title='bbox 1139 1933 1290 1978; x_wconf 80' lang='lat' dir='ltr'>superari</span> <span class='ocrx_word' id='word_1_295' title='bbox 1315 1933 1376 1968; x_wconf 83' lang='lat' dir='ltr'>abs</span> <span class='ocrx_word' id='word_1_296' title='bbox 1402 1937 1436 1968; x_wconf 89' lang='lat' dir='ltr'>te</span> <span class='ocrx_word' id='word_1_297' title='bbox 1461 1933 1748 1980; x_wconf 81' lang='lat' dir='ltr'>intelligeremuS,</span> 
     </span>
     <span class='ocr_line' id='line_1_29' title="bbox 221 1993 1749 2041; baseline -0.001 -11"><span class='ocrx_word' id='word_1_298' title='bbox 221 2001 417 2041; x_wconf 81' lang='lat' dir='ltr'>pateremur</span> <span class='ocrx_word' id='word_1_299' title='bbox 450 1995 566 2035; x_wconf 81' lang='lat' dir='ltr'>etiam,</span> <span class='ocrx_word' id='word_1_300' title='bbox 601 2007 663 2030; x_wconf 85' lang='lat' dir='ltr'>nos</span> <span class='ocrx_word' id='word_1_301' title='bbox 700 1993 761 2029; x_wconf 85' lang='lat' dir='ltr'>abs</span> <span class='ocrx_word' id='word_1_302' title='bbox 796 1998 829 2028; x_wconf 91' lang='lat' dir='ltr'>te</span> <span class='ocrx_word' id='word_1_303' title='bbox 855 1993 980 2028; x_wconf 83' lang='lat' dir='ltr'>deduci</span> <span class='ocrx_word' id='word_1_304' title='bbox 1006 1994 1047 2028; x_wconf 78' lang='lat' dir='ltr'>ad</span> <span class='ocrx_word' id='word_1_305' title='bbox 1076 1994 1240 2028; x_wconf 76' lang='lat' dir='ltr'>maiorem</span> <span class='ocrx_word' id='word_1_306' title='bbox 1267 1993 1360 2028; x_wconf 84' lang='lat' dir='ltr'>illius</span> <span class='ocrx_word' id='word_1_307' title='bbox 1387 1995 1633 2039; x_wconf 76' lang='lat' dir='ltr'>cognitionem,</span> <span class='ocrx_word' id='word_1_308' title='bbox 1657 1995 1749 2041; x_wconf 83' lang='lat' dir='ltr'>qnod</span> 
     </span>
     <span class='ocr_line' id='line_1_30' title="bbox 221 2053 1750 2101; baseline 0 -11"><span class='ocrx_word' id='word_1_309' title='bbox 221 2057 323 2090; x_wconf 84' lang='lat' dir='ltr'>etiam</span> <span class='ocrx_word' id='word_1_310' title='bbox 351 2060 384 2091; x_wconf 84' lang='lat' dir='ltr'>te</span> <span class='ocrx_word' id='word_1_311' title='bbox 408 2056 582 2090; x_wconf 77' lang='lat' dir='ltr'>facturum</span> <span class='ocrx_word' id='word_1_312' title='bbox 610 2054 784 2101; x_wconf 87' lang='lat' dir='ltr'>polliceris</span> <span class='ocrx_word' id='word_1_313' title='bbox 810 2054 972 2096; x_wconf 86' lang='lat' dir='ltr'>vicissim,</span> <span class='ocrx_word' id='word_1_314' title='bbox 1000 2054 1062 2088; x_wconf 89' lang='lat' dir='ltr'>hoc</span> <span class='ocrx_word' id='word_1_315' title='bbox 1089 2058 1153 2098; x_wconf 82' lang='lat' dir='ltr'>est,</span> <span class='ocrx_word' id='word_1_316' title='bbox 1181 2061 1218 2088; x_wconf 83' lang='lat' dir='ltr'>ut</span> <span class='ocrx_word' id='word_1_317' title='bbox 1238 2053 1337 2089; x_wconf 85' lang='lat' dir='ltr'>nobis</span> <span class='ocrx_word' id='word_1_318' title='bbox 1358 2054 1467 2089; x_wconf 87' lang='lat' dir='ltr'>modis</span> <span class='ocrx_word' id='word_1_319' title='bbox 1486 2055 1642 2090; x_wconf 88' lang='lat' dir='ltr'>omnibns</span> <span class='ocrx_word' id='word_1_320' title='bbox 1656 2055 1750 2090; x_wconf 91' lang='lat' dir='ltr'>obse-</span> 
     </span>
     <span class='ocr_line' id='line_1_31' title="bbox 218 2115 1749 2164; baseline -0.001 -12"><span class='ocrx_word' id='word_1_321' title='bbox 218 2118 346 2164; x_wconf 78' lang='lat' dir='ltr'>quaris,</span> <span class='ocrx_word' id='word_1_322' title='bbox 377 2118 407 2152; x_wconf 87' lang='lat' dir='ltr'>si</span> <span class='ocrx_word' id='word_1_323' title='bbox 439 2121 470 2152; x_wconf 82' lang='lat' dir='ltr'>te</span> <span class='ocrx_word' id='word_1_324' title='bbox 507 2130 527 2151; x_wconf 78' lang='lat' dir='ltr'><strong>a</strong></span> <span class='ocrx_word' id='word_1_325' title='bbox 561 2117 660 2151; x_wconf 89' lang='lat' dir='ltr'>nobis</span> <span class='ocrx_word' id='word_1_326' title='bbox 686 2117 800 2151; x_wconf 75' lang='lat' dir='ltr'>videas</span> <span class='ocrx_word' id='word_1_327' title='bbox 826 2115 991 2161; x_wconf 80' lang='lat' dir='ltr'>superari,</span> <span class='ocrx_word' id='word_1_328' title='bbox 1028 2115 1162 2150; x_wconf 80' lang='lat' dir='ltr'>etiamsi</span> <span class='ocrx_word' id='word_1_329' title='bbox 1188 2119 1388 2150; x_wconf 79' lang='lat' dir='ltr'>constanter</span> <span class='ocrx_word' id='word_1_330' title='bbox 1413 2116 1572 2158; x_wconf 76' lang='lat' dir='ltr'>affirmes,</span> <span class='ocrx_word' id='word_1_331' title='bbox 1597 2116 1689 2162; x_wconf 82' lang='lat' dir='ltr'>apud</span> <span class='ocrx_word' id='word_1_332' title='bbox 1716 2121 1749 2150; x_wconf 85' lang='lat' dir='ltr'>te</span> 
     </span>
     <span class='ocr_line' id='line_1_32' title="bbox 220 2176 1748 2224; baseline -0.001 -11"><span class='ocrx_word' id='word_1_333' title='bbox 220 2178 416 2213; x_wconf 75' lang='lat' dir='ltr'>hauddubie</span> <span class='ocrx_word' id='word_1_334' title='bbox 442 2190 515 2213; x_wconf 84' lang='lat' dir='ltr'>esse</span> <span class='ocrx_word' id='word_1_335' title='bbox 540 2178 648 2223; x_wconf 79' lang='lat' dir='ltr'>ipsam</span> <span class='ocrx_word' id='word_1_336' title='bbox 675 2178 871 2216; x_wconf 78' lang='lat' dir='ltr'>veritatem,</span> <span class='ocrx_word' id='word_1_337' title='bbox 898 2190 998 2223; x_wconf 76' lang='lat' dir='ltr'>quam</span> <span class='ocrx_word' id='word_1_338' title='bbox 1025 2176 1090 2211; x_wconf 75' lang='lat' dir='ltr'>iam</span> <span class='ocrx_word' id='word_1_339' title='bbox 1117 2177 1252 2211; x_wconf 86' lang='lat' dir='ltr'>demum</span> <span class='ocrx_word' id='word_1_340' title='bbox 1280 2177 1315 2211; x_wconf 91' lang='lat' dir='ltr'>in</span> <span class='ocrx_word' id='word_1_341' title='bbox 1341 2176 1449 2212; x_wconf 83' lang='lat' dir='ltr'>lucem</span> <span class='ocrx_word' id='word_1_342' title='bbox 1480 2177 1623 2223; x_wconf 86' lang='lat' dir='ltr'>proferri</span> <span class='ocrx_word' id='word_1_343' title='bbox 1649 2190 1748 2224; x_wconf 90' lang='lat' dir='ltr'>opor-</span> 
     </span>
     <span class='ocr_line' id='line_1_33' title="bbox 220 2236 1749 2285; baseline -0.001 -13"><span class='ocrx_word' id='word_1_344' title='bbox 220 2242 306 2279; x_wconf 75' lang='lat' dir='ltr'>teat,</span> <span class='ocrx_word' id='word_1_345' title='bbox 334 2238 375 2272; x_wconf 86' lang='lat' dir='ltr'>de</span> <span class='ocrx_word' id='word_1_346' title='bbox 408 2250 474 2285; x_wconf 81' lang='lat' dir='ltr'>qua</span> <span class='ocrx_word' id='word_1_347' title='bbox 507 2238 642 2272; x_wconf 88' lang='lat' dir='ltr'>interim</span> <span class='ocrx_word' id='word_1_348' title='bbox 678 2238 775 2272; x_wconf 89' lang='lat' dir='ltr'>nobis</span> <span class='ocrx_word' id='word_1_349' title='bbox 810 2238 923 2283; x_wconf 81' lang='lat' dir='ltr'>potius</span> <span class='ocrx_word' id='word_1_350' title='bbox 956 2236 1202 2282; x_wconf 80' lang='lat' dir='ltr'>gratulandum</span> <span class='ocrx_word' id='word_1_351' title='bbox 1237 2249 1311 2272; x_wconf 77' lang='lat' dir='ltr'>esse</span> <span class='ocrx_word' id='word_1_352' title='bbox 1337 2249 1471 2277; x_wconf 85' lang='lat' dir='ltr'>censes,</span> <span class='ocrx_word' id='word_1_353' title='bbox 1500 2249 1600 2284; x_wconf 86' lang='lat' dir='ltr'>quam</span> <span class='ocrx_word' id='word_1_354' title='bbox 1627 2242 1665 2271; x_wconf 88' lang='lat' dir='ltr'>ut</span> <span class='ocrx_word' id='word_1_355' title='bbox 1690 2237 1749 2272; x_wconf 76' lang='lat' dir='ltr'>illa</span> 
     </span>
     <span class='ocr_line' id='line_1_34' title="bbox 221 2298 1795 2347; baseline 0.001 -13"><span class='ocrx_word' id='word_1_356' title='bbox 221 2313 359 2347; x_wconf 88' lang='lat' dir='ltr'>quoquo</span> <span class='ocrx_word' id='word_1_357' title='bbox 400 2299 502 2334; x_wconf 90' lang='lat' dir='ltr'>modo</span> <span class='ocrx_word' id='word_1_358' title='bbox 540 2298 762 2334; x_wconf 81' lang='lat' dir='ltr'>offendamur.</span> <span class='ocrx_word' id='word_1_359' title='bbox 824 2298 922 2333; x_wconf 78' lang='lat' dir='ltr'>Haec</span> <span class='ocrx_word' id='word_1_360' title='bbox 960 2306 1014 2333; x_wconf 79' lang='lat' dir='ltr'>est</span> <span class='ocrx_word' id='word_1_361' title='bbox 1049 2311 1180 2333; x_wconf 80' lang='lat' dir='ltr'>summa</span> <span class='ocrx_word' id='word_1_362' title='bbox 1222 2304 1357 2333; x_wconf 73' lang='lat' dir='ltr'>tuarum</span> <span class='ocrx_word' id='word_1_363' title='bbox 1390 2298 1433 2333; x_wconf 81' lang='lat' dir='ltr'>ad</span> <span class='ocrx_word' id='word_1_364' title='bbox 1471 2311 1525 2333; x_wconf 88' lang='lat' dir='ltr'>me</span> <span class='ocrx_word' id='word_1_365' title='bbox 1563 2299 1749 2335; x_wconf 80' lang='lat' dir='ltr'>literarum.</span> <span class='ocrx_word' id='word_1_366' title='bbox 1792 2329 1795 2331; x_wconf 15' lang='grc' dir='ltr'>μ</span> 
     </span>
     <span class='ocr_line' id='line_1_35' title="bbox 221 2358 1748 2406; baseline -0.001 -11"><span class='ocrx_word' id='word_1_367' title='bbox 221 2359 523 2397; x_wconf 77' lang='lat' dir='ltr'>Quemadmodum</span> <span class='ocrx_word' id='word_1_368' title='bbox 559 2371 635 2394; x_wconf 89' lang='lat' dir='ltr'>cum</span> <span class='ocrx_word' id='word_1_369' title='bbox 670 2360 740 2393; x_wconf 82' lang='lat' dir='ltr'>tuis</span> <span class='ocrx_word' id='word_1_370' title='bbox 771 2358 929 2398; x_wconf 84' lang='lat' dir='ltr'>libenter,</span> <span class='ocrx_word' id='word_1_371' title='bbox 966 2371 986 2393; x_wconf 94' lang='lat' dir='ltr'>o</span> <span class='ocrx_word' id='word_1_372' title='bbox 1012 2358 1142 2393; x_wconf 78' lang='lat' dir='ltr'>David!</span> <span class='ocrx_word' id='word_1_373' title='bbox 1168 2358 1333 2394; x_wconf 84' lang='lat' dir='ltr'>collocuti</span> <span class='ocrx_word' id='word_1_374' title='bbox 1358 2371 1476 2393; x_wconf 87' lang='lat' dir='ltr'>snmus</span> <span class='ocrx_word' id='word_1_375' title='bbox 1500 2359 1542 2394; x_wconf 82' lang='lat' dir='ltr'>de</span> <span class='ocrx_word' id='word_1_376' title='bbox 1570 2361 1748 2406; x_wconf 81' lang='lat' dir='ltr'>religione,</span> 
     </span>
     <span class='ocr_line' id='line_1_36' title="bbox 219 2419 1751 2467; baseline -0.001 -11"><span class='ocrx_word' id='word_1_377' title='bbox 219 2433 261 2456; x_wconf 77' lang='lat' dir='ltr'>ac</span> <span class='ocrx_word' id='word_1_378' title='bbox 287 2433 379 2456; x_wconf 86' lang='lat' dir='ltr'>nunc</span> <span class='ocrx_word' id='word_1_379' title='bbox 410 2421 566 2466; x_wconf 88' lang='lat' dir='ltr'>cupimus</span> <span class='ocrx_word' id='word_1_380' title='bbox 599 2420 702 2455; x_wconf 84' lang='lat' dir='ltr'>etiam</span> <span class='ocrx_word' id='word_1_381' title='bbox 736 2423 771 2454; x_wconf 85' lang='lat' dir='ltr'>in</span> <span class='ocrx_word' id='word_1_382' title='bbox 797 2423 914 2454; x_wconf 82' lang='lat' dir='ltr'>nostra</span> <span class='ocrx_word' id='word_1_383' title='bbox 938 2419 1016 2454; x_wconf 90' lang='lat' dir='ltr'>illos</span> <span class='ocrx_word' id='word_1_384' title='bbox 1043 2420 1211 2455; x_wconf 76' lang='lat' dir='ltr'>societate</span> <span class='ocrx_word' id='word_1_385' title='bbox 1243 2419 1494 2461; x_wconf 81' lang='lat' dir='ltr'>Ecclesiastica,</span> <span class='ocrx_word' id='word_1_386' title='bbox 1520 2426 1688 2467; x_wconf 83' lang='lat' dir='ltr'>quantum</span> <span class='ocrx_word' id='word_1_387' title='bbox 1713 2422 1751 2456; x_wconf 86' lang='lat' dir='ltr'>in</span> 
     </span>
     <span class='ocr_line' id='line_1_37' title="bbox 221 2479 1747 2528; baseline -0.001 -12"><span class='ocrx_word' id='word_1_388' title='bbox 221 2482 320 2517; x_wconf 90' lang='lat' dir='ltr'>nobis</span> <span class='ocrx_word' id='word_1_389' title='bbox 356 2481 490 2528; x_wconf 83' lang='lat' dir='ltr'>quidem</span> <span class='ocrx_word' id='word_1_390' title='bbox 526 2484 591 2521; x_wconf 84' lang='lat' dir='ltr'>est,</span> <span class='ocrx_word' id='word_1_391' title='bbox 626 2481 786 2520; x_wconf 78' lang='lat' dir='ltr'>retinere,</span> <span class='ocrx_word' id='word_1_392' title='bbox 811 2480 850 2517; x_wconf 74' lang='lat' dir='ltr'>,si</span> <span class='ocrx_word' id='word_1_393' title='bbox 877 2479 978 2514; x_wconf 86' lang='lat' dir='ltr'>modo</span> <span class='ocrx_word' id='word_1_394' title='bbox 1002 2491 1208 2514; x_wconf 88' lang='lat' dir='ltr'>consensum</span> <span class='ocrx_word' id='word_1_395' title='bbox 1233 2480 1412 2515; x_wconf 75' lang='lat' dir='ltr'>doetrinae</span> <span class='ocrx_word' id='word_1_396' title='bbox 1438 2486 1576 2515; x_wconf 80' lang='lat' dir='ltr'>nostrae</span> <span class='ocrx_word' id='word_1_397' title='bbox 1601 2481 1747 2515; x_wconf 74' lang='lat' dir='ltr'>candide</span> 
     </span>
     <span class='ocr_line' id='line_1_38' title="bbox 221 2539 1747 2587; baseline -0.001 -11"><span class='ocrx_word' id='word_1_398' title='bbox 221 2554 261 2576; x_wconf 83' lang='lat' dir='ltr'>ac</span> <span class='ocrx_word' id='word_1_399' title='bbox 295 2540 498 2587; x_wconf 84' lang='lat' dir='ltr'>simpliciter</span> <span class='ocrx_word' id='word_1_400' title='bbox 530 2542 603 2575; x_wconf 83' lang='lat' dir='ltr'>sine</span> <span class='ocrx_word' id='word_1_401' title='bbox 628 2540 848 2574; x_wconf 74' lang='lat' dir='ltr'>simulatione</span> <span class='ocrx_word' id='word_1_402' title='bbox 877 2539 946 2574; x_wconf 82' lang='lat' dir='ltr'>ulla</span> <span class='ocrx_word' id='word_1_403' title='bbox 972 2548 1171 2586; x_wconf 69' lang='lat' dir='ltr'>sequamur,</span> <span class='ocrx_word' id='word_1_404' title='bbox 1196 2544 1256 2574; x_wconf 82' lang='lat' dir='ltr'>aut</span> <span class='ocrx_word' id='word_1_405' title='bbox 1281 2540 1378 2575; x_wconf 86' lang='lat' dir='ltr'>nobis</span> <span class='ocrx_word' id='word_1_406' title='bbox 1402 2552 1419 2575; x_wconf 90' lang='lat' dir='ltr'>e</span> <span class='ocrx_word' id='word_1_407' title='bbox 1438 2540 1531 2575; x_wconf 84' lang='lat' dir='ltr'>verbi</span> <span class='ocrx_word' id='word_1_408' title='bbox 1551 2540 1614 2575; x_wconf 84' lang='lat' dir='ltr'>Dei</span> <span class='ocrx_word' id='word_1_409' title='bbox 1633 2545 1747 2574; x_wconf 78' lang='lat' dir='ltr'>osten-</span> 
     </span>
     <span class='ocr_line' id='line_1_39' title="bbox 221 2600 1746 2647; baseline -0.001 -11"><span class='ocrx_word' id='word_1_410' title='bbox 221 2602 319 2644; x_wconf 81' lang='lat' dir='ltr'>dant,</span> <span class='ocrx_word' id='word_1_411' title='bbox 354 2601 462 2636; x_wconf 86' lang='lat' dir='ltr'>sicubi</span> <span class='ocrx_word' id='word_1_412' title='bbox 495 2614 556 2635; x_wconf 84' lang='lat' dir='ltr'>nos</span> <span class='ocrx_word' id='word_1_413' title='bbox 591 2612 702 2634; x_wconf 72' lang='lat' dir='ltr'>errare</span> <span class='ocrx_word' id='word_1_414' title='bbox 737 2600 966 2635; x_wconf 80' lang='lat' dir='ltr'>arbitrentur:</span> <span class='ocrx_word' id='word_1_415' title='bbox 1006 2601 1054 2634; x_wconf 78' lang='lat' dir='ltr'>ita</span> <span class='ocrx_word' id='word_1_416' title='bbox 1087 2605 1122 2635; x_wconf 86' lang='lat' dir='ltr'>et</span> <span class='ocrx_word' id='word_1_417' title='bbox 1155 2601 1304 2635; x_wconf 78' lang='lat' dir='ltr'>animum</span> <span class='ocrx_word' id='word_1_418' title='bbox 1343 2605 1439 2635; x_wconf 86' lang='lat' dir='ltr'>tuum</span> <span class='ocrx_word' id='word_1_419' title='bbox 1474 2612 1608 2647; x_wconf 87' lang='lat' dir='ltr'>quoqne</span> <span class='ocrx_word' id='word_1_420' title='bbox 1636 2600 1746 2635; x_wconf 83' lang='lat' dir='ltr'>multo</span> 
     </span>
     <span class='ocr_line' id='line_1_40' title="bbox 222 2659 1746 2714; baseline 0 -19"><span class='ocrx_word' id='word_1_421' title='bbox 222 2660 456 2696; x_wconf 85' lang='lat' dir='ltr'>lubentissime</span> <span class='ocrx_word' id='word_1_422' title='bbox 481 2660 733 2706; x_wconf 79' lang='lat' dir='ltr'>amplectimur,</span> <span class='ocrx_word' id='word_1_423' title='bbox 767 2672 835 2705; x_wconf 89' lang='lat' dir='ltr'>quo</span> <span class='ocrx_word' id='word_1_424' title='bbox 861 2659 960 2714; x_wconf 58' lang='lat' dir='ltr'>nobis</span> <span class='ocrx_word' id='word_1_425' title='bbox 985 2672 1136 2694; x_wconf 83' lang='lat' dir='ltr'>amorem</span> <span class='ocrx_word' id='word_1_426' title='bbox 1165 2665 1261 2694; x_wconf 81' lang='lat' dir='ltr'>tuum</span> <span class='ocrx_word' id='word_1_427' title='bbox 1286 2660 1487 2697; x_wconf 76' lang='lat' dir='ltr'>denuncias,</span> <span class='ocrx_word' id='word_1_428' title='bbox 1514 2664 1685 2706; x_wconf 73' lang='lat' dir='ltr'>quatenus</span> <span class='ocrx_word' id='word_1_429' title='bbox 1713 2661 1746 2695; x_wconf 88' lang='lat' dir='ltr'>in</span> 
     </span>
     <span class='ocr_line' id='line_1_41' title="bbox 223 2721 1746 2767; baseline -0.001 -10"><span class='ocrx_word' id='word_1_430' title='bbox 223 2722 321 2757; x_wconf 87' lang='lat' dir='ltr'>nobis</span> <span class='ocrx_word' id='word_1_431' title='bbox 357 2734 523 2767; x_wconf 78' lang='lat' dir='ltr'>agnoscas</span> <span class='ocrx_word' id='word_1_432' title='bbox 555 2722 706 2756; x_wconf 81' lang='lat' dir='ltr'>studium</span> <span class='ocrx_word' id='word_1_433' title='bbox 740 2721 914 2756; x_wconf 84' lang='lat' dir='ltr'>veritatis:</span> <span class='ocrx_word' id='word_1_434' title='bbox 954 2721 1022 2756; x_wconf 84' lang='lat' dir='ltr'>imo</span> <span class='ocrx_word' id='word_1_435' title='bbox 1056 2733 1149 2763; x_wconf 81' lang='lat' dir='ltr'>vero,</span> <span class='ocrx_word' id='word_1_436' title='bbox 1189 2735 1257 2756; x_wconf 86' lang='lat' dir='ltr'>non</span> <span class='ocrx_word' id='word_1_437' title='bbox 1287 2721 1355 2756; x_wconf 84' lang='lat' dir='ltr'>alio</span> <span class='ocrx_word' id='word_1_438' title='bbox 1380 2721 1462 2755; x_wconf 60' lang='lat' dir='ltr'>*ullo</span> <span class='ocrx_word' id='word_1_439' title='bbox 1487 2733 1588 2767; x_wconf 73' lang='lat' dir='ltr'>quam</span> <span class='ocrx_word' id='word_1_440' title='bbox 1615 2721 1746 2757; x_wconf 84' lang='lat' dir='ltr'>Christi</span> 
     </span>
     <span class='ocr_line' id='line_1_42' title="bbox 223 2780 1744 2828; baseline -0.001 -11"><span class='ocrx_word' id='word_1_441' title='bbox 223 2783 330 2818; x_wconf 87' lang='lat' dir='ltr'>solius</span> <span class='ocrx_word' id='word_1_442' title='bbox 364 2783 500 2817; x_wconf 85' lang='lat' dir='ltr'>nomine</span> <span class='ocrx_word' id='word_1_443' title='bbox 526 2783 579 2817; x_wconf 89' lang='lat' dir='ltr'>vel</span> <span class='ocrx_word' id='word_1_444' title='bbox 602 2784 661 2818; x_wconf 79' lang='lat' dir='ltr'>abs</span> <span class='ocrx_word' id='word_1_445' title='bbox 687 2787 721 2816; x_wconf 79' lang='lat' dir='ltr'>te</span> <span class='ocrx_word' id='word_1_446' title='bbox 747 2781 800 2816; x_wconf 84' lang='lat' dir='ltr'>vel</span> <span class='ocrx_word' id='word_1_447' title='bbox 826 2781 869 2815; x_wconf 81' lang='lat' dir='ltr'>ab</span> <span class='ocrx_word' id='word_1_448' title='bbox 894 2781 963 2816; x_wconf 77' lang='lat' dir='ltr'>alio</span> <span class='ocrx_word' id='word_1_449' title='bbox 989 2781 1058 2815; x_wconf 85' lang='lat' dir='ltr'>ullo</span> <span class='ocrx_word' id='word_1_450' title='bbox 1086 2782 1219 2816; x_wconf 84' lang='lat' dir='ltr'>homine</span> <span class='ocrx_word' id='word_1_451' title='bbox 1245 2782 1350 2816; x_wconf 77' lang='lat' dir='ltr'>amari</span> <span class='ocrx_word' id='word_1_452' title='bbox 1386 2780 1611 2826; x_wconf 73' lang='lat' dir='ltr'>postulamus,</span> <span class='ocrx_word' id='word_1_453' title='bbox 1640 2787 1744 2828; x_wconf 75' lang='lat' dir='ltr'>atque</span> 
     </span>
     <span class='ocr_line' id='line_1_43' title="bbox 223 2840 1746 2888; baseline 0 -11"><span class='ocrx_word' id='word_1_454' title='bbox 223 2842 308 2877; x_wconf 83' lang='lat' dir='ltr'>adeo</span> <span class='ocrx_word' id='word_1_455' title='bbox 342 2854 411 2876; x_wconf 88' lang='lat' dir='ltr'>non</span> <span class='ocrx_word' id='word_1_456' title='bbox 445 2843 618 2882; x_wconf 84' lang='lat' dir='ltr'>volumus,</span> <span class='ocrx_word' id='word_1_457' title='bbox 655 2845 693 2876; x_wconf 89' lang='lat' dir='ltr'>ut</span> <span class='ocrx_word' id='word_1_458' title='bbox 721 2854 783 2876; x_wconf 87' lang='lat' dir='ltr'>nos</span> <span class='ocrx_word' id='word_1_459' title='bbox 805 2842 839 2876; x_wconf 88' lang='lat' dir='ltr'>in</span> <span class='ocrx_word' id='word_1_460' title='bbox 866 2840 964 2876; x_wconf 85' lang='lat' dir='ltr'>nobis</span> <span class='ocrx_word' id='word_1_461' title='bbox 989 2845 1082 2876; x_wconf 79' lang='lat' dir='ltr'>amet</span> <span class='ocrx_word' id='word_1_462' title='bbox 1107 2842 1302 2888; x_wconf 71' lang='lat' dir='ltr'>qnisquam,</span> <span class='ocrx_word' id='word_1_463' title='bbox 1329 2841 1388 2875; x_wconf 88' lang='lat' dir='ltr'>scd</span> <span class='ocrx_word' id='word_1_464' title='bbox 1415 2840 1588 2875; x_wconf 80' lang='lat' dir='ltr'>Christum</span> <span class='ocrx_word' id='word_1_465' title='bbox 1615 2842 1746 2887; x_wconf 82' lang='lat' dir='ltr'>potius,</span> 
     </span>
     <span class='ocr_line' id='line_1_44' title="bbox 223 2900 1743 2953; baseline -0.002 -13"><span class='ocrx_word' id='word_1_466' title='bbox 223 2903 288 2941; x_wconf 81' lang='lat' dir='ltr'>hoc</span> <span class='ocrx_word' id='word_1_467' title='bbox 314 2907 380 2948; x_wconf 72' lang='lat' dir='ltr'>est,</span> <span class='ocrx_word' id='word_1_468' title='bbox 409 2903 569 2940; x_wconf 77' lang='lat' dir='ltr'>virtutem</span> <span class='ocrx_word' id='word_1_469' title='bbox 596 2906 631 2939; x_wconf 80' lang='lat' dir='ltr'>et</span> <span class='ocrx_word' id='word_1_470' title='bbox 657 2903 746 2939; x_wconf 78' lang='lat' dir='ltr'>dona</span> <span class='ocrx_word' id='word_1_471' title='bbox 772 2903 879 2944; x_wconf 84' lang='lat' dir='ltr'>illius,</span> <span class='ocrx_word' id='word_1_472' title='bbox 906 2902 934 2937; x_wconf 89' lang='lat' dir='ltr'>si</span> <span class='ocrx_word' id='word_1_473' title='bbox 960 2914 1045 2953; x_wconf 75' lang='lat' dir='ltr'>quae</span> <span class='ocrx_word' id='word_1_474' title='bbox 1073 2903 1106 2937; x_wconf 84' lang='lat' dir='ltr'>in</span> <span class='ocrx_word' id='word_1_475' title='bbox 1132 2902 1229 2938; x_wconf 76' lang='lat' dir='ltr'>nobis</span> <span class='ocrx_word' id='word_1_476' title='bbox 1254 2902 1465 2938; x_wconf 82' lang='lat' dir='ltr'>elucescunt.</span> <span class='ocrx_word' id='word_1_477' title='bbox 1496 2900 1647 2948; x_wconf 78' lang='lat' dir='ltr'>[Quodsi</span> <span class='ocrx_word' id='word_1_478' title='bbox 1668 2903 1743 2951; x_wconf 83' lang='lat' dir='ltr'>quis</span> 
     </span>
    </p>
   </div>
  </div>
 </body>
</html>
