1830 3147
226 126 293 173 [A.
321 126 365 162 D.
389 125 504 172 1549]
966 123 1034 158 632

222 246 290 282 que
322 234 388 270 iter
423 246 536 269 meum
571 233 749 275 attineret,
779 233 902 268 extare
936 231 1028 279 apud
1053 243 1108 267 me
1133 243 1251 269 omnes
1275 232 1466 268 vocationis
1491 243 1586 268 meae
1610 231 1760 275 litteras,

225 309 269 333 ex
300 295 428 344 quibus
463 294 568 342 longe
593 294 692 337 aliae,
724 306 827 342 quam
853 306 874 329 a
898 293 982 329 meis
1008 293 1265 330 accusatoribus
1291 295 1393 330 fictae
1418 293 1499 334 sint,
1524 293 1657 329 itineris
1681 293 1765 329 utri-

227 369 338 405 usque
367 356 434 392 mei
471 356 622 392 rationes
646 354 833 391 clarissime
858 353 976 401 colligi
1001 357 1160 400 possunt,
1186 358 1222 389 et
1246 353 1389 401 proinde
1414 366 1469 389 me
1492 365 1626 401 semper
1651 353 1765 390 decla-

227 421 383 453 raturum
422 427 499 451 esse
539 427 648 450 meam
681 414 746 450 hac
782 414 817 449 in
854 416 952 460 parte
977 413 1211 449 innocentiam
1236 413 1404 449 adversus
1430 425 1549 449 omnes
1574 413 1764 449 calumnias

229 489 384 514 meorum
408 479 667 518 accusatorum,
700 475 730 511 si
754 475 812 522 qui
839 474 918 510 mihi
941 474 975 510 id
1001 473 1127 509 inditio
1151 474 1298 510 obiicere
1323 474 1458 517 volent,
1483 473 1545 510 sed
1571 476 1686 509 tamen
1709 485 1762 510 1110

225 538 375 574 libenter
411 537 492 574 hine
529 548 752 573 excessurum
786 546 872 577 esse,
908 535 938 571 si
962 535 1012 571 ita
1035 533 1206 582 Princeps
1231 538 1268 570 et
1292 534 1451 571 Ecclesia
1475 547 1551 571 mea
1576 535 1672 578 velit,
1699 535 1765 571 hoc

225 602 290 642 cst,
327 599 357 635 si
393 611 447 634 me
479 598 516 634 in
550 610 627 634 meo
662 597 853 633 ministerio
884 596 983 632 iuxta
1017 596 1219 644 permissam
1253 596 1335 632 mihi
1358 595 1554 632 libertatem
1578 596 1670 632 illius
1696 608 1764 632 uon

224 661 343 708 cupiat
380 659 540 697 retinere.
592 659 692 695 Haec
717 658 766 694 ita
791 657 906 693 omnia
932 660 971 694 ut
996 669 1033 693 se
1057 657 1186 693 habent
1211 657 1406 704 significare
1431 657 1544 694 obiter
1568 657 1663 693 volui
1687 657 1765 694 Cel·

223 722 369 760 situdini
393 724 485 765 tuae,
508 720 750 758 Illustrissime
775 719 962 766 Princeps!
988 731 1049 766 pro
1074 731 1148 755 mea
1173 719 1208 755 in
1234 719 1327 755 illam
1353 719 1584 764 observantia,
1611 721 1651 755 ut
1673 722 1765 755 artes

229 788 266 821 et
299 787 448 820 conatus
473 784 623 819 Satanae
648 794 701 818 me
725 781 927 829 impetentis
953 792 1068 817 secum
1093 781 1169 828 ipsa
1192 780 1394 828 perpendat,
1426 793 1515 829 quae
1539 793 1618 817 cum
1642 793 1763 818 causas

225 846 354 894 alioqui
391 845 544 892 suscepti
578 856 689 890 nuper
724 843 768 879 ad
801 842 1065 879 Serenissimum
1100 841 1276 878 dominum
1302 853 1414 878 meum
1439 842 1604 878 Poloniae
1629 842 1762 890 Regem

221 908 356 946 itineris
381 908 447 943 mei
471 919 541 943 non
566 906 715 953 ignoret,
738 905 838 943 facile
862 905 965 940 etiam
992 916 1086 940 meae
1111 904 1148 940 in
1169 904 1222 946 iis,
1247 916 1334 952 quae
1359 903 1442 940 1111111
1466 903 1690 947 obiiciuntur,
1714 903 1764 940 in-

224 968 408 1006 nocentiae
432 968 534 1003 testis
560 978 635 1003 esse
660 969 780 1014 potest
806 977 869 1013 pro
893 965 1023 1001 virtute
1049 966 1086 1000 et
1109 964 1294 1000 clementia
1319 977 1395 1006 sua,
1421 975 1501 1000 cum
1526 964 1661 1001 litterae
1680 963 1763 1000 alio-

222 1029 282 1077 qui
319 1028 423 1065 etiam
457 1028 562 1074 ipsae,
595 1039 616 1062 a
652 1026 879 1063 Serenissimo
912 1025 1063 1072 Angliae
1097 1025 1196 1072 Rege
1229 1024 1274 1061 ad
1298 1025 1561 1061 Serenissimum
1585 1026 1762 1062 dominum

224 1102 336 1126 meum
362 1088 530 1125 Poloniae
555 1089 688 1136 Regem
714 1088 877 1135 scriptae,
921 1099 1030 1122 meam
1056 1086 1195 1123 abunde
1219 1086 1445 1133 comprobent
1469 1087 1702 1123 innocentiam
1728 1090 1765 1123 et

219 1163 338 1188 causas
362 1150 518 1197 suscepti
542 1149 633 1186 istuc
657 1149 724 1185 mei
749 1149 882 1184 itineris
908 1147 1036 1183 diserte
1062 1148 1349 1195 complectantur.
1396 1147 1552 1195 Expecto
1576 1147 1694 1195 igitur,
1723 1150 1763 1184 ut

220 1212 307 1254 dixi,
345 1211 429 1259 quid
463 1211 506 1246 de
540 1222 594 1247 me
627 1210 796 1257 Princeps
830 1213 866 1245 et
890 1209 1047 1246 Ecclesia
1071 1222 1148 1246 mea
1172 1211 1318 1245 statuat.
1366 1209 1417 1245 Ea
1443 1221 1524 1245 vero
1548 1221 1602 1245 res
1629 1221 1682 1245 me
1706 1209 1762 1246 hic

223 1273 387 1309 hactenus
422 1272 574 1307 detinuit
606 1275 642 1307 et
667 1272 757 1307 sorte
782 1270 964 1313 detinebit,
1002 1274 1042 1306 ut
1067 1274 1148 1306 aute
1174 1270 1330 1317 hyemem
1357 1271 1422 1306 iter
1448 1282 1571 1313 meum,
1594 1271 1684 1319 quod
1710 1271 1763 1307 in-

225 1334 418 1376 stitueram,
445 1332 608 1379 prosequi
632 1344 702 1368 non
727 1333 868 1379 possim.
901 1331 992 1367 Nam
1018 1331 1084 1366 sub
1109 1331 1172 1368 hac
1198 1331 1373 1367 Ecclesiae
1389 1343 1484 1367 meae
1502 1331 1761 1378 perturbatione

221 1394 378 1430 deserere
411 1393 506 1429 illam
541 1393 635 1436 nolo,
662 1397 698 1429 et
722 1394 751 1429 si
775 1394 845 1430 alio
870 1393 1015 1440 migrare
1041 1405 1157 1440 cogar,
1182 1405 1253 1429 non
1277 1392 1397 1440 procul
1422 1393 1466 1429 ab
1490 1394 1551 1429 illa
1575 1393 1695 1433 abero,
1722 1396 1762 1431 ut

224 1467 299 1491 cam
335 1453 482 1490 subinde
509 1453 685 1490 exhortari
708 1467 769 1502 per
795 1454 930 1490 litteras
955 1458 990 1490 et
1014 1454 1186 1490 consolari
1213 1454 1351 1501 possim,
1387 1453 1498 1490 donec
1519 1454 1579 1490 illa
1604 1467 1657 1490 me
1681 1467 1701 1490 a
1725 1467 1762 1491 se

219 1515 394 1552 desertum
429 1527 506 1550 esse
542 1518 681 1562 recepto
715 1515 824 1551 altero
859 1515 1018 1551 ministro
1044 1515 1260 1552 testificetur.
1304 1516 1393 1551 Tum
1418 1515 1510 1551 enim
1534 1515 1578 1551 ab
1602 1517 1675 1552 eius
1701 1517 1761 1553 mi-

220 1577 364 1613 nisterio
400 1576 487 1612 liber
521 1576 604 1612 mihi
636 1589 709 1612 esse
743 1588 856 1613 coram
882 1576 939 1612 dei
962 1576 1087 1612 iuditio
1112 1575 1266 1618 videbor,
1291 1576 1351 1612 sed
1376 1580 1472 1612 certa
1498 1576 1580 1613 mihi
1604 1589 1680 1625 spes
1706 1582 1759 1614 est

219 1637 284 1674 1100
320 1638 427 1684 ipsam
460 1648 636 1684 nunquam
663 1649 739 1673 esse
765 1638 946 1679 facturam,
971 1637 1033 1673 sed
1059 1649 1124 1679 me,
1149 1638 1286 1673 etiamsi
1312 1649 1373 1684 per
1397 1638 1615 1685 tyrannidem
1640 1637 1761 1674 adver-

218 1698 387 1734 sariorum
424 1697 544 1733 abesse
580 1709 695 1745 cogar,
734 1709 794 1744 pro
830 1709 894 1733 suo
930 1697 1151 1733 nihilominus
1184 1697 1342 1734 ministro
1375 1698 1570 1745 agnituram
1595 1704 1761 1746 perpetuo

219 1772 307 1796 esse.
342 1759 459 1795 Huius
494 1759 585 1795 enim
610 1759 658 1795 rei
682 1759 766 1795 1111111
790 1772 860 1795 non
885 1759 1068 1796 obscurum
1094 1757 1258 1795 inditium
1283 1760 1378 1796 fecit.
1402 1759 1520 1798 Quare
1538 1760 1591 1796 1110
1610 1760 1758 1797 haerebo

216 1819 344 1863 adhuc,
382 1819 492 1856 donec
529 1823 591 1856 aut
626 1819 798 1867 propellat
831 1821 876 1862 vi,
911 1824 971 1856 aut
1008 1832 1069 1867 per
1093 1820 1285 1857 Ecclesiam
1314 1823 1423 1856 totam
1449 1833 1527 1857 eum
1553 1821 1642 1857 bona
1666 1821 1759 1858 illius

218 1880 330 1927 gratia
366 1879 534 1916 dimittar.
582 1880 634 1916 Ut
671 1885 711 1916 ut
747 1884 862 1917 autem
899 1893 951 1916 res
976 1881 1131 1924 cesserit,
1155 1894 1226 1917 11011
1251 1882 1463 1918 committam
1489 1882 1573 1928 quin
1599 1882 1758 1929 protinus

220 1941 411 1988 significem
445 1940 654 1977 Celsitudini
689 1945 780 1983 tuae,
816 1940 913 1978 cuius
948 1942 1082 1979 interea
1116 1954 1169 1978 me
1193 1943 1324 1990 gratiae
1350 1947 1385 1979 et
1411 1942 1616 1980 clementiae
1641 1947 1754 1980 totum

220 2002 410 2039 humillime
434 2013 476 2038 ac
501 2002 748 2039 officiosissime
772 2001 987 2040 commendo.

269 2062 400 2100 Emdac
425 2064 469 2099 18
495 2063 708 2110 Septembris
731 2065 836 2100 Anno
859 2076 880 2100 a
905 2064 1046 2101 Christo
1071 2067 1153 2100 nato
1181 2065 1285 2100 1549.

270 2123 537 2161 illustrissimae
561 2123 789 2161 Celsitudinis
818 2128 898 2161 tuae

1050 2187 1239 2232 perpetuus
1264 2186 1300 2220 et
1325 2184 1585 2221 addictissimus
1612 2186 1779 2223 servitor.

1192 2245 1248 2281 Io.
1276 2245 1297 2281 a
1322 2246 1459 2282 LAsco.
1488 2259 1533 2282 m.
1558 2258 1606 2293 pr.

263 2329 288 2368 ¹)
319 2329 370 2361 Sc.
405 2329 438 2360 iu
474 2327 650 2361 Prussiam.
703 2328 731 2368 2)
759 2327 838 2359 Erat
872 2328 994 2369 legatus
1032 2327 1084 2359 ille
1116 2328 1312 2360 Wetsteuius
1347 2329 1388 2361 cf.
1423 2328 1521 2360 UBBO
1555 2329 1649 2362 EMM.
1685 2329 1760 2360 Ber.

208 2383 285 2424 fris.
315 2383 347 2417 ln.
380 2394 411 2425 p.
442 2383 514 2416 937.
561 2383 587 2421 ³)
622 2382 805 2425 Distinguit
840 2382 925 2414 inter
956 2383 1261 2425 Super-intendentis
1294 2383 1395 2416 totius
1429 2384 1512 2417 Fris.
1537 2384 1594 2417 Or.
1617 2386 1649 2416 ct
1671 2383 1761 2416 verbi

217 2439 322 2471 divini
345 2439 432 2482 apud
453 2439 617 2471 Emdanos
641 2438 871 2472 ministerium.

219 2619 284 2657 N⁰·
308 2619 364 2657 60.
1316 2620 1409 2667 [U'bho
1424 2622 1467 2654 Em
1475 2634 1507 2657 111.
1524 2625 1578 2657 lter.
1595 2623 1625 2658 sr.
1640 2623 1665 2658 11.
1678 2622 1752 2668 940]

765 2727 822 2763 Ad
851 2727 1199 2765 HARDENBERGmM.

272 2873 338 2885 ....
366 2846 535 2884 Adfuturi
566 2850 649 2883 sunt
681 2847 774 2884 cives
808 2847 958 2895 plurimi,
992 2849 1050 2895 qui
1087 2861 1179 2885 nune
1214 2848 1315 2896 plane
1339 2860 1440 2884 suurn
1465 2848 1501 2884 in
1525 2860 1579 2884 me
1603 2861 1752 2886 amorem

224 2910 362 2944 tantum
397 2908 585 2950 testantur,
615 2912 783 2955 quantum
808 2919 877 2944 non
903 2909 1093 2955 sperabam,
1119 2909 1166 2944 sit
1191 2909 1266 2946 Deo
1290 2909 1432 2960 gratia„
1468 2909 1592 2955 Igitur,
1620 2910 1665 2946 mi
1691 2910 1754 2946 Al-
