1830 3147
1582 59 1628 92 25

82 173 209 211 omnia
237 173 327 210 haec
355 172 569 223 permittere
596 173 634 217 (δ
666 170 722 218 3²²)
753 168 914 213 volebat,
951 182 1016 205 cur
1043 182 1101 205 me
1128 168 1260 206 saltem
1293 181 1414 219 neque
1432 168 1628 206 turbarum

82 252 203 290 neque
230 236 548 288 blasphemiarum
576 235 751 280 ullarum,
780 233 859 271 sive
886 233 1007 270 solum
1037 233 1227 284 privatim,
1254 233 1331 271 sive
1358 246 1423 284 per
1443 245 1530 270 suos
1546 237 1627 270 tum

83 303 245 353 collegas
274 301 499 339 admonuit?
529 313 612 338 cnm
633 298 777 350 alioqui
804 298 852 336 de
878 298 1134 335 controversis
1162 298 1246 336 aliis
1277 298 1520 348 dogmatibus
1549 311 1627 335 me-

82 382 180 416 cum,
215 368 316 405 solus
354 379 437 403 cum
475 365 569 410 solo,
602 367 638 402 et
675 376 739 401 suo
775 362 894 414 ipsius
931 367 967 400 et
1005 362 1165 399 aliorum
1194 363 1305 400 etiam
1334 362 1486 400 nomine
1515 362 1628 400 semel

81 438 192 484 atque
225 433 362 470 iterum
394 431 600 469 tractaret?
637 429 758 466 Erant
791 427 850 465 illi
885 427 1179 465 dissimulandae
1217 427 1360 465 scilicet
1398 427 1629 465 execrandae

81 499 166 541 illae
208 502 245 536 et
289 511 335 535 ne
363 511 384 534 a
414 496 640 544 Magistratu
666 493 817 545 quidem
846 493 1021 531 ferendae
1049 492 1317 543 blasphemiae,
1354 493 1391 531 et
1427 492 1628 530 deferenda

81 567 188 601 erant
223 562 407 599 amicitiae
443 560 562 598 officia
609 559 798 596 Ecclesiae
837 558 1118 609 perturbatori?
1174 558 1282 595 Certe
1309 557 1401 596 adeo
1430 557 1524 595 mihi
1550 570 1624 595 non

84 627 187 665 dedit
223 627 336 664 ullam
370 625 524 663 omnino
561 629 641 662 tum
676 623 790 661 ullius
828 623 938 674 plane
975 621 1191 659 offensionis
1229 622 1558 671 significationem,
1586 625 1627 660 ut

83 691 177 730 mihi
203 692 368 729 faustum
396 703 439 728 ac
467 689 559 727 felix
587 689 626 726 in
656 688 835 738 Angliam
863 688 934 726 iter
961 700 1084 725 meum
1112 690 1286 738 precatus
1315 687 1363 725 sit
1392 700 1477 725 cum
1493 700 1631 736 magna

81 756 268 795 amicitiae
304 755 580 798 testificatione,
617 767 730 806 quam
769 753 800 791 si
837 753 1053 797 simulabat,
1087 766 1148 790 me
1184 752 1338 803 quidem
1366 753 1477 790 facile
1505 753 1631 803 potuit

82 821 222 866 fallere,
250 821 314 872 qui
341 820 387 858 de
414 820 500 858 talis
529 819 694 857 Pastoris
732 817 925 869 hypocrisi
960 817 1057 855 nihil
1084 817 1258 855 volebam
1286 817 1482 869 suspicari.
1519 817 1630 855 Dicet

83 901 121 926 se
148 891 373 938 expectasse,
401 890 441 924 ut
467 898 536 935 ego
564 885 716 922 initium
744 883 899 935 aliquod
926 883 1191 934 disputationis
1220 882 1266 921 de
1291 897 1332 921 re
1360 884 1623 920 Sacramenta-

82 953 138 990 ria
173 952 357 990 fecissem.
412 951 495 999 Ego
534 963 621 987 vero
657 949 696 986 id
726 949 918 994 cavebam,
945 961 993 986 ne
1020 948 1095 985 dici
1122 960 1271 999 possem
1300 947 1463 985 voluisse
1492 947 1625 984 turbas

82 1017 225 1067 aliquas
253 1015 427 1057 excitare,
455 1015 489 1052 si
526 1027 717 1066 quamiea
755 1013 800 1051 de
826 1027 866 1051 re
894 1012 1185 1064 disputationem
1213 1025 1370 1050 exorsus
1399 1012 1568 1057 fuissem,
1597 1016 1633 1049 et

83 1082 252 1133 ipsorum
286 1084 411 1132 partes
446 1093 526 1118 esse
570 1079 697 1130 potius
732 1078 960 1125 iudicabam,
995 1077 1175 1124 indicare,
1205 1078 1236 1115 si
1264 1077 1355 1128 quid
1383 1077 1567 1115 eiusmodi
1594 1077 1635 1114 iu

84 1146 257 1185 doctrina
292 1159 373 1184 mea
410 1145 756 1197 deprehendissent,
792 1144 894 1195 quod
933 1144 1180 1194 Magistratus
1218 1146 1365 1194 sceptro
1394 1142 1635 1180 refutandum

86 1225 167 1249 esse
201 1214 408 1249 censerent.
464 1210 635 1259 Rogatus
671 1213 799 1247 tamen
827 1209 874 1247 ab
911 1222 954 1247 eo
984 1209 1117 1255 amico,
1145 1208 1251 1245 cuius
1279 1212 1390 1245 antea
1416 1208 1529 1259 paulo
1557 1221 1635 1245 me-

84 1275 189 1322 mini,
214 1289 334 1313 meam
363 1275 588 1313 sententiam
615 1277 656 1323 (2
685 1271 747 1322 3¹³)
773 1274 814 1311 in
842 1273 982 1325 scripto
1004 1273 1061 1310 illi
1088 1272 1241 1316 tradidi,
1269 1273 1369 1311 facta
1397 1273 1430 1310 ci
1452 1277 1638 1324 potestate

84 1341 159 1379 iam
193 1340 397 1379 exhibendi
445 1340 589 1391 scripti,
626 1339 764 1390 quibus
800 1339 858 1376 illi
885 1339 1009 1384 vellet,
1035 1338 1149 1377 etiam
1177 1338 1360 1376 ministris
1387 1339 1493 1390 ipsis,
1519 1339 1633 1376 modo

86 1420 133 1444 ne
159 1410 288 1458 postea
315 1419 357 1443 eo
387 1405 539 1443 nomine
566 1405 761 1443 turbarum
790 1417 998 1443 accusarer.
1053 1405 1094 1442 Si
1121 1409 1246 1442 tamen
1273 1404 1354 1454 ipse
1381 1409 1530 1455 putaret
1559 1417 1636 1442 non

84 1472 274 1521 ingratum
307 1470 346 1508 id
383 1470 565 1508 ministris
602 1471 696 1515 fore,
730 1475 769 1507 ut
805 1470 971 1520 aliquam
1005 1482 1151 1507 mecum
1188 1469 1306 1507 amice
1333 1474 1370 1507 et
1400 1469 1480 1507 sine
1509 1469 1631 1507 turbis

88 1535 327 1586 colloquendi
372 1535 607 1572 occasionem
653 1534 790 1572 habere
835 1540 1001 1585 possent,
1045 1534 1204 1571 arbitrio
1241 1534 1358 1584 ipsius
1393 1534 1556 1585 permisi,
1593 1538 1634 1573 ut

87 1600 268 1651 scriptum
294 1600 388 1637 illud
419 1613 542 1637 meum
569 1599 752 1637 ministris
783 1599 895 1637 simul
922 1599 1102 1636 omnibus
1130 1599 1339 1638 exhiberet.

137 1667 264 1717 Atque
289 1666 469 1703 affirmare
497 1665 646 1716 quidem
675 1665 763 1702 nolo
794 1667 890 1713 (non
918 1664 1019 1702 enim
1047 1665 1137 1702 satis
1166 1664 1351 1712 memini),
1380 1664 1444 1702 scd
1466 1665 1560 1702 mihi
1579 1669 1636 1703 ta-

87 1744 173 1769 men
209 1744 254 1769 ex
288 1731 408 1768 amico
445 1731 511 1768 illo
550 1730 698 1768 audisse
734 1730 878 1775 videor,
917 1730 1100 1781 scriptum
1126 1729 1222 1767 illud
1249 1743 1372 1767 meum
1403 1730 1632 1781 quibusdam

86 1797 217 1834 saltem
255 1797 438 1834 ministris
476 1796 685 1834 exhibitum
721 1796 849 1841 fuisse,
885 1795 1028 1846 alioqui
1065 1795 1109 1833 de
1145 1795 1219 1833 fide
1256 1796 1367 1833 amici
1404 1796 1507 1834 illius
1536 1797 1632 1834 nihil

88 1863 234 1908 dubito,
271 1862 418 1900 etiamsi
455 1876 475 1899 a
504 1866 634 1900 nostra
661 1861 834 1900 doctrina
863 1861 1073 1907 dissentiat,
1101 1861 1193 1912 quin
1221 1875 1299 1899 rem
1329 1875 1492 1907 omnem,
1518 1869 1561 1899 ut
1589 1876 1627 1900 se

88 1929 231 1975 habuit,
258 1928 306 1966 sit
334 1941 409 1965 non
437 1928 621 1977 gravatim
649 1940 716 1978 pro
746 1940 813 1965 suo
843 1927 1006 1965 candore
1033 1927 1085 1975 (si
1111 1940 1170 1965 res
1197 1927 1250 1965 ita
1268 1928 1450 1978 postulet)
1471 1932 1625 1966 attesta-

86 1999 206 2034 turus.
259 1994 376 2031 Porro
415 1994 445 2031 si
479 1996 563 2031 tum
599 2006 719 2044 neque
753 1993 962 2038 turbarum,
997 2006 1118 2044 neque
1154 1993 1340 2030 eiusmodi
1376 1994 1488 2031 ullius
1517 1994 1632 2031 etiam

90 2060 342 2111 blasphemiae
379 2073 464 2097 reus
494 2059 662 2104 videbar,
690 2059 788 2097 unde
814 2059 904 2103 iam,
929 2071 1081 2110 quaeso,
1109 2062 1145 2096 et
1173 2059 1372 2097 turbarum
1399 2063 1436 2097 et
1455 2073 1634 2097 execran-

90 2127 159 2164 dae
195 2125 447 2176 blasphemiae
483 2126 667 2162 accusor}>
721 2124 795 2162 Sed
831 2125 896 2169 ait,
922 2137 992 2162 nos
1019 2124 1060 2161 in
1087 2128 1220 2162 nostro
1248 2138 1292 2162 ex
1321 2125 1461 2174 Anglia
1489 2125 1635 2175 pridem

90 2191 196 2228 abitu
241 2189 403 2227 voluisse
440 2189 646 2227 Saxonicas
684 2189 874 2227 Ecclesias
910 2189 1140 2240 perturbare,
1178 2194 1215 2227 et
1249 2190 1288 2226 in
1317 2202 1399 2226 meo
1428 2190 1473 2227 de
1503 2192 1635 2228 Sacra-

89 2254 227 2293 mentis
254 2254 382 2292 libello
419 2254 604 2292 eiusmodi
641 2253 892 2305 blasphemias
919 2254 1087 2304 requirit,
1114 2267 1209 2304 quae
1238 2254 1524 2304 haudquaquam
1546 2256 1636 2292 ferri

90 2321 250 2359 debeant
286 2334 307 2357 a
345 2319 560 2357 Christiano
591 2319 831 2368 Magistratu.
885 2318 968 2367 Ego
997 2331 1085 2356 vero
1113 2318 1154 2356 in
1183 2319 1326 2356 Catone
1352 2320 1426 2356 isto
1456 2319 1494 2357 et
1522 2320 1634 2357 fidem

88 2386 180 2424 boni
217 2385 288 2423 vin'
326 2385 490 2436 requi-(3
519 2386 662 2432 4³)1·ere
699 2383 737 2421 et
773 2383 972 2432 indignam
1000 2382 1152 2420 homine
1182 2383 1410 2428 Christiano,
1439 2398 1485 2421 ne
1514 2384 1633 2421 (licam

90 2451 244 2488 Pastore
273 2449 551 2493 Ecclesiastico,
580 2448 806 2486 calumniam
833 2460 1010 2485 accusare
1039 2460 1166 2497 cogor.
1223 2448 1412 2499 Quodque
1440 2448 1486 2486 ad
1517 2450 1634 2486 Saxo-

90 2515 193 2552 nicas
229 2515 390 2565 primum
427 2513 617 2551 Ecclesias
654 2513 799 2558 attinet,
825 2517 974 2551 tantum
1003 2526 1091 2550 sane
1118 2513 1237 2556 abest,
1262 2518 1305 2551 ut
1331 2513 1416 2551 illas
1442 2514 1482 2551 in
1504 2520 1633 2552 nostro

91 2580 163 2617 hoc
200 2592 245 2617 ex
281 2579 421 2629 Anglia
463 2579 568 2616 abitu
604 2577 823 2629 perturbare
859 2577 1087 2614 voluerimus
1125 2578 1407 2628 quoquomodO,
1446 2582 1559 2616 utne
1589 2579 1633 2615 de

91 2644 257 2683 visendis
278 2645 428 2695 quidem
449 2645 525 2682 illis
545 2643 749 2695 quidquam
773 2643 1022 2692 cogitaremus
1044 2643 1220 2690 o1nnin0;
1242 2643 1318 2684 sed,
1339 2643 1382 2681 de
1401 2644 1637 2681 Serenissimi

91 2709 235 2747 Daniae
270 2709 385 2758 Regis
420 2710 558 2760 pietate
594 2708 739 2753 confisi,
777 2708 881 2746 sedes
910 2707 1007 2759 apud
1036 2707 1143 2744 illum
1178 2721 1246 2759 pro
1285 2708 1423 2745 nostris
1451 2708 1633 2745 Ecclesiis

91 2774 138 2811 ob
174 2777 358 2811 mutatam
383 2774 424 2811 in
453 2773 591 2823 Anglia
620 2773 841 2822 religionem
878 2772 1160 2824 quaerebamus,
1195 2785 1388 2823 nunquam
1416 2772 1557 2823 alioqui
1585 2772 1631 2810 ad

91 2839 296 2877 Saxonicas
326 2839 470 2877 venturi
494 2839 701 2885 Ecclesias,
730 2839 772 2885 si,
800 2852 894 2890 quae
921 2838 1151 2891 petebamus,
1180 2838 1377 2890 impetrare
1406 2852 1425 2875 a
1446 2838 1546 2887 Rege
1569 2838 1632 2874 illo
