1830 3147
147 97 221 135 104

151 208 264 247 etiam
301 209 474 247 Seniores
510 221 554 247 ac
589 198 794 257 Diaconos,
818 210 922 249 iuxta
951 211 1102 250 ordines
1129 212 1310 265 ipsorum,
1337 217 1401 253 aut
1428 215 1551 266 plures
1579 217 1690 256 etiam

155 273 317 312 delectos
353 274 399 312 ad
436 273 473 311 id
512 273 612 311 viros
649 274 833 326 quosdam
869 289 1001 326 graves
1038 280 1074 315 et
1110 277 1193 329 pios
1229 291 1274 317 ex
1320 279 1465 331 reliquo
1501 280 1691 320 Ecclesiae

153 342 274 378 coetu.
329 341 454 390 Atque
490 339 581 377 haec
613 340 700 378 talis
735 341 956 393 Prophetiae
992 342 1088 381 ratio
1123 343 1164 381 in
1200 343 1397 383 Gallorum
1425 345 1592 385 Ecclesia
1619 347 1688 385 ob-

151 408 320 442 servatur
345 404 477 454 lingua
504 405 650 455 vulgari
678 405 859 458 ipsorum,
888 406 934 445 ad
964 407 1064 445 hunc
1091 407 1256 448 modum.

206 534 271 574 De
299 534 437 574 modo
466 548 548 574 seu
576 535 672 576 ritu
700 537 1000 589 Prophetiae
1026 538 1072 576 in
1101 538 1336 579 Ecclesia
1365 540 1634 582 Gallorum.

201 666 293 704 Cum
322 669 359 704 et
384 666 425 704 in
453 666 729 705 Germanorum
756 667 927 706 Ecclesia
955 667 1065 706 multi
1093 668 1180 715 sint,
1207 669 1273 720 qui
1301 670 1445 709 Gallice
1472 671 1690 723 loquantur,

149 733 184 768 et
220 730 260 767 in
298 730 444 769 Gallica
473 731 562 769 item
590 732 758 770 Ecclesia
786 732 906 779 multi,
934 732 1000 784 qui
1028 733 1291 772 Germanicam
1318 735 1487 785 linguam
1516 736 1571 774 sic
1589 726 1688 775 ‘s'atis

147 795 287 839 norint,
322 795 414 833 utile
441 796 480 833 id
517 797 598 834 fore
625 797 933 844 existimavimus,
962 802 1002 836 ut
1029 798 1113 835 aliis
1141 799 1296 837 omnino
1325 800 1456 839 diebus
1484 801 1687 853 Prophetia

147 859 245 911 apud
282 859 412 898 Gallos
440 860 479 899 in
508 861 753 909 hebdomade,
781 876 892 914 quam
921 864 1033 912 (113)
1061 863 1158 914 apud
1190 863 1398 902 Germanos
1414 865 1689 914 observaretur,

145 928 186 961 ut
223 924 394 963 videlicet
430 925 467 963 et
505 926 606 964 Galli
643 927 707 978 qui
746 927 882 965 vellent
929 928 1174 966 Germanicae
1213 928 1250 966 et
1297 929 1476 967 Germani
1520 929 1686 969 vicissim

148 988 314 1027 Gallicae
340 989 562 1042 Prophetiae
591 992 823 1030 commodius
848 992 1027 1030 interesse
1053 997 1220 1043 possent.
1262 995 1388 1045 Atque
1414 994 1480 1039 ita,
1507 995 1686 1046 quoniam

144 1051 184 1090 in
222 1053 496 1093 Germanorum
533 1055 703 1094 Ecclesia
739 1056 871 1094 diebus
898 1057 1001 1095 Iovis
1031 1057 1240 1108 prophetia,
1266 1062 1308 1096 ut
1345 1058 1486 1097 dictum
1524 1064 1591 1106 est,
1619 1059 1687 1098 ha-

145 1117 224 1156 beri
251 1119 357 1163 solet,
387 1114 554 1159 Gallicae
580 1121 803 1172 Prophetiae
830 1121 909 1160 dies
938 1122 1073 1160 Martis
1102 1123 1310 1161 destinatus
1338 1128 1406 1163 est.

194 1183 328 1222 Visum
364 1189 418 1223 est
445 1185 557 1224 etiam
583 1187 674 1225 utile
701 1187 781 1225 fore
807 1188 956 1239 utrique
985 1188 1186 1234 Ecclesiae,
1215 1192 1254 1227 ut
1283 1189 1442 1228 varietas
1470 1189 1562 1229 haec
1589 1192 1683 1230 Pro-

142 1247 291 1299 phetiae
325 1249 377 1287 ita
411 1250 451 1288 in
483 1250 560 1288 illis
596 1251 830 1291 retineretur.
885 1253 940 1290 Ut
967 1253 1067 1290 enim
1096 1253 1289 1291 doctrinae
1316 1267 1382 1305 per
1410 1254 1684 1296 hebdomadem

141 1313 300 1352 traditae
327 1315 554 1353 examinatio
584 1320 698 1368 atque
725 1317 949 1369 approbatio
979 1317 1043 1366 (de
1071 1332 1142 1369 qua
1170 1318 1243 1356 iam
1274 1319 1455 1368 diximus)
1481 1321 1685 1372 plurimum

141 1377 285 1416 fructus
313 1378 425 1417 habet
450 1379 490 1417 in
519 1379 699 1427 Ecclesia,
725 1381 776 1419 ita
804 1381 885 1420 fieri
912 1382 1023 1420 etiam
1051 1396 1128 1420 non
1145 1387 1278 1434 potest,
1303 1384 1392 1435 quin
1414 1382 1578 1423 maximo
1599 1399 1683 1424 cum

143 1443 268 1481 fructu
311 1444 514 1496 scripturae
560 1449 782 1493 tractentur,
819 1446 850 1484 si
886 1447 932 1484 ad
972 1447 1153 1499 cuiusque
1188 1448 1362 1486 lectionis
1397 1450 1685 1500 explicationem

143 1508 282 1546 multae
307 1510 511 1548 multorum
538 1510 878 1562 interpretationes,
905 1512 1003 1550 inter
1032 1525 1110 1550 sese
1126 1512 1373 1551 nihilominus
1395 1515 1686 1562 consentientes,

142 1577 254 1625 atque
288 1573 377 1612 inde
405 1575 586 1614 deductae
613 1577 670 1614 vel
698 1577 981 1615 exhortationes
1010 1578 1067 1615 vel
1109 1579 1388 1617 consolationes
1416 1579 1681 1621 adhibeantur.

146 1637 348 1677 Manifesta
374 1640 474 1677 enim
509 1641 738 1692 conspicitur
767 1642 958 1693 opulentia
988 1642 1364 1694 donorumSpiritus
1393 1644 1513 1692 sancti
1540 1645 1579 1683 in
1609 1645 1684 1684 Ec-

144 1702 255 1740 clesia
290 1703 331 1741 in
368 1705 547 1742 concordi
582 1706 786 1744 multarum
822 1706 1175 1758 interpretationum
1207 1707 1306 1745 circa
1333 1721 1449 1746 unum
1477 1709 1682 1760 quemlibet

143 1769 350 1820 scripturae
384 1770 511 1809 locum
544 1771 722 1822 valssetate
757 1777 794 1810 et
829 1761 1138 1811 exhortationum
1168 1773 1280 1811 simul
1309 1787 1351 1811 ao
1379 1775 1682 1813 consolationum

142 1834 344 1873 multarum
379 1835 469 1874 inde
504 1837 704 1887 petitarum
741 1837 1104 1876 accommodatione.
1157 1838 1303 1877 Deinde
1339 1843 1499 1877 estnon
1529 1841 1681 1889 vulgare

141 1898 357 1937 exercitium
388 1899 459 1938 hoc
486 1900 526 1939 in
554 1901 737 1948 Ecclesia,
764 1914 838 1953 quo
866 1903 922 1948 fit,
947 1906 990 1939 ut
1019 1902 1126 1940 multi
1155 1916 1298 1954 semper
1324 1908 1542 1941 assuescant
1561 1904 1680 1955 scrip·

142 1966 312 2001 turarum
355 1965 744 2015 expli·(ll4·)cationi‚
781 1966 834 2004 sic
870 1970 911 2005 ut
948 1980 1142 2020 nunquam
1179 1967 1255 2005 sint
1292 1968 1396 2005 verbi
1440 1967 1607 2006 Ministri
1641 1969 1681 2007 in

141 2027 312 2066 Ecclesia
348 2029 523 2069 defuturi.
578 2031 771 2069 Postremo
806 2031 976 2070 Ecclesia
1011 2035 1093 2070 tota
1130 2032 1169 2070 in
1205 2032 1278 2070 fide
1306 2032 1513 2084 scripturae
1542 2035 1679 2071 confir-

143 2097 277 2140 matur,
314 2107 422 2145 quam
462 2108 483 2132 a
519 2099 577 2133 tot
613 2095 725 2133 simul
759 2095 849 2133 viris
885 2100 963 2134 tam
999 2096 1100 2134 varie
1134 2100 1286 2148 tamque
1330 2097 1484 2135 interim
1521 2111 1681 2137 consen-

142 2156 277 2196 tienter
303 2158 481 2210 explicari
508 2159 626 2199 audit.

194 2222 361 2273 Singulis
396 2223 512 2274 igitur
547 2224 678 2263 diebus
717 2225 853 2263 Martis
891 2225 930 2263 in
969 2225 1205 2264 hebdomade
1232 2226 1271 2264 in
1312 2227 1453 2278 templo
1483 2227 1679 2267 Gallorum

141 2292 226 2337 post
271 2287 484 2327 absolutam
527 2289 719 2340 publicam
766 2290 985 2328 concionem
1031 2294 1068 2328 et
1100 2304 1228 2342 preces
1264 2291 1457 2329 Ecclesiae
1494 2292 1678 2343 publicas,

140 2349 356 2401 priusquam
397 2352 567 2391 Psalmus
612 2358 800 2392 extremus
838 2355 1067 2400 decantetur,
1104 2355 1302 2394 consident
1340 2355 1472 2394 ordine
1506 2356 1547 2394 in
1586 2369 1677 2394 con-

140 2419 268 2465 spectu
301 2417 419 2455 totius
453 2418 643 2456 Ecclesiae
679 2419 783 2457 verbi
822 2419 989 2457 Ministri
1024 2424 1059 2458 et
1087 2421 1261 2458 Seniores
1290 2420 1367 2458 eius
1395 2420 1599 2466 Ecclesiae,
1626 2421 1678 2459 si·

141 2479 292 2530 mulque
319 2481 427 2519 etiam
455 2482 522 2529 illi,
550 2483 616 2534 qui
642 2497 687 2521 ex
714 2484 858 2535 reliquo
887 2484 1078 2522 Ecclesiae
1106 2487 1214 2522 coetu
1242 2484 1288 2522 ad
1310 2484 1349 2522 id
1369 2484 1554 2534 designati
1576 2490 1677 2525 sunt.

142 2545 265 2595 Atque
306 2558 401 2584 unus
443 2547 579 2599 aliquis
616 2562 662 2586 ex
700 2548 889 2586 Ministris
938 2549 1204 2588 Senioribusve
1248 2553 1312 2587 aut
1360 2549 1565 2598 designatis
1605 2550 1681 2588 illis

139 2609 222 2647 aliis
258 2610 360 2648 iuxta
400 2624 487 2649 suas
515 2612 613 2651 vices
642 2618 790 2665 sumpto
819 2626 863 2654 eo
891 2613 1003 2658 libro,
1030 2614 1095 2665 qui
1122 2614 1169 2652 ad
1197 2627 1280 2652 eum
1309 2613 1463 2651 modum
1489 2627 1555 2664 per
1582 2615 1676 2652 Pro-

136 2674 300 2725 phetiam
339 2676 517 2726 explicari
554 2677 688 2728 coepit,
721 2677 962 2728 prosequitur
998 2677 1077 2715 eius
1113 2677 1314 2715 lectionem
1328 2666 1409 2714 *suo
1439 2677 1583 2722 ordine,
1612 2677 1674 2716 ubi

136 2739 176 2776 in
211 2739 335 2791 priore
371 2740 570 2791 Prophetia
607 2746 789 2780 cessatum
827 2742 958 2789 fuerat,
985 2755 1027 2779 ac
1056 2742 1203 2780 demum
1239 2740 1526 2792 explicationem
1554 2743 1676 2781 textui

135 2804 241 2842 addit
275 2818 342 2856 pro
379 2804 469 2842 doni
503 2805 561 2843 sui
596 2818 771 2844 mensura
807 2810 844 2844 et
881 2806 1056 2844 admonet
1094 2806 1304 2844 Ecclesiam
1331 2818 1473 2852 eorum,
1500 2819 1594 2856 quae
1620 2805 1677 2844 illi

134 2869 174 2907 in
210 2870 395 2920 praelecto
423 2873 526 2907 textu
563 2869 827 2909 observatione
864 2871 977 2920 digna
1004 2884 1084 2908 esse
1112 2871 1297 2908 videntur.
1352 2869 1455 2908 Huic
1483 2883 1581 2916 vero,
1607 2870 1675 2908 ubi

135 2933 282 2972 dicendi
321 2935 433 2972 finem
470 2934 571 2979 fecit,
607 2934 773 2973 succedit
809 2934 904 2972 alius
941 2936 1111 2985 proxime
1149 2934 1319 2972 assidens
1356 2938 1391 2972 et
1431 2934 1478 2972 ad
1507 2934 1672 2973 eiusdem
