1830 3147
160 98 225 146 [A.
251 97 296 134 D.
325 98 435 145 1553]
902 96 969 132 688

158 207 301 243 alterius
323 206 460 255 peccati
486 205 624 242 nomine
649 204 857 253 dignitatem
882 205 1173 241 existimationem
1201 208 1306 253 atquc
1332 205 1480 252 gratiam
1511 206 1604 253 apud
1630 219 1702 243 om·

156 280 216 304 nes
244 273 338 304 tuam
365 267 492 303 elevari
517 265 773 314 quoquomod0‚
808 278 852 301 ne
889 266 1000 302 dicam
1026 265 1229 302 labefactari
1254 266 1368 303 velim.
1411 266 1488 302 Imo
1513 279 1596 303 vero
1621 279 1700 315 gra-

154 330 224 365 ·tias
258 341 324 376 ago
358 329 510 364 Domino
546 328 619 363 Deo
655 331 787 369 nostro,
815 326 908 375 quod
937 329 970 363 te
996 327 1099 363 talem
1128 328 1261 373 Regem
1289 325 1396 374 (quod
1421 327 1465 363 ad
1492 332 1525 363 te
1560 327 1701 375 quidem

157 388 300 430 attinet)
337 400 420 423 suae
454 387 631 423 Ecclesiae
656 386 784 422 nostris
810 386 902 422 hisce
928 386 1144 433 temporibus
1169 385 1360 427 donaverit,
1384 389 1420 422 ct
1445 391 1542 433 opto,
1569 389 1607 422 ut
1632 387 1702 423 alia

158 460 295 496 qnoque
321 447 412 483 orbis
438 447 628 483 Christiani
654 458 759 494 regna
787 444 926 494 perinde
951 449 1108 482 amantes
1134 445 1311 492 religionis
1346 458 1387 483 ac
1419 445 1578 493 publicae
1605 450 1702 483 tran·

159 510 343 559 qnillitatis
370 510 487 557 Reges
513 508 632 545 divino
657 508 823 544 beneficio
849 507 974 544 habere
1000 509 1145 555 possint.

208 572 274 608 Sed
313 571 604 620 quemadmodum
643 584 753 607 unum
787 574 850 606 ant
882 571 1028 606 alterum
1057 572 1236 617 peccatum
1263 583 1330 606 non
1356 570 1472 611 efficit,
1495 582 1564 618 quo
1589 571 1702 607 minus

158 634 273 670 sancti
298 633 435 669 interim
463 636 499 669 et
525 633 595 669 sint
623 638 657 668 et
685 632 877 668 habeantur
902 631 1083 678 Principes
1109 631 1173 677 ipsi
1199 644 1363 680 suamque
1391 631 1613 667 nihilominus
1642 645 1702 668 au-

158 697 333 732 toritatem
360 699 465 742 atque
491 694 783 730 existimationem
811 693 902 740 apud
930 693 1003 739 pios
1030 705 1151 728 omnes
1177 693 1359 734 retineant.
1374 693 1403 729 si
1417 693 1519 729 modo
1534 694 1699 740 pietatem

159 770 255 794 suam
294 757 515 804 studiumque
554 768 635 802 erga
661 756 860 802 religionem
888 755 969 790 alibi
997 767 1112 790 rursus
1137 758 1352 791 attestentur
1375 759 1411 791 et
1435 755 1627 797 declarent,
1653 756 1701 791 ita

159 819 276 858 etiam,
305 818 497 865 quamlibet
523 821 680 864 spectata
706 817 854 863 ipsorum
883 815 1037 862 probitas
1063 817 1194 853 efficere
1220 816 1347 864 alioqui
1372 830 1441 852 non
1469 820 1598 864 potest,
1620 830 1703 865 quo-

160 880 274 916 minus
302 891 463 926 peceassc
489 877 660 920 dicantur,
686 878 713 914 si
739 878 876 925 quando
902 881 1023 913 eontra
1051 877 1161 913 Deum
1189 878 1318 924 aliquid
1350 877 1493 925 eiusque
1511 877 1702 914 Ecclesiam

159 942 396 977 committunt.
423 940 470 975 Et
495 951 571 975 cum
600 942 700 975 tanto
725 939 794 974 sint
814 939 950 975 maioris
966 938 1165 974 offendiculi
1182 944 1323 986 peecata
1342 939 1412 974 sere
1427 938 1553 979 omnia,
1571 942 1704 986 quanto

161 1002 231 1038 sint
259 1001 386 1037 maiore
412 1000 488 1036 loco
514 1002 573 1049 qui
601 1000 659 1036 illa
685 1000 942 1042 commiserunt,
970 1003 1069 1035 tanto
1094 1000 1250 1048 equidem
1279 1001 1390 1036 minus
1416 1005 1499 1036 sunt
1515 1001 1618 1037 etiam
1636 1001 1705 1037 dis-

160 1062 365 1104 simulanda,
403 1063 443 1098 iis
480 1063 678 1109 praesertim
717 1074 777 1108 per
813 1074 901 1110 quos
939 1066 1077 1109 peccata
1117 1062 1270 1098 omnium
1310 1061 1476 1097 mandato
1502 1061 1570 1097 Dei
1596 1061 1707 1109 ipsius

161 1124 363 1161 annunciari
395 1123 536 1159 debent.
605 1123 646 1159 In
683 1135 827 1171 quorum
863 1134 945 1158 sane
982 1134 1125 1158 numero
1165 1135 1243 1160 cum
1282 1127 1318 1158 et
1357 1135 1422 1170 ego
1464 1134 1568 1169 supra
1605 1135 1706 1158 omne

162 1187 321 1223 meritum
364 1185 637 1232 dignitatemque
675 1196 797 1227 meam,
839 1184 899 1220 sed
944 1184 1071 1220 Divina
1106 1184 1244 1220 interim
1278 1184 1495 1220 ordinatione
1540 1184 1707 1220 constitu-

161 1250 236 1282 tum
276 1259 328 1282 me
366 1258 441 1281 esse
474 1245 619 1287 videam,
656 1245 748 1292 quod
782 1245 920 1292 quidem
958 1244 1001 1280 ad
1033 1245 1248 1282 concreditas
1290 1244 1372 1281 mihi
1407 1244 1582 1281 Ecclesias
1614 1257 1705 1280 meas

167 1308 307 1348 attinet,
355 1310 464 1353 tuque
507 1306 588 1341 mihi
633 1305 802 1341 adversus
841 1305 915 1341 illas
960 1306 1180 1353 peculiariter
1214 1317 1374 1353 peccasse
1410 1305 1568 1347 videaris
1607 1305 1708 1341 facile

164 1367 358 1414 intelligere
406 1369 513 1414 potes,
553 1365 751 1413 intelligent
798 1370 833 1401 et
881 1366 926 1413 pii
965 1378 1095 1407 omnes,
1137 1378 1188 1401 me
1230 1378 1271 1402 ex
1317 1366 1428 1402 officio
1466 1378 1541 1402 meo
1580 1367 1707 1408 faeere,

163 1427 257 1476 quod
295 1433 330 1464 te
370 1428 504 1475 peccati
543 1428 594 1463 tui
636 1428 850 1468 admoneam,
887 1447 934 1453 —
970 1432 1006 1463 et
1044 1427 1095 1462 tui
1129 1416 1280 1464 ‘vicissim
1319 1427 1421 1463 officii
1456 1439 1540 1468 esse,
1582 1430 1620 1462 ut
1655 1439 1708 1462 me

165 1490 313 1536 benigne
346 1501 386 1526 ac
419 1489 608 1525 clementer
646 1488 778 1530 audias,
812 1501 881 1524 non
906 1491 1022 1523 autem
1048 1488 1308 1530 commovearis,
1345 1487 1513 1534 siquidem
1540 1487 1603 1523 tibi
1629 1499 1706 1535 pec·
1731 1488 1735 1492 '

165 1554 282 1585 catum
310 1553 419 1589 tunm,
446 1561 516 1584 non
540 1560 622 1584 sane
648 1560 690 1583 ex
715 1560 792 1583 meo
816 1548 925 1595 ipsius
960 1547 1112 1588 cerebro,
1149 1547 1207 1583 sed
1236 1560 1254 1583 e
1280 1547 1376 1583 verbi
1404 1547 1523 1583 Divini
1548 1547 1706 1583 fontibus

169 1614 500 1647 commonstravero.
550 1609 854 1648 Quemadmodum
895 1609 978 1645 olim
1018 1609 1225 1645 sanctissimi
1268 1609 1398 1655 alioqui
1438 1609 1565 1657 Reges,
1605 1609 1709 1644 etiam

165 1672 208 1708 de
244 1673 392 1719 pcccatis
437 1671 616 1712 admoniti,
661 1671 747 1707 adeo
790 1683 873 1707 sane
907 1671 1165 1718 ’aequanimiter
1207 1671 1363 1706 tulerunt
1401 1670 1635 1706 ministrorum
1673 1671 1708 1705 in

168 1734 323 1770 Ecclesia
374 1733 638 1775 admonitiones,
686 1738 726 1768 ut
769 1733 847 1768 illos
889 1737 926 1768 et
969 1733 1118 1768 cariores
1170 1731 1281 1768 multo
1325 1731 1486 1778 deinceps
1526 1731 1710 1767 habuerint

168 1799 204 1830 et
248 1793 407 1841 precibus
450 1806 567 1830 eornm
611 1806 686 1829 sese
730 1793 874 1840 insuper
915 1792 1202 1829 commendarint·
1261 1792 1452 1828 Ostendam
1489 1790 1552 1827 tibi
1595 1791 1710 1839 igitur,

168 1856 247 1892 Rex
288 1854 532 1890 Serenissime!
576 1857 759 1901 peccatum
795 1857 893 1890 tuum
931 1867 972 1890 ex
1006 1853 1111 1890 verbo
1144 1853 1224 1894 Dei,
1257 1852 1404 1888 utillud
1440 1862 1609 1899 agnoscas
1656 1851 1712 1887 cul

169 1929 315 1965 pamque
359 1916 465 1957 illius,
502 1929 571 1951 non
607 1915 699 1962 apud
739 1915 917 1957 mundum,
956 1915 1018 1951 sed
1052 1914 1145 1962 apud
1184 1914 1368 1950 Dominum
1397 1914 1509 1949 Deum
1536 1913 1570 1949 in
1606 1913 1710 1949 corde

169 1982 232 2014 tuo
256 1977 460 2025 depreceris.
489 1977 570 2013 Duo
594 1983 677 2013 sunt
702 1981 831 2018 autem,
862 1977 895 2012 in
928 1976 1054 2024 quibus
1092 1976 1172 2011 mihi
1211 1975 1362 2022 graviter
1389 1986 1548 2022 peccasse
1575 1975 1713 2010 videris.

170 2038 335 2081 Primum,
371 2037 464 2085 quod
504 2051 571 2074 non
612 2050 720 2073 meam
760 2037 886 2076 solum,
911 2037 972 2073 sed
1006 2037 1212 2074 catholicam
1239 2037 1339 2084 plane
1366 2036 1492 2072 Christi
1520 2035 1709 2072 Ecclesiam

169 2112 289 2148 passus
326 2101 373 2135 sis
404 2099 497 2146 apud
534 2104 567 2135 te
611 2099 827 2146 iniquissimo
861 2111 942 2135 sane
987 2098 1209 2146 praeiudicio.
1244 2109 1356 2145 neque
1381 2097 1521 2133 aliunde
1546 2108 1648 2144 quam
1672 2109 1714 2133 ex

170 2161 355 2197 calumniis
383 2165 418 2196 et
443 2160 564 2196 sutelis
593 2161 708 2196 nescio
734 2159 862 2207 quibus
888 2160 1049 2201 collecto,
1068 2159 1242 2207 proscindi
1258 2165 1362 2205 atque
1375 2158 1540 2194 damnari.
1566 2157 1719 2199 Deinde,
1740 2201 1742 2203 μ

172 2221 263 2270 qnod
297 2221 481 2269 dissipatas
518 2221 793 2258 Antichristiana
829 2221 1024 2269 tyrannide,
1059 2234 1128 2257 non
1155 2232 1260 2262 meas,
1289 2220 1347 2256 sed
1375 2219 1506 2255 Christi
1530 2219 1715 2260 Ecclesias‚

173 2283 255 2319 fidei
294 2282 466 2318 duntaxat
505 2295 599 2318 meae
635 2282 864 2323 concreditas,
900 2283 948 2318 ita
987 2283 1160 2325 tractaris,
1196 2281 1252 2317 ubi
1277 2280 1319 2316 ad
1347 2284 1380 2317 te
1420 2279 1714 2326 fiduciapietatis

173 2348 253 2378 tuae
279 2343 516 2390 confugissent
542 2355 712 2390 opemque
739 2355 799 2390 per
823 2355 875 2379 me
909 2347 1004 2378 tuam
1031 2342 1203 2389 supplices
1239 2341 1371 2377 Christi
1410 2340 1549 2377 Domini
1578 2341 1716 2376 nomine

173 2403 411 2450 implorarent,
436 2408 476 2438 ut
500 2404 530 2439 si
555 2403 612 2438 vel
638 2405 680 2438 ad
697 2402 865 2440 Ethnicos
892 2404 1081 2444 venissent,
1105 2403 1312 2439 clementius
1337 2413 1420 2438 sane
1446 2402 1521 2438 illas
1545 2402 1720 2449 excipien-

175 2464 236 2499 das
272 2464 379 2498 fuisse
415 2476 484 2499 non
516 2463 679 2500 diffidam.
735 2463 804 2500 Hie
838 2476 920 2510 ergo
947 2463 1142 2510 utrobique,
1169 2466 1210 2499 ut
1234 2467 1269 2498 te
1294 2467 1416 2498 contra
1444 2463 1556 2498 Deum
1582 2466 1617 2498 et
1641 2462 1715 2497 eius

178 2525 368 2562 Ecclesiam
402 2526 556 2573 graviter
593 2536 755 2572 peccasse
790 2525 981 2572 intelligas,
1018 2528 1204 2571 utrumque
1241 2523 1305 2560 tibi
1331 2527 1511 2570 peccatum
1539 2522 1593 2558 hic
1620 2526 1716 2557 tuum

179 2587 384 2633 singillatim
412 2587 456 2623 ob
481 2586 601 2622 oculos
627 2598 764 2633 ponam.

225 2646 400 2695 Quodque
433 2647 476 2683 ad
512 2647 658 2694 primum
695 2646 834 2687 attinet,
868 2658 937 2681 non
973 2645 1121 2682 arbitror
1155 2649 1188 2682 te
1213 2646 1380 2693 ignorare,
1405 2644 1528 2692 quanti
1553 2643 1716 2679 Christus

179 2706 351 2743 Dominus
387 2720 485 2744 suam
520 2709 553 2743 in
592 2708 693 2743 terris
731 2706 919 2743 Ecclesiam
957 2709 993 2742 et
1031 2708 1102 2754 ipsc
1128 2707 1234 2742 faciat
1258 2711 1294 2742 et
1318 2706 1361 2741 ab
1387 2704 1559 2747 omnibus,
1582 2705 1720 2751 potissi-

183 2779 274 2802 mum
303 2772 423 2803 autem
450 2780 470 2803 a
495 2768 657 2815 Regibus
683 2779 723 2803 ae
752 2766 954 2803 Monarchis
981 2768 1054 2802 fieri
1095 2769 1197 2803 etiam
1224 2767 1321 2802 velit.
1359 2765 1511 2812 Sanguis
1536 2765 1646 2811 ipsius
1671 2765 1721 2800 in·

180 2829 464 2880 nocentissimus,
495 2841 566 2876 quo
594 2830 690 2865 illam
726 2828 796 2864 sibi
826 2839 1027 2866 consecrare
1055 2829 1180 2870 voluit,
1205 2833 1312 2875 atque
1336 2827 1480 2864 additus
1506 2828 1537 2862 ei
1564 2828 1719 2874 corporis
