1830 3147
203 119 274 157 238

201 229 413 281 perturbari
451 240 493 265 ac
528 228 624 265 falsa
658 226 777 278 ipsius
815 226 1007 265 doctrinae
1043 224 1125 262 falli
1162 223 1340 263 sinamus.
1397 222 1545 262 Quodsi
1587 235 1654 260 nec
1682 222 1736 260 sic

203 296 355 348 quidem
391 309 412 332 a
449 307 516 331 suo
554 293 728 331 instituto
767 292 949 330 dimoveri
985 295 1108 342 potest
1136 289 1422 340 doctrinamque
1458 301 1564 326 suam
1596 288 1738 326 nihilo-

204 362 329 399 minus
356 360 478 398 adhuc
507 371 680 410 spargere
706 369 750 396 ac
775 357 872 396 tueri
899 356 1033 408 pergit,
1059 359 1140 393 tum
1167 354 1205 392 in
1233 354 1384 405 publica
1411 353 1592 391 concione
1611 365 1736 390 coram

206 430 286 465 tota
315 424 483 462 Ecclesia
511 436 646 462 nomen
677 423 755 461 eius
785 421 1032 460 denunciatur
1058 433 1124 471 per
1153 419 1373 456 Ministrum
1400 430 1618 468 summaque
1645 416 1736 454 doc-

203 492 324 529 trinae
362 503 449 527 suae
486 488 687 540 exponitur
715 501 800 526 cum
837 487 929 524 eiusr
950 486 989 523 in
1029 489 1136 522 coetu
1174 484 1437 522 Ministrorum
1471 482 1600 521 habita
1635 482 1738 520 refu-

204 556 357 598 tatione,
396 558 640 604 moneturque
676 552 856 595 Ecclesia,
892 555 947 595 ut,
983 550 1014 588 si
1051 549 1111 587 cui
1146 549 1183 586 in
1223 547 1392 586 Ecclesia
1430 547 1602 585 doctrina
1636 547 1738 584 illius

204 620 370 659 nondum
401 619 490 657 satis
518 620 679 657 refutata
708 630 788 655 esse
817 615 996 661 videatur,
1025 615 1056 652 is
1084 619 1136 657 ut,
1164 626 1237 664 qua
1265 618 1369 664 parte
1395 613 1435 650 in
1461 612 1526 650 illa
1554 613 1652 650 sorte
1671 611 1738 649 ad-

207 687 278 724 huc
314 686 453 730 haeret,
491 684 747 721 dubitationes
784 695 868 720 suas
905 694 971 732 per
998 681 1159 731 aliquem
1188 693 1207 716 e
1236 679 1470 723 Senioribus,
1507 677 1583 715 sive
1617 677 1740 715 verbis

206 751 283 788 sive
320 750 472 801 scriptO,
509 749 548 786 in
586 747 786 799 Prophetia
823 746 974 797 publica
1003 744 1172 795 proponi
1201 744 1310 789 sinat,
1338 747 1378 780 ut
1405 742 1453 780 ad
1479 742 1563 780 illas
1590 742 1742 793 publice

205 828 270 867 per
300 814 497 853 Ministros
526 825 569 850 ac
597 812 771 850 Seniores
798 810 1079 861 respondeatur,
1117 820 1319 858 omnesque
1360 811 1575 857 praetextus
1612 806 1740 844 defen-

208 879 353 917 dendae
389 878 557 928 adeoque
591 881 626 914 et
663 875 897 914 excusandae
934 874 1127 912 doctrinae
1163 873 1278 916 illius,
1305 871 1429 923 quoad
1457 871 1536 909 eius
1565 871 1645 909 fieri
1672 883 1740 922 po-

209 947 296 985 test.
323 946 576 993 amputentur.

260 1009 391 1059 Neque
428 1007 488 1045 hic
524 1019 715 1045 moramur
754 1003 907 1043 cavillos
946 1003 1198 1055 quorundam,
1237 1002 1301 1053 qui
1339 1002 1408 1039 hac
1443 1001 1508 1039 tali
1546 1000 1740 1039 hominum

209 1073 479 1112 haereticorum
519 1070 809 1109 denunciatione
843 1069 996 1120 publica
1031 1068 1177 1119 peccari
1215 1067 1377 1104 clamant
1413 1066 1589 1119 adversus
1621 1065 1742 1114 legem

211 1137 402 1175 charitatis
440 1136 687 1173 Christianae.
744 1134 832 1170 Non
870 1136 925 1169 est
963 1145 1050 1169 sane
1079 1131 1189 1168 huius
1218 1130 1291 1167 loci
1319 1130 1411 1167 velle
1438 1129 1622 1180 persequi,
1649 1140 1742 1178 quae

210 1203 257 1240 ab
284 1202 367 1239 istis
396 1200 629 1245 adferuntur,
656 1199 769 1247 (543)
798 1202 833 1234 et
860 1195 1032 1235 fortassis
1061 1196 1132 1232 hoc
1160 1195 1251 1232 alias
1273 1193 1506 1231 commodius
1525 1194 1599 1231 fiet.
1631 1192 1745 1230 Nunc

212 1267 301 1305 satis
346 1265 416 1304 erit
453 1264 676 1309 ostendisse,
711 1275 781 1300 nos
816 1261 928 1299 huius
964 1260 1083 1298 nostri
1121 1259 1269 1297 consilii
1306 1258 1499 1296 Christum
1536 1256 1740 1294 Dominum

209 1333 424 1384 ipsummet,
450 1330 515 1381 qui
544 1341 689 1366 summa
716 1331 773 1365 est
800 1327 940 1377 alioqui
970 1325 1141 1370 charitas,
1171 1324 1300 1361 ducem
1339 1328 1451 1373 atque
1478 1327 1648 1360 autorem
1676 1322 1743 1359 ha-

212 1398 313 1441 bere,
350 1407 499 1445 unaque
535 1398 571 1431 et
609 1392 813 1444 Apostolos
842 1396 877 1428 et
906 1394 1014 1428 antea
1048 1390 1166 1427 multo
1203 1388 1409 1439 Prophetas
1438 1400 1586 1438 quoque
1612 1386 1744 1437 ipsius.

212 1462 320 1500 Quos
359 1460 446 1498 dum
484 1459 697 1509 sequimur,
723 1457 818 1494 nihil
855 1455 1024 1506 equidem
1065 1455 1125 1491 hic
1152 1466 1354 1498 moramur,
1381 1456 1445 1490 aut
1473 1452 1656 1489 humanae
1683 1464 1744 1489 ra.-

211 1527 328 1565 tionis
365 1525 542 1573 argutias,
577 1527 640 1560 aut
676 1522 927 1573 periculorum
965 1524 1118 1564 metum,
1146 1532 1253 1569 quem
1284 1532 1302 1556 a
1333 1517 1526 1555 nonnullis
1554 1517 1745 1567 praetendi

212 1592 395 1630 videmus.
451 1589 638 1627 Christum
678 1587 884 1625 Dominum
922 1586 1050 1622 ducem
1083 1585 1143 1621 hic
1171 1588 1282 1634 atque
1309 1588 1476 1620 autorem
1506 1582 1625 1620 nostri
1655 1595 1745 1620 con-

213 1657 288 1695 silii
324 1656 516 1701 habemus,
554 1655 643 1692 dum
670 1653 863 1704 productis
893 1650 1116 1689 nominatim
1148 1649 1370 1692 PharisaeiS,
1398 1647 1435 1685 et
1464 1648 1667 1685 cavendum
1697 1648 1744 1685 ab

214 1722 366 1759 illorum
404 1719 575 1757 doctrina
612 1717 806 1768 discipulis
836 1717 910 1754 suis
934 1715 1109 1753 omnibus
1137 1727 1218 1752 esse
1254 1714 1374 1757 docet,
1409 1702 1445 1750 et
1483 1706 1580 1755 vult,
1611 1718 1663 1754 ut,
1699 1712 1744 1749 ab

216 1787 268 1825 eis
298 1784 493 1835 segregati,
520 1783 607 1821 illos
635 1783 812 1819 omittant
839 1793 1066 1832 prorsusque
1094 1779 1216 1817 valere
1244 1778 1370 1816 sinant
1394 1780 1435 1824 ¹).
1492 1777 1553 1814 Sic
1581 1781 1616 1814 et
1644 1777 1746 1814 Iere-

216 1851 311 1888 mias
346 1849 496 1900 publice
533 1850 685 1885 accusat
722 1846 939 1883 Hananiam
976 1844 1086 1895 apudv
1109 1847 1228 1881 totam
1259 1842 1465 1879 Ecclesiam
1503 1855 1546 1878 ex
1584 1840 1654 1878 Dei
1690 1841 1747 1892 ip-

218 1915 294 1953 sius
323 1913 501 1951 mandato
530 1911 799 1961 interitumque
824 1910 881 1946 illi
910 1909 1112 1946 denunciat
1131 1905 1176 1955 2).
1208 1907 1270 1944 Sic
1297 1911 1332 1944 'et
1361 1907 1496 1943 Paulus
1524 1905 1747 1943 nominatim

219 1983 368 2016 accusat
405 1977 680 2028 Hymenaeum,
717 1975 972 2012 Alexandrum
1011 1978 1046 2010 et
1081 1973 1267 2010 Philetum
1304 1972 1419 2008 falsae
1447 1970 1639 2008 doctrinae
1678 1983 1747 2007 no·-

218 2043 331 2087 mine,
368 2041 681 2091 Timotheumque
708 2052 782 2076 una
811 2052 892 2076 cum
921 2038 1037 2088 ipsius
1064 2036 1233 2074 Ecclesia
1261 2035 1448 2080 admonet,
1474 2039 1516 2071 ut
1543 2034 1589 2072 ab
1618 2047 1745 2072 eorum

220 2100 390 2146 doctrina
420 2106 491 2144 sibi
520 2110 647 2143 caveat
670 2106 713 2152 ³).
761 2103 893 2141 Quid?
922 2101 1022 2152 quod
1052 2101 1225 2138 Christus
1254 2099 1438 2137 Dominus
1464 2098 1503 2135 in
1527 2111 1569 2135 eo
1597 2097 1749 2149 potissi-

221 2187 321 2213 mum
361 2173 472 2210 fidem
515 2171 606 2209 boni
642 2169 809 2207 Pastoris
836 2168 875 2205 in
903 2168 983 2204 eius
1012 2165 1219 2204 ministerio
1250 2163 1496 2207 commendat,
1525 2163 1556 2200 si
1584 2162 1749 2200 sedulam

217 2252 261 2277 ac
295 2239 512 2288 diligentem
550 2236 807 2283 cu-(544)ram
846 2232 971 2269 ovium
1010 2243 1161 2268 suarum
1198 2229 1374 2266 adversus
1403 2229 1573 2278 luporum
1604 2239 1750 2263 morsus

220 2305 354 2342 habeat
371 2304 432 2351 4)'?
461 2304 523 2340 An
550 2313 635 2338 vero
665 2300 737 2336 boc
764 2302 820 2336 est
845 2310 971 2334 curam
1000 2296 1137 2333 habere
1165 2293 1304 2337 ovium,
1332 2297 1371 2330 ut
1392 2292 1436 2329 ad
1454 2292 1532 2342 lupi
1548 2290 1769 2328 adventum

221 2369 497 2410 conniveamus,
526 2377 720 2415 canesque,
750 2363 875 2400 ovium
907 2360 1092 2406 custodes,
1120 2373 1206 2406 non,
1225 2359 1272 2396 ab
1301 2356 1523 2395 invadendis
1551 2355 1663 2393 modo
1689 2355 1749 2392 lu·

221 2434 291 2484 pis,
327 2433 431 2482 gregi
467 2436 598 2469 nostro
634 2427 918 2471 insidiantibus,
956 2426 1017 2464 sed
1055 2426 1102 2463 ab
1139 2425 1220 2475 ipso
1257 2424 1368 2461 etiam
1395 2422 1545 2467 latratu,
1573 2420 1660 2457 dum
1689 2432 1751 2456 eos

223 2497 315 2535 ovili
350 2496 544 2533 imminere
580 2494 721 2538 vident,
757 2491 974 2530 arceamus?
1032 2488 1233 2527 Chal-itatis
1274 2491 1329 2524 est
1359 2485 1512 2531 scilicet,
1539 2484 1640 2534 lupis
1667 2496 1751 2534 par-

224 2574 304 2599 cere
329 2561 446 2598 totius
473 2559 582 2597 ovilis
610 2557 786 2609 periculo,
817 2569 858 2592 ac
886 2568 962 2592 non
990 2554 1115 2604 potius
1144 2566 1230 2590 oves
1259 2553 1304 2589 ab
1342 2550 1492 2588 illorum
1530 2561 1652 2586 arcere
1690 2549 1750 2585 in-

224 2627 341 2672 sidiis,
376 2624 520 2662 etiamsi
554 2624 610 2661 illi
646 2637 665 2660 a
704 2620 859 2659 canibus
896 2618 1091 2656 dilacerari
1128 2617 1300 2662 debcant,
1336 2615 1368 2651 si
1405 2614 1462 2652 sui
1500 2612 1638 2650 similes
1674 2625 1754 2650 esse

223 2694 394 2743 pergant.
447 2688 530 2726 Nos
568 2688 627 2725 hic
664 2687 783 2738 pluris
819 2697 907 2722 sane
936 2682 1046 2720 nobis
1073 2681 1288 2720 faciendum
1316 2692 1396 2717 esse
1409 2681 1597 2729 .putamus
1626 2690 1752 2714 exem-

224 2755 327 2807 plum
373 2765 417 2791 ac
461 2751 669 2789 doctrinam
718 2749 871 2794 Christi,
905 2746 1175 2797 Prophetarum
1210 2745 1300 2782 item
1337 2747 1448 2792 atque
1485 2742 1753 2792 Apostolorum

271 2880 295 2924 ¹)
320 2877 437 2910 Matth.
462 2876 510 2907 16.
616 2874 644 2914 ²)
669 2874 781 2905 lerem.
806 2872 857 2904 28.
963 2870 989 2910 3)
1016 2869 1031 2901 l
1056 2869 1137 2900 Tim.
1163 2868 1190 2899 l.
1213 2868 1232 2899 2
1256 2867 1335 2898 Tim.
1360 2866 1389 2898 Q.
1495 2865 1522 2904 ⁴)
1549 2865 1637 2895 loan.
1662 2864 1710 2896 10.
