1830 3147
1517 154 1588 193 261

59 271 200 325 alioqui
234 270 280 311 ad
315 269 609 322 desperationem
647 273 760 323 atque
795 269 994 315 insaniam,
1031 268 1192 322 denique
1228 267 1276 308 ad
1312 280 1440 307 necem
1464 267 1584 320 ipsam

58 336 171 377 etiam
206 336 432 390 quandoque
466 335 656 388 impellit?
709 335 816 374 Haec
853 347 939 374 vero
978 348 1060 372 cum
1088 335 1255 373 frenetur
1280 339 1393 387 atque
1418 337 1588 373 arceatur

59 401 312 447 matrimonio,
353 400 556 453 quomodo,
599 400 771 447 obsecro,
820 399 904 452 quis
947 399 1111 450 refugiat
1153 399 1437 438 matrimonium
1466 398 1587 437 crucis

58 467 224 513 nomine,
265 466 366 518 quod
399 466 542 518 alioqui
576 466 616 504 in
653 466 773 505 crucis
809 465 1014 505 remedium
1049 479 1071 503 a
1108 465 1188 504 Deo
1222 465 1304 517 ipso
1341 464 1586 503 constitutum

61 523 267 572 habemus?
321 531 398 571 Qui
437 532 576 570 donum
615 531 727 570 habet
756 530 1028 579 continentiae,
1051 535 1092 569 ut
1120 543 1313 582 nunquam
1344 534 1482 577 uratur,
1510 528 1587 568 sive

59 597 248 636 masculus
275 596 335 641 sit,
362 596 440 634 sive
467 596 644 642 foemina,
671 596 702 634 is
730 595 879 648 quidem
908 594 983 634 sibi
1008 595 1220 634 molestiam
1248 609 1323 633 non
1340 594 1587 633 necessariam

58 661 227 706 accersit,
254 660 340 699 dum
368 660 612 699 matrimonio
640 661 823 710 iungitur.
852 659 1000 712 Recipit
1028 660 1185 698 enimin
1206 673 1243 698 se
1263 673 1389 698 curam
1414 659 1592 705 familiae,

60 739 82 763 a
118 739 191 777 qua
223 725 317 763 liber
352 738 431 763 esse
473 725 615 776 alioqui
644 729 680 763 et
707 724 787 763 Deo
815 725 968 776 eiusque
996 724 1188 763 Ecclesiae
1216 724 1254 762 in
1280 723 1591 772 liber-(602)tate

59 804 138 838 sua,
174 804 252 829 non
289 790 443 836 divisus,
481 795 520 829 ut
546 790 654 829 Pauli
682 790 797 828 verbo
826 794 985 837 utamur,
1014 790 1151 828 servire
1177 790 1372 842 potuisset,
1398 793 1433 828 et
1459 789 1594 840 proin-

61 856 117 902 de,
153 855 226 894 hoc
259 855 358 894 dono
387 854 590 907 praeditus,
617 855 749 894 melius
777 856 879 903 facit,
907 856 938 894 si
967 868 1093 893 curam
1121 855 1313 893 Ecclesiae
1342 868 1450 893 curae
1477 855 1590 893 unius

61 921 224 959 familiae
268 924 482 972 anteponat,
526 934 644 972 neque
690 921 862 972 cuiquam
912 920 1116 959 adstrictus
1151 924 1272 958 totum
1309 933 1347 958 se
1382 919 1591 958 ministerio

63 986 328 1024 Ecclesiastico
368 986 571 1037 impendat.
627 985 700 1023 Sed
737 998 813 1023 non
849 988 978 1036 peccat
1004 984 1167 1030 interim,
1194 985 1225 1023 si
1252 985 1291 1023 in
1319 984 1484 1023 Domino
1511 998 1590 1023 ma-

60 1051 239 1090 trimonio
272 1051 462 1101 iungatur,
500 1055 756 1102 praeterquam
805 1051 848 1096 si,
886 1054 1097 1102 contempta
1135 1051 1325 1089 Ecclesiae
1361 1051 1595 1098 necessitate,

61 1118 211 1167 propter
247 1128 356 1153 suum
392 1115 509 1166 ipsius
546 1119 711 1152 ventrem
740 1113 776 1151 id
806 1114 931 1153 faciat.
987 1116 1039 1152 At
1067 1126 1153 1152 vero
1182 1114 1212 1151 is
1239 1114 1314 1152 iam
1340 1127 1418 1152 non
1444 1113 1485 1152 in
1514 1113 1592 1152 Do-

63 1179 164 1217 mino
199 1178 381 1228 iungitur,
417 1192 486 1217 nos
523 1192 610 1216 vero
638 1178 684 1216 (le
709 1178 756 1216 iis
784 1178 988 1230 loquimur,
1015 1177 1080 1230 qui
1107 1178 1147 1216 in
1175 1177 1341 1216 Domino
1367 1178 1592 1227 iunguntur.

64 1243 153 1282 Non
195 1243 309 1293 igitur
352 1243 484 1282 adimit
520 1243 762 1282 matrimonio
799 1257 903 1282 suam
942 1243 1161 1282 felicitatem
1200 1243 1320 1281 crucis
1356 1244 1470 1282 ullius
1507 1257 1590 1281 mo-

62 1309 182 1354 lestia,
225 1309 317 1361 quin
360 1309 484 1361 potius
528 1322 664 1358 magna
701 1322 747 1347 ex
782 1313 887 1360 parte
924 1321 1015 1346 crux
1051 1307 1133 1360 ipsa
1171 1308 1412 1346 matrimonio
1450 1309 1594 1347 levatur

64 1375 230 1413 frenatur
265 1379 410 1413 arcetur
446 1378 482 1413 et
518 1374 811 1426 quodammodo,
848 1378 888 1412 ut
926 1373 1067 1413 dictum
1097 1378 1162 1420 est,
1205 1373 1437 1419 dimidiatur,
1465 1377 1595 1426 estque

63 1440 312 1491 perspicuum,
349 1453 426 1478 non
463 1453 543 1478 esse
573 1439 633 1478 hic
661 1439 759 1477 vitae
786 1452 905 1489 genus
933 1439 1034 1477 aliud
1064 1439 1181 1477 ullum
1210 1436 1465 1484 matrimonio,
1492 1439 1592 1490 quod

62 1505 101 1543 in
139 1518 176 1543 se
210 1509 280 1549 est,
323 1505 381 1542 vel
417 1504 496 1542 Deo
532 1504 688 1554 gratius,
725 1504 783 1542 vel
820 1503 971 1542 homine
1006 1503 1137 1542 multis
1173 1503 1406 1542 nominibus
1429 1503 1595 1554 dignius,

65 1569 121 1607 vel
148 1569 259 1608 etiam
287 1568 431 1607 felicius
460 1568 739 1620 quoquomodo,
1344 1576 1345 1579 ’

115 1633 312 1671 Accedunt
351 1633 475 1671 adhuc
514 1633 559 1671 ad
589 1632 819 1670 matrimonii
847 1632 1226 1678 commendationem,
1253 1632 1382 1671 uxoris
1410 1633 1596 1678 encomia,

65 1698 259 1750 scripturis
297 1697 459 1749 prodita,
494 1697 582 1735 dum
618 1698 721 1735 illam
761 1697 896 1749 spiritu
934 1702 1064 1736 sancto
1100 1692 1231 1736 autor‘e
1260 1697 1330 1735 viri
1358 1697 1501 1736 bonum
1528 1711 1595 1736 au-

65 1764 197 1802 xilium
240 1763 419 1813 gaudium
455 1764 567 1812 (603)
612 1762 754 1800 donum
801 1762 1100 1801 benedictionem
1137 1766 1173 1801 et
1211 1775 1400 1809 coronam,
1436 1763 1483 1801 ab
1511 1763 1594 1815 ipso

66 1829 145 1868 Deo
173 1828 397 1875 ordinatam,
424 1828 550 1866 vocari
577 1827 764 1867 audimus,

117 1893 387 1932 Commendato
420 1892 468 1931 ad
505 1892 603 1930 hunc
639 1892 789 1930 modum
829 1892 1060 1930 matrimonii
1088 1891 1251 1938 vinculo,
1278 1892 1452 1930 hortatur
1479 1891 1596 1930 Mini-

65 1963 140 1997 ster
168 1959 430 1997 contrahentes
456 1958 558 2009 ipsos
586 1962 622 1996 et
651 1957 872 2007 coniugatos
899 1957 993 1995 adeo
1020 1971 1162 2004 omneS,
1189 1962 1230 1996 ut
1257 1958 1311 1996 rei
1337 1962 1414 1996 tam
1445 1962 1597 1996 sanctae

67 2025 158 2062 fines
186 2023 422 2075 potissimum
450 2024 551 2074 ipsos
579 2036 703 2061 secum
734 2022 933 2072 diligenter
959 2026 1132 2073 reputent
1159 2036 1202 2060 ac
1230 2036 1294 2074 per
1312 2036 1460 2060 omnem
1482 2022 1596 2060 vitam

67 2100 171 2124 suam
198 2086 237 2124 in
266 2089 463 2137 prospectu
491 2099 558 2123 suo
589 2099 731 2137 semper
760 2085 935 2132 habeant,
963 2098 1181 2136 summaque
1210 2098 1295 2123 cura
1325 2086 1538 2130 observent,
1565 2084 1596 2123 si

68 2150 219 2202 quidem
254 2150 313 2201 pie
351 2150 461 2187 simul
495 2150 534 2188 in
574 2149 751 2199 coniugio
781 2149 902 2187 vivere
930 2149 1034 2187 iuxta
1063 2150 1293 2188 voluntatem
1321 2149 1391 2188 Dei
1417 2149 1597 2199 gratiam-

69 2229 140 2267 que
166 2228 209 2253 ac
235 2215 429 2260 auxilium,
456 2214 617 2266 denique
645 2219 681 2253 et
709 2214 1007 2253 benedictionem
1039 2213 1109 2252 Dei
1137 2219 1350 2266 perpetuam
1381 2214 1517 2252 habere
1537 2228 1598 2253 ve-

64 2281 148 2320 lint.
201 2281 294 2323 Tres
330 2285 451 2318 autem
488 2281 580 2318 fines
617 2280 837 2332 praecipuos
864 2292 957 2323 esse,
983 2283 1135 2331 propter
1162 2293 1257 2330 quos
1283 2280 1521 2330 potissimum
1549 2279 1598 2318 sit

68 2344 349 2383 matrimonium
378 2344 609 2383 institutum.

120 2473 284 2517 Fines,
328 2477 528 2526 propter
572 2487 693 2526 quos
729 2475 1038 2526 potissimum
1075 2480 1148 2516 est
1182 2475 1467 2515 institutum
1503 2489 1593 2516 ma-

68 2540 368 2578 trimonium.

118 2667 266 2705 Primus
309 2667 396 2705 finis
432 2667 597 2706 instituti
634 2669 800 2720 coniugii
837 2675 903 2718 est,
943 2675 982 2709 ut
1020 2671 1239 2709 solitudinis
1277 2671 1520 2709 incommoda
1556 2685 1600 2709 ac

67 2732 260 2771 molestiae
295 2733 471 2778 vitentur,
508 2733 596 2771 dum
631 2733 731 2773 Deus
766 2735 848 2787 ipse
883 2736 1138 2781 solitudinem,
1173 2741 1215 2775 ut
1254 2736 1301 2774 ab
1331 2736 1410 2788 ipsa
1438 2736 1601 2775 hominis

68 2803 201 2838 natura
228 2799 400 2846 alienam,
425 2799 477 2838 ita
505 2799 562 2837 illi
589 2801 701 2839 etiam
729 2802 1007 2841 incommodam
1036 2807 1148 2854 atque
1175 2803 1501 2842 inconvenientem
1523 2816 1603 2841 esse

69 2865 304 2916 pronunciat,
340 2879 382 2904 ac
417 2867 575 2918 proinde
603 2867 699 2906 vitae
727 2868 911 2907 eiusmodi
939 2869 1156 2907 societatem
1182 2869 1359 2915 instituit,
1388 2871 1499 2918 (504)
1530 2868 1601 2906 viri

67 2934 103 2968 et
139 2930 336 2970 soemimae
379 2932 547 2984 inquam,
597 2937 638 2972 ut
672 2934 766 2972 alter
806 2934 912 2973 alteri
946 2938 1093 2986 praesto
1137 2947 1281 2987 semper
1316 2935 1475 2980 adesset,
1510 2934 1602 2972 alter
