1830 3147
184 119 247 164 [A.
274 117 317 154 1).
342 117 450 162 1554]
919 118 987 151 usn

190 227 252 261 N0.
279 228 336 262 98.
1124 225 1292 273 [nimirem.
1308 230 1341 263 u.
1356 231 1389 262 u.
1410 231 1462 262 258.
1483 232 1569 264 ueri.
1583 231 1629 264 nb.
1646 227 1720 274 uon]

743 319 799 354 Ad
829 320 1174 356 liARDENBssRGIUM.

241 407 371 454 Accepi
405 411 480 442 tuas
507 407 622 442 literas
648 407 691 441 223
721 406 919 442 Decembris
944 407 1104 454 scriptas,
1133 420 1266 455 unaque
1291 414 1326 444 et
1349 410 1571 455 Farraginem
1601 408 1716 444 West·

193 469 285 515 phali
315 469 352 511 ¹),
377 467 566 503 mendaciis
590 470 624 502 et
650 468 829 503 calumniis
854 468 1001 514 plenam,
1026 481 1086 514 pro
1111 480 1179 516 qua
1207 469 1272 504 tibi
1295 470 1433 505 interim
1458 481 1616 514 magnam
1641 480 1717 515 gra·

190 531 273 565 tiam
310 529 430 568 habeo,
464 529 623 575 brevique
657 528 701 564 ad
735 529 829 564 illam
863 529 1081 575 respondebo
1118 542 1178 577 per
1212 530 1277 566 Dei
1310 531 1457 578 gratiam
1492 533 1528 565 et
1553 529 1718 578 quidquid

191 590 291 626 huius
311 589 375 625 erit
395 589 438 624 ad
465 593 498 624 te
522 590 768 631 transmittam,
791 590 989 637 priusquam
1015 590 1200 637 evulgetur
1223 592 1266 636 Ε-’).
1314 591 1432 627 Facile
1457 594 1511 626 est
1535 595 1650 626 autem
1675 590 1717 625 de

190 651 314 696 spiritu
350 649 544 695 Westphali
576 649 740 692 iudicare,
774 650 856 685 dum
891 652 925 686 in
957 651 1242 686 consensionibus
1267 651 1410 687 dissidia
1447 651 1718 687 comminiscitur

191 719 228 746 et
261 710 369 745 nodos
395 710 430 745 in
454 710 565 756 scirpo
588 711 733 756 quaerit.
782 711 912 746 Christi
936 711 1077 757 spiritus
1110 711 1251 747 dissidia
1283 712 1459 758 componit
1483 715 1519 747 et
1555 711 1721 748 conciliat

192 783 279 817 quae
304 770 467 805 dissidere
492 769 670 804 videntur:
698 771 763 805 iste
788 771 823 805 in
848 772 1074 807 consensione
1097 772 1230 818 quaerit
1254 771 1405 812 dissidia,
1429 776 1468 807 ut
1493 771 1628 808 scindat
1652 771 1716 806 Ec-

190 831 327 867 clesiam
353 843 484 878 suoque
519 831 623 866 errori
648 831 893 877 patrocinetur.
930 832 967 867 Si
992 832 1090 867 nobis
1117 833 1240 867 fnisset
1264 833 1418 868 studium
1444 833 1641 868 conferendi
1666 833 1716 868 in-

189 891 452 938 terpretationes
475 903 602 931 eorum,
629 904 715 938 quos
740 891 798 927 ille
824 904 842 927 a
867 894 940 927 suis
968 893 1122 938 partibus
1148 898 1238 928 stare
1263 897 1373 939 putat,
1399 894 1498 929 facile
1523 892 1718 929 istiusmodi

190 950 379 997 farragines
404 949 566 995 colligere
592 962 783 996 possemus,
812 954 847 985 et
871 952 1052 986 ostendere
1078 963 1114 986 re
1139 951 1224 998 ipsa,
1249 964 1318 987 non
1343 952 1564 987 mendacibus
1589 952 1716 987 calum—

190 1012 268 1053 niis,
292 1011 395 1056 ipsos,
419 1023 488 1046 non
514 1010 615 1046 modo
639 1012 730 1046 inter
753 1024 839 1052 sese,
867 1011 926 1047 sed
953 1012 1132 1059 plerosque
1157 1025 1270 1048 secum
1296 1013 1401 1059 ipsos.
1426 1016 1461 1049 et
1486 1013 1622 1060 quidem
1649 1025 1718 1048 non

188 1071 315 1113 verbis,
341 1072 401 1107 sed
427 1072 528 1118 plane
553 1084 657 1106 sensu
682 1073 755 1118 ipso
780 1072 975 1108 dissentire.
1022 1073 1075 1108 Ut
1100 1074 1128 1109 si
1153 1077 1349 1120 quaeratur,
1373 1074 1538 1109 alterutra
1562 1073 1720 1109 doctrina

187 1132 232 1168 ob
257 1132 503 1168 dissensionem
529 1132 723 1167 damnanda
749 1133 806 1174 sit,
832 1133 941 1168 multo
967 1134 1073 1180 magis
1100 1134 1253 1180 ipsorum
1278 1134 1446 1176 doctrina,
1471 1147 1571 1182 quam
1589 1138 1717 1176 nostra,

188 1194 468 1230 condemnationi
489 1194 637 1229 obnoxia
654 1195 770 1230 futura
796 1198 1011 1236 esset,—-ut
1037 1208 1079 1230 ne
1105 1195 1216 1231 dicam
1242 1196 1392 1238 interim,
1421 1209 1483 1232 nos
1508 1196 1618 1232 multo
1642 1207 1720 1242 gra-

188 1257 301 1291 viores
334 1255 458 1291 habere
492 1255 600 1291 nodos
626 1256 661 1290 in
684 1255 748 1291 hac
772 1256 922 1302 ipsorum
948 1256 1116 1294 doctrina.
1150 1260 1290 1303 propter
1314 1269 1401 1303 quos
1428 1270 1467 1294 ea
1488 1270 1580 1299 sane,
1616 1257 1644 1293 si
1670 1257 1717 1293 le-

187 1317 344 1363 gitimum
380 1317 423 1351 de
457 1316 516 1351 illa
552 1316 730 1351 Ecclesiae
767 1317 929 1352 iudicium
963 1317 1158 1352 habendum
1197 1321 1302 1360 esset,
1345 1317 1483 1353 tolerari
1516 1318 1606 1354 inter
1641 1318 1716 1364 pios

188 1378 454 1425 haudquaquam
481 1377 632 1412 deberet.
679 1377 755 1423 Ego
780 1390 875 1419 sane,
899 1378 928 1413 si
951 1378 1017 1413 alia
1041 1389 1135 1414 nunc
1159 1382 1276 1414 essent
1299 1382 1453 1425 tempora
1477 1382 1512 1414 et
1548 1391 1617 1414 non
1643 1382 1719 1414 tan-

189 1441 264 1474 tum
297 1438 474 1474 Ecclesiae
499 1437 630 1473 Christi
655 1437 843 1483 periculum
868 1451 909 1474 ex
934 1438 1129 1474 istiusmodi
1153 1439 1279 1475 libellis
1295 1440 1518 1486 impenderet,
1531 1440 1716 1487 gauderem

185 1500 274 1534 tales
298 1498 342 1534 ab
366 1500 442 1534 istis
469 1499 604 1534 libellos
630 1498 696 1540 edi.
728 1512 808 1534 narn
834 1499 895 1536 hac
919 1502 1018 1535 tanta
1043 1501 1300 1536 mendaciorum
1325 1505 1361 1536 et
1386 1501 1635 1537 calumniarum
1653 1501 1716 1537 im-

188 1560 355 1606 pudentia
389 1559 475 1595 nihil
509 1558 700 1595 dubitarem
740 1571 876 1595 causam
902 1562 1057 1596 nostram
1081 1560 1171 1607 apud
1198 1562 1272 1607 pios
1298 1573 1416 1597 omnes
1440 1562 1717 1598 commendatum

189 1622 242 1663 iri,
265 1621 391 1657 nedum
417 1624 458 1656 ut
480 1620 564 1668 ipsis
589 1620 789 1656 adiumento
814 1623 905 1657 esset
929 1621 1059 1657 futura.
1083 1621 1151 1657 Sed
1171 1622 1214 1657 de
1233 1621 1350 1658 hocin
1365 1623 1588 1669 responsione
1607 1622 1717 1669 plura,

185 1692 278 1716 nunc
311 1680 355 1716 ad
387 1683 518 1717 nostra.

234 1741 362 1788 Scripsi
379 1740 422 1776 ad
444 1744 478 1776 te
502 1753 613 1788 nuper
637 1741 679 1776 de
704 1740 914 1777 catechismo
939 1741 1042 1777 Gellii
1066 1743 1102 1776 et
1127 1740 1250 1776 vellem
1276 1743 1316 1776 ut
1341 1741 1471 1777 faceres
1494 1740 1714 1788 quemadmo-

193 1802 275 1838 dum
301 1801 421 1848 scripsi
441 1801 484 1848 3).
512 1801 566 1837 Dc
591 1804 741 1848 sumptu,
768 1802 962 1849 quicunque
987 1803 1124 1837 futurus
1149 1805 1212 1843 est,
1237 1801 1321 1836 nihil
1347 1801 1412 1837 erit
1436 1801 1577 1848 negotii.
1607 1802 1717 1837 Etita

187 1864 279 1899 inter
303 1874 365 1898 nos
390 1862 563 1904 convenit,
587 1867 627 1898 ut
651 1865 722 1898 tres
747 1862 849 1897 simul
875 1861 1099 1898 catechismos
1123 1861 1284 1897 edamus:
1321 1862 1492 1903 maiorem,
1526 1874 1626 1909 quem
1659 1861 1715 1898 hic

187 1936 257 1959 una
289 1934 408 1959 omnes
432 1923 664 1963 formavimus,
696 1922 789 1958 hunc
813 1922 926 1962 Gellii.
952 1923 1071 1969 paucis
1096 1922 1250 1962 mutatis;
1277 1925 1313 1957 et
1345 1922 1496 1963 tertium,
1522 1922 1714 1963 minimum,

187 1995 250 2029 pro
283 1983 398 2030 pueris
423 1983 648 2023 tenuioribus,
676 1983 850 2030 mittitque
876 1982 1006 2018 Gellius
1029 1983 1103 2028 ipse
1128 1981 1170 2017 ad
1197 1986 1231 2017 te
1253 1982 1385 2018 litteras
1410 1995 1449 2017 ea
1473 1982 1516 2018 de
1539 1994 1576 2017 re
1599 1986 1645 2027 ⁴).

236 2044 344 2090 Spero
379 2045 414 2078 te
446 2046 699 2079 conventurum
737 2054 814 2079 cum
852 2042 988 2078 Comite
1024 2042 1273 2089 Christophoro
1299 2045 1417 2078 nostro
1442 2042 1484 2087 5).
1521 2042 1591 2078 Oro
1615 2045 1650 2078 te
1677 2044 1717 2078 ut

184 2116 324 2140 causam
347 2106 544 2139 nostrarum
569 2102 803 2139 Ecclesiarum
827 2102 879 2138 illi
903 2103 1134 2138 commendes.
1170 2103 1401 2138 Medmannus
1426 2104 1454 2146 6)
1479 2102 1542 2138 tibi
1567 2105 1717 2149 exponet

187 2163 313 2199 omnia,
365 2162 545 2198 Venissem
576 2163 650 2208 ipse
682 2174 776 2197 nunc
810 2174 887 2199 cum
914 2163 1140 2204 Medmanno,
1175 2162 1236 2198 sed
1263 2162 1343 2198 mihi
1377 2163 1419 2198 ab
1445 2163 1509 2199 hoc
1536 2167 1634 2199 tanto
1658 2164 1716 2198 fri-
1762 2208 1767 2211 ι

185 2236 267 2272 gore
293 2231 420 2259 metuo.
468 2223 541 2259 Ubi
565 2223 744 2270 paululum
779 2235 853 2258 sese
887 2224 1064 2264 remiserit,
1094 2224 1197 2258 visam
1225 2227 1260 2258 et
1285 2223 1357 2268 ipse
1382 2225 1552 2263 comitem.
1578 2225 1621 2260 de
1645 2236 1715 2272 quo

187 2297 269 2321 sane
303 2285 402 2321 valde
427 2284 583 2332 gratulor
607 2288 642 2319 et
666 2284 812 2332 gaudeo.
865 2284 943 2320 Dux
968 2285 1251 2331 Megapolitanus
1277 2285 1307 2330 ⁷)
1342 2289 1497 2320 amanter
1521 2286 1713 2332 respondit,

185 2347 245 2382 sed
271 2347 395 2381 metuit
418 2345 482 2381 sibi
506 2359 526 2380 a
549 2347 653 2381 fratre
677 2357 741 2381 suo
767 2345 911 2381 Ulricho
929 2347 968 2389 ⁸).
1004 2346 1104 2392 Spem
1130 2347 1241 2381 facere
1267 2346 1404 2382 videtur
1429 2348 1546 2382 nescio
1570 2359 1714 2395 quarum

183 2420 308 2448 rerum,
331 2419 416 2454 quas
439 2406 552 2442 adhuc
575 2409 735 2453 oporteat
760 2406 934 2453 expectari
959 2408 1026 2442 etc.
1076 2406 1158 2442 Alia
1184 2418 1275 2442 nnnc
1301 2419 1369 2441 non
1395 2406 1571 2442 habemus.
1614 2406 1712 2443 Vale.

183 2468 300 2502 Prima
324 2467 407 2502 anni
430 2467 533 2501 1554.

233 2528 358 2563 Precor
382 2527 446 2562 tibi
460 2531 494 2562 et
512 2527 580 2562 tuis
605 2526 764 2562 omnibus
788 2527 940 2562 faustum
966 2539 1005 2562 ac
1031 2527 1162 2562 felicem
1180 2528 1270 2563 hunc
1288 2540 1425 2563 annum.
1458 2529 1595 2563 Salvere
1612 2527 1713 2564 iubeo

187 2593 292 2627 tuam,
317 2586 495 2628 Iacobum,
524 2587 704 2622 Molanum
732 2592 767 2622 et
792 2586 969 2622 Eilardum
996 2588 1040 2630 ⁰).

230 2698 254 2735 ¹)
278 2697 304 2727 I.
328 2696 544 2733 WEsTPHAm,
571 2696 713 2737 Farraqo
736 2697 1001 2737 eorffusanearum
1024 2699 1054 2727 et
1075 2697 1159 2727 inter
1180 2707 1212 2727 se
1235 2696 1451 2727 dissidentium
1474 2696 1650 2736 opinionum
1674 2698 1713 2728 de

190 2754 289 2784 Coena
314 2752 443 2782 Domini
464 2762 502 2782 ex
531 2751 856 2783 &eramentariorum
884 2751 973 2782 libris
1002 2755 1157 2792 comesta.
1181 2752 1329 2793 Magdeb.
1354 2752 1444 2782 1552.
1489 2752 1515 2790 ⁶2)
1541 2752 1711 2793 Responsio

185 2809 253 2840 eius
276 2807 352 2838 exiit
374 2806 419 2839 a0.
442 2808 534 2839 1560.
558 2807 608 2840 Cf.
631 2807 719 2839 Tom.
744 2807 770 2839 Ι.
793 2806 853 2839 271
878 2818 945 2848 sqq.
987 2806 1017 2846 3)
1041 2808 1098 2838 Est
1119 2808 1197 2839 haec
1221 2807 1313 2852 epist.
1336 2807 1394 2846 974
1431 2808 1457 2846 4)
1482 2807 1590 2848 Longe
1612 2807 1712 2839 diver-

189 2875 257 2895 sum
274 2862 392 2893 exitum
414 2862 495 2893 hauc
519 2873 585 2893 rem
611 2863 767 2901 habuisse,
792 2863 899 2894 videre
923 2864 970 2894 cst
995 2862 1025 2893 in
1052 2862 1091 2893 iis
1108 2873 1187 2903 quac
1201 2863 1238 2895 cle
1256 2863 1325 2894 Cat.
1339 2862 1429 2894 Emd.
1443 2863 1577 2903 praefati
1595 2874 1712 2895 sumus.
