1830 3147
788 145 855 180 595
1307 141 1374 187 [A.
1401 140 1448 178 D.
1474 140 1586 188 1545]

58 262 160 298 porro
183 263 261 288 cum
287 250 438 288 nondum
462 250 665 298 acceperim,
690 250 896 298 respondere
921 249 985 286 tibi
1000 248 1044 285 ad
1063 251 1122 286 tua
1136 249 1288 286 nondum
1302 259 1455 296 possum.
1477 248 1525 285 Et
1536 249 1589 284 ta·

60 325 139 350 men
163 313 275 349 facere
298 312 406 354 nolui,
431 314 471 348 ut
497 312 542 349 D.
567 310 736 347 Pellicani
754 311 865 348 nostri
882 311 992 348 filium
1012 314 1042 356 ¹)
1061 310 1134 346 sine
1152 310 1237 346 meis
1248 308 1462 346 adteliteris
1474 309 1590 345 dimit-

59 377 178 416 terem,
203 374 262 421 qui
287 374 353 409 iam
379 373 445 409 iter
461 384 564 409 suum
581 372 719 409 differre
737 372 884 420 amplius
901 384 971 408 non
990 371 1105 419 potuit
1123 374 1265 419 propter
1278 371 1448 408 nundinas
1460 371 1588 407 Franc-

61 433 260 470 sordienses.
308 432 409 469 Vidit
434 433 463 469 is
489 433 753 480 incompositam
778 432 891 470 adhuc
915 432 1150 469 Ecclesiarum
1174 434 1370 468 nostrarum
1395 431 1531 473 faciem,
1555 434 1590 466 ct

60 494 273 542 quorundam
300 493 521 541 intemperias
546 494 692 536 audivit,
716 494 774 542 qui
798 494 979 530 doctrinae
1003 495 1143 530 nostrae
1166 505 1374 530 consensum
1391 491 1590 540 perturbare

47 555 173 591 adhuc
206 558 389 592 conantur.
426 555 503 602 Ego
526 555 644 602 cogito
667 555 703 591 in
728 554 793 591 hoc
817 553 917 591 nobis
941 554 1116 591 admixtos
1140 565 1228 598 esse,
1256 557 1296 591 ut
1319 565 1382 590 nos
1407 556 1591 590 exerceant

59 620 162 664 atque
186 616 229 652 ad
254 615 421 652 tuendam
445 616 639 652 doctrinam
664 627 780 652 veram
806 617 915 663 magis
941 615 1108 652 sollicitos
1134 616 1277 652 faciant.
1311 615 1489 653 Vinoimus
1514 614 1592 651 illos

60 680 228 724 quantum
254 688 439 724 possumus
466 676 733 713 mansuetudine
760 680 796 714 et
820 678 986 724 patientia
1010 680 1046 714 et
1071 688 1251 725 precamur
1275 676 1344 713 illis
1358 678 1507 713 mentem
1524 688 1592 712 me·

59 738 189 777 liorem.
215 738 360 774 Interim
377 742 493 774 tamen
507 738 617 775 indies
634 737 774 786 plurimi
785 738 828 774 ad
842 740 982 774 nostrae
998 737 1176 775 doctrinae
1188 749 1392 774 consensum
1407 737 1592 779 accedunt,

59 798 119 834 sed
144 810 278 835 rursum
315 799 547 846 Magistratus
575 799 790 847 negligentia
813 811 883 835 non
909 800 1011 847 pauci
1034 811 1055 835 a
1079 798 1179 836 nobis
1201 798 1244 835 ad
1269 802 1384 835 sectas
1409 798 1590 834 deficiunt.

61 859 137 906 Ego
168 871 302 896 rursum
338 860 440 908 paulo
474 862 586 897 minus
612 860 691 898 hinc
715 860 931 908 propellebar
965 861 1190 908 instigatione
1214 859 1312 896 aulae
1339 859 1593 907 Burgundicae,

61 919 119 957 ubi
151 932 194 957 ex
219 922 404 958 Germania
429 922 605 969 superiore
630 921 820 964 rediissem,
843 921 904 958 sed
927 923 994 958 iam
1019 922 1144 958 iterum
1168 921 1443 969 conquieverunt
1467 921 1594 957 omnia.

61 979 292 1017 Vehementer
323 982 411 1018 male
448 982 551 1018 habet
584 981 779 1029 Theologos
817 982 1058 1023 Brabanticos‚
1084 981 1178 1030 quod
1203 982 1304 1019 multi
1328 981 1437 1018 indies
1462 980 1506 1017 ad
1530 992 1592 1016 nos

58 1052 95 1075 se
127 1041 223 1077 illinc
255 1042 434 1078 conferant
468 1053 662 1090 nomenque
699 1054 812 1078 meum
838 1042 982 1078 consilio
1007 1042 1087 1078 huic
1115 1054 1180 1078 suo
1203 1045 1417 1090 praetexant.
1467 1044 1593 1088 Agunt

58 1101 175 1149 itaque
211 1102 321 1138 modis
347 1102 520 1146 omnibus,
548 1106 590 1139 ut
612 1103 693 1139 hinc
718 1103 900 1150 propellar‚
927 1106 1088 1139 metuunt
1111 1104 1202 1139 enim
1229 1116 1272 1140 ne
1296 1103 1520 1150 Groningana
1543 1102 1593 1138 di-

59 1162 109 1198 tio
141 1165 177 1198 et
209 1163 320 1199 Frisia
352 1163 507 1201 Occidua
538 1176 614 1200 mea
651 1163 705 1201 hic
739 1164 934 1212 praesentia
959 1165 994 1201 in
1020 1165 1186 1201 haeresim
1212 1166 1367 1200 nostram
1394 1163 1594 1211 pertrahan-

59 1226 129 1260 tur.
181 1223 314 1271 Optimi
338 1224 428 1260 enim
453 1225 579 1272 quique
602 1228 759 1272 pastores
785 1226 966 1273 utriusque
991 1225 1094 1261 huius
1118 1225 1261 1261 ditionis
1287 1224 1409 1261 relicta
1434 1236 1497 1260 sua
1521 1222 1597 1259 ido-

60 1283 195 1320 lolatria
228 1284 272 1321 ad
306 1297 359 1320 me
393 1286 602 1332 confugiunt
633 1288 669 1321 et
694 1298 769 1322 mea
792 1298 895 1333 opera
921 1285 974 1322 hic
999 1285 1125 1322 nostris
1151 1285 1318 1322 Ecclesiis
1344 1285 1593 1332 praeficiuntur

36 1344 210 1392 ,aliosque
239 1356 357 1381 secum
384 1357 455 1382 non
481 1358 608 1393 paucos
635 1346 830 1383 adducunt.
881 1347 928 1383 Et
953 1346 1101 1383 assiduis
1127 1349 1303 1394 praeterea
1329 1346 1438 1382 literis
1473 1345 1594 1382 Eccle-

61 1406 132 1448 siis,
170 1418 256 1454 quas
298 1407 521 1455 reliquerunt,
554 1408 725 1456 detegunt
757 1407 975 1445 idalolatriae
1012 1411 1047 1444 et
1080 1408 1270 1455 impietatis
1306 1407 1592 1455 magnitudinem,

60 1479 162 1515 quam
186 1467 266 1504 illos
292 1467 449 1504 descrere
474 1468 668 1516 oportebat.
710 1469 767 1506 Ita
793 1481 858 1516 ego
883 1481 961 1505 reus
987 1481 1064 1505 sum
1089 1469 1254 1510 omnium,
1279 1472 1317 1505 et
1343 1480 1397 1504 me
1423 1468 1589 1516 propulso

59 1529 174 1565 omnia
198 1529 281 1565 haec
305 1534 482 1566 cessatura
506 1542 581 1566 esse
605 1534 742 1578 putant.
782 1530 851 1567 Sed
878 1531 1044 1578 Princeps
1069 1535 1189 1567 nostra
1215 1534 1269 1567 est
1292 1531 1376 1566 forti
1399 1530 1592 1566 constanti-

58 1601 126 1637 que
159 1589 194 1625 in
220 1589 283 1625 hac
308 1593 405 1637 parte
430 1590 555 1633 animo,
581 1591 716 1626 etiamsi
740 1591 785 1627 sit
810 1591 972 1628 foemina.
1021 1592 1144 1637 Itaque
1169 1595 1376 1638 postremam
1399 1590 1487 1626 hano
1509 1602 1593 1637 quo-

58 1662 124 1698 que
158 1654 399 1698 tempestatem
432 1650 467 1687 in
491 1663 543 1687 me
567 1651 778 1688 concitatam
804 1652 870 1687 iam
896 1652 1120 1699 compescuit.
1167 1651 1315 1687 Interim
1343 1655 1457 1686 tamen
1482 1649 1594 1686 indies

59 1713 204 1748 allluunt
227 1713 350 1748 fratres
376 1712 525 1760 profugi,
549 1724 635 1760 quos
659 1712 842 1760 recipimus
868 1716 904 1749 et
929 1725 991 1759 pro
1017 1712 1107 1749 virili
1132 1714 1252 1748 nostra
1277 1711 1511 1748 sublevamus.

103 1773 366 1809 Confessionem
392 1776 542 1808 vestram
569 1773 722 1820 percurri
748 1774 874 1821 potius„
900 1785 1003 1821 quam
1029 1773 1109 1820 legi,
1135 1773 1288 1809 lecturus
1312 1772 1425 1808 adhuc
1450 1771 1594 1819 diligen-

58 1835 140 1876 tius,
172 1834 275 1871 simul
305 1838 411 1882 atque
445 1834 584 1870 libellus
617 1834 873 1882 compingetur.
921 1834 988 1870 Sed
1014 1835 1050 1870 in
1074 1845 1180 1870 cursu
1201 1834 1262 1870 illo
1288 1833 1447 1870 lectionis
1472 1833 1592 1880 depre-

62 1894 165 1931 hendi
190 1893 359 1943 quaedam
383 1894 540 1931 acerbius
567 1895 672 1943 paulo
696 1895 789 1933 dicta
813 1895 848 1931 in
872 1894 1080 1937 Lutherum,
1114 1907 1216 1943 quam
1251 1905 1369 1930 revera
1394 1893 1594 1930 voluissem.

59 1956 177 1992 Toties
208 1957 298 1992 enim
333 1956 384 1992 illi
416 1955 625 1992 adscribitur
660 1955 796 1992 effrenis
831 1955 968 1993 dicendi
994 1955 1112 1999 libido,
1138 1954 1363 2002 impudentia,
1386 1955 1594 2001 arrogantia,

60 2016 205 2058 vanitas,
231 2019 270 2052 ut
293 2028 363 2053 non
388 2017 424 2052 in
449 2016 512 2053 hac
537 2016 648 2053 solum
673 2016 939 2053 sacramentaria
965 2017 1213 2059 controversia,
1237 2016 1298 2053 sed
1322 2016 1357 2053 in
1380 2020 1456 2053 tota
1472 2028 1593 2064 propc-

61 2075 199 2112 modum
227 2076 317 2112 illius
340 2076 500 2113 doctrina
526 2077 610 2113 fides
636 2077 782 2113 hominis
810 2077 845 2113 in
872 2076 1015 2113 dubium
1042 2080 1198 2113 vocetur.
1225 2077 1307 2113 Non
1332 2088 1434 2124 nego,
1450 2076 1591 2112 nimium

58 2137 122 2174 sibi
149 2137 184 2173 in
208 2137 371 2174 iaciendis
396 2138 432 2174 in
456 2150 517 2174 vos
542 2138 744 2175 nominatim
771 2139 935 2175 convitiis
961 2137 1146 2174 indulsisse
1163 2137 1370 2180 Lutherum,
1387 2140 1491 2185 atque
1505 2139 1591 2174 fines

60 2198 277 2234 Christianae
315 2197 494 2234 charitatis
539 2198 643 2246 longo
686 2198 872 2235 intervallo
904 2199 1135 2242 transiluisse,
1170 2199 1230 2234 sed
1266 2198 1331 2236 hoc
1365 2199 1415 2234 illi
1452 2202 1591 2245 propter

62 2258 234 2307 praeclara
266 2258 394 2306 alioqui
419 2258 510 2294 illius
548 2259 582 2295 in
620 2258 752 2295 Christi
786 2259 977 2296 Ecclesiam
1012 2259 1134 2295 merita
1157 2258 1421 2295 condonandum
1448 2262 1533 2299 erat.
1558 2262 1593 2294 et

60 2331 101 2355 nc
127 2318 170 2355 ad
196 2317 342 2354 eundem
368 2318 529 2366 lapidem,
559 2319 619 2366 qui
644 2319 678 2355 id
703 2319 738 2355 in
761 2319 916 2355 Luthero
943 2318 1236 2366 reprehendimus,
1262 2319 1400 2365 ipsimet
1425 2319 1592 2366 impinge·

61 2392 186 2417 remus.
234 2379 285 2416 Ut
318 2380 408 2417 enim
435 2380 558 2416 leviter
583 2380 772 2428 impingere
798 2380 898 2416 nobis
923 2379 1111 2422 videamur,
1135 2380 1238 2427 culpa
1264 2385 1379 2416 tamen
1405 2392 1474 2416 non
1498 2391 1592 2416 carc·

65 2452 152 2482 mus,
176 2440 206 2475 si
230 2440 332 2476 etiam
358 2440 483 2476 leviter
505 2440 747 2487 impingamus.
777 2439 984 2476 Praestabat
1009 2443 1121 2476 errata
1145 2439 1327 2481 indicasse,
1350 2439 1441 2487 quod
1453 2439 1590 2487 quidem

62 2501 200 2547 pulchre
234 2500 315 2537 mihi
349 2500 563 2548 praestitisse
597 2499 772 2543 videmini,
809 2500 868 2537 sed
902 2501 990 2537 citra
1015 2499 1271 2543 contumeliam,
1298 2512 1365 2547 qua
1389 2500 1473 2536 nihil
1496 2500 1590 2536 aliud

60 2561 225 2597 efficimus
251 2572 380 2603 revera,
403 2572 504 2608 quam
531 2560 623 2608 quod
650 2565 686 2596 et
710 2561 903 2598 doctrinam
929 2562 1037 2608 ipsam
1064 2564 1100 2597 et
1125 2561 1350 2596 ministerium
1377 2561 1460 2596 item
1476 2561 1591 2597 Evan-

60 2622 141 2668 gelii
165 2622 200 2658 in
225 2621 352 2657 nostris
379 2621 542 2657 Ecclesiis
567 2621 658 2668 apud
683 2622 899 2658 adversarios
926 2622 1144 2658 infamamus.
1168 2621 1258 2657 Satis
1282 2624 1354 2657 erat
1367 2620 1591 2663 dixissc,mea

62 2682 257 2718 sententia:
291 2682 388 2718 nHic
414 2681 546 2717 fallitur
570 2681 780 2724 Luthcrus'',
807 2696 824 2714 n
840 2682 910 2718 Hic
935 2684 1072 2728 praeter
1097 2681 1258 2717 meritum
1282 2685 1436 2718 nostrum
1462 2682 1594 2718 invehi-

64 2745 143 2777 tur”
167 2746 203 2778 et
227 2741 261 2778 id
287 2754 397 2790 genus
424 2742 545 2784 multa,
569 2753 656 2789 quae
683 2745 836 2778 nostram
863 2742 954 2778 tucri
980 2741 1210 2778 innocentiam
1237 2744 1395 2789 possunt,
1420 2742 1448 2778 si
1473 2754 1594 2789 appro-

64 2801 197 2845 bentur,
222 2803 361 2839 interim
387 2806 502 2843 tamen
528 2815 596 2839 uon
624 2802 839 2839 labefactant
865 2803 1066 2851 cuiusquam
1093 2803 1237 2839 alterius
1262 2814 1387 2839 nomen
1411 2806 1516 2850 atquc
1534 2815 1593 2839 cx-

65 2862 320 2900 istimntionem.
348 2864 456 2900 Dabis
480 2867 596 2900 autem
625 2865 770 2906 veniam,
797 2864 862 2901 Vir
887 2864 1199 2901 Christianissime!
1224 2864 1316 2912 quod
1342 2864 1424 2901 haec
1442 2877 1503 2913 pro
1519 2877 1593 2901 mea

65 2923 222 2960 libertate
258 2926 307 2961 ita
340 2926 381 2960 ad
419 2930 452 2960 te
478 2925 636 2961 sci-iham.
690 2926 833 2961 Afficior
859 2926 905 2961 ita
932 2937 1013 2972 erga
1038 2928 1186 2960 vestram
1214 2924 1416 2966 Ecclesiam,
1452 2929 1489 2960 ut
1513 2936 1595 2972 erga

1332 2986 1400 3020 35*
