1830 3147
1601 108 1672 145 165

127 216 166 250 ut
203 212 347 252 dictum
384 218 452 259 est,
480 227 546 252 suo
576 214 709 252 ordine
737 215 951 254 succedant.
1004 216 1094 254 Post
1122 217 1293 267 singulos
1321 224 1444 256 autem
1473 232 1669 257 consessus

126 278 299 316 Seniores
338 279 385 316 ad
419 278 458 316 id
494 278 682 327 designati
718 280 844 319 lances
880 294 1029 319 rursum
1064 295 1109 320 ac
1134 284 1283 334 pocula,
1309 297 1374 335 per
1402 284 1593 322 Diaconos
1620 284 1668 322 ad

123 343 164 380 id
192 343 390 395 deputatos
419 344 543 381 denuo
572 345 738 396 impleta,
765 346 812 384 ad
841 347 1092 385 meditullium
1122 362 1272 386 mensae
1299 354 1386 388 ante
1414 350 1670 387 Ecclesiasten

125 409 256 447 ordine
293 423 360 447 suo
400 411 567 448 referunt
594 424 638 448 ac
664 416 865 462 reponunt,
900 417 936 451 et
967 414 1212 452 Ecclesiastes
1241 415 1363 454 denuo
1391 417 1501 455 etiam
1530 430 1665 467 panem

125 486 145 510 e
177 474 285 511 lance
321 473 463 512 maiore
501 479 691 525 sumptum
719 476 758 514 in
787 477 951 516 minores
978 479 1106 516 lances
1134 483 1220 517 ante
1249 492 1288 517 se
1314 481 1509 532 repositas,
1536 495 1666 533 quem·

122 537 328 575 admodum
366 543 402 576 et
438 543 562 583 antea,
599 540 756 589 frangit,
793 547 978 592 quantum
1013 556 1081 594 pro
1109 557 1338 595 unoquoque
1368 559 1547 585 consessu
1575 548 1666 585 satis

123 615 204 640 esse
232 602 346 640 videt.
402 603 552 654 Sicqne,
580 604 869 644 observantibus
899 621 1043 659 semper
1071 609 1226 660 reliquis
1255 610 1477 649 Senioribus
1505 625 1548 648 ae
1576 611 1667 649 Dia-

125 666 230 704 conis
267 670 389 705 totam
426 668 650 714 Ecclesiam,
688 671 896 709 succedunt
925 673 990 710 alii
1018 673 1114 719 aliis,
1151 678 1192 712 ut
1221 674 1362 712 dictum
1391 681 1458 722 cst,
1487 677 1533 714 ad
1561 691 1670 715 men-

122 745 202 769 sam
229 731 473 770 Dominicarn
512 734 550 771 in
581 748 728 772 summo
759 736 910 774 silentio
938 741 1078 775 etcum
1101 752 1246 776 summa
1264 740 1462 785 modestia,
1490 755 1536 779 ne
1554 742 1666 779 lectio

121 809 227 834 sacra
263 798 532 848 quoquomodo
569 799 856 840 intcrturbetur.
911 802 1117 853 Postquam
1153 809 1277 842 autem
1318 805 1388 841 viri
1417 809 1565 844 Coenae
1591 806 1665 844 iam

123 861 346 900 Dominicae
381 863 670 914 participarunt,
706 869 786 902 tum
817 866 965 904 demum
995 867 1182 906 foeminae
1210 869 1323 907 etiam
1352 870 1429 908 suis
1457 871 1669 917 ordinibus,

122 927 436 977 quemadmodum
476 934 511 966 et
551 929 632 975 viri,
670 929 716 967 ad
754 943 923 968 mensam
963 931 1202 971 Dominicam
1234 937 1345 982 (257)
1374 936 1558 974 accedunt
1587 937 1667 974 sine

120 992 198 1030 ullo
226 993 369 1044 alioqui
397 994 576 1044 peculiari
604 994 748 1032 delectu
775 1009 1033 1046 personarum,
1060 999 1125 1036 sed
1145 1005 1184 1037 ut
1203 1001 1405 1052 unicuique
1426 1003 1665 1041 commodum

120 1061 189 1102 est,
217 1063 366 1108 sumpto
394 1057 503 1095 initio
533 1058 579 1095 ab
608 1059 667 1102 iis,
696 1073 790 1110 qnae
817 1062 1000 1099 remotius
1029 1063 1112 1101 aliis
1140 1065 1179 1102 in
1209 1071 1317 1103 coetu
1346 1066 1538 1105 sedebant.
1570 1067 1665 1105 Lec-

120 1126 179 1158 tor
217 1135 305 1159 vero
342 1122 383 1159 in
412 1123 574 1172 singulis
603 1125 844 1162 consessibus
872 1125 1115 1178 interrumpit
1143 1142 1248 1166 suam
1275 1130 1489 1173 lectionem,
1518 1132 1582 1169 ubi
1612 1132 1667 1169 vi-

122 1184 183 1222 det
231 1190 375 1236 tempus
412 1185 487 1223 iam
523 1186 653 1224 adesse
689 1187 895 1226 exhibendi
930 1203 996 1241 per
1033 1191 1289 1231 Ecclesiasten
1324 1195 1433 1245 panis
1469 1201 1505 1233 et
1541 1196 1668 1246 poculi

122 1247 269 1285 Coenae
305 1247 364 1294 iis,
401 1249 467 1299 qui
503 1250 773 1297 accubuerunt,
811 1255 857 1298 et,
893 1252 1067 1291 absoluto
1097 1260 1202 1292 sexto
1230 1256 1387 1294 Ioannis
1417 1258 1548 1308 capite.
1576 1272 1665 1308 pro-

122 1313 290 1363 sequitur
318 1327 421 1351 suam
452 1315 650 1353 lectionem
680 1316 719 1353 in
747 1316 915 1355 eiusdem
944 1319 1213 1369 Euangelistae
1241 1323 1429 1373 capitibus
1462 1326 1521 1368 13,
1542 1327 1602 1369 14,
1620 1327 1664 1362 15

120 1382 157 1416 et
186 1378 376 1430 deinceps,
407 1379 525 1417 donec
554 1386 634 1419 tota
663 1382 810 1421 Coenae
838 1385 936 1422 actio
965 1385 1197 1425 absolvatur.
1227 1388 1514 1440 Nonnunquam
1541 1395 1667 1428 tamen

119 1444 297 1492 leguntur
324 1445 398 1482 alia
428 1459 472 1483 ex
502 1446 700 1497 scripturis
729 1448 853 1495 etiam,
882 1463 949 1500 pro
979 1464 1021 1488 eo
1051 1464 1094 1488 ac
1125 1452 1296 1491 Ministri
1323 1454 1517 1493 Ecclesiae
1544 1457 1581 1494 id
1610 1457 1668 1494 iu·

120 1507 249 1546 dicant
277 1522 322 1546 ex
349 1509 492 1548 maiore
522 1524 591 1548 usu
620 1511 814 1551 Ecclesiae
843 1516 923 1552 sore
951 1516 999 1553 ad
1028 1517 1108 1554 eius
1137 1518 1450 1558 aedificationem.

171 1574 262 1612 Post
290 1574 503 1613 absolutam
531 1589 643 1627 porro
673 1582 794 1616 totam
824 1581 971 1618 Coenae
1000 1582 1189 1620 actionem
1217 1585 1379 1635 imponit
1406 1587 1524 1624 lector
1553 1588 1665 1625 finem

120 1655 208 1679 suae
244 1656 263 1680 e
301 1649 480 1693 suggestu
515 1645 683 1692 lectioni,
719 1652 755 1684 et
793 1647 969 1686 Minister
1007 1651 1072 1700 qui
1101 1651 1265 1689 Coenam
1293 1653 1572 1693 administravit
1601 1669 1664 1693 seu

121 1705 369 1745 Ecclesiastes
400 1709 521 1758 surgit
550 1723 570 1746 a
598 1723 729 1748 mensa
756 1725 811 1757 ac,
838 1712 937 1750 inter
965 1714 1060 1752 alios
1090 1715 1288 1754 Ministros
1317 1723 1352 1755 ct
1375 1719 1550 1757 Seniores
1579 1726 1664 1758 ante

118 1784 285 1810 mensam
314 1773 458 1812 medius
488 1775 712 1820 consistens,
741 1776 952 1816 Ecclesiam
980 1785 1098 1818 totam
1127 1781 1230 1820 hisce
1258 1783 1382 1822 verbis
1410 1785 1638 1836 alloquitur:

173 1918 190 1936 u
203 1902 353 1941 Credite
380 1909 416 1941 et
443 1918 489 1942 ne
516 1905 687 1944 dubitate
716 1920 858 1955 omnes,
886 1910 950 1960 qui
980 1911 1127 1950 Coenae
1156 1913 1243 1950 huic
1270 1913 1491 1953 Dominicae
1519 1917 1559 1953 in
1586 1931 1665 1955 me-

120 1967 274 2005 moriam
303 1969 436 2006 mortis
466 1970 608 2009 Christi
635 1973 892 2024 participastis
922 1988 1006 2013 cum
1037 1979 1206 2027 mysterii
1235 1980 1292 2016 sui
1321 1982 1569 2031 reputatione,
1597 1983 1663 2020 ha-

119 2031 204 2069 bere
242 2046 307 2070 vos
346 2038 484 2072 certam
520 2041 557 2072 et
593 2037 794 2076 salutarem
826 2053 910 2077 cum
936 2040 1018 2091 ipso
1049 2045 1484 2093 commu-(258)nionem
1511 2047 1550 2084 in
1580 2060 1662 2085 cor·

120 2110 210 2147 pore
239 2103 275 2136 et
303 2100 487 2149 sanguine
515 2114 583 2138 suo
612 2103 659 2140 ad
690 2103 802 2141 vitam
832 2109 1036 2144 aeternam.
1065 2108 1230 2146 Amen.''

166 2225 313 2264 Deinde
347 2227 486 2267 invitat
521 2230 734 2269 Ecclesiam
771 2233 819 2270 ad
855 2234 1049 2284 publicam
1076 2237 1284 2285 gratiarum
1312 2240 1501 2279 actionem
1526 2242 1658 2280 istius-

121 2289 225 2326 modi
252 2292 507 2341 praefatione:

171 2371 188 2388 u
204 2355 404 2395 Neminem
442 2363 607 2397 vestrum
645 2373 724 2399 esse
761 2366 866 2413 puto,
902 2365 967 2415 qui
1004 2366 1102 2403 intra
1133 2380 1212 2405 sese
1241 2369 1387 2408 Coenae
1416 2370 1527 2410 huius
1555 2374 1662 2412 testi-

115 2420 242 2457 monio
272 2435 349 2459 non
377 2424 515 2462 sentiat
544 2425 618 2462 vim
646 2439 691 2463 ac
718 2427 884 2466 fructum
912 2434 1063 2469 nostrae
1093 2445 1176 2469 cum
1202 2433 1351 2472 Christo
1373 2436 1536 2475 Domino
1558 2451 1661 2476 com-

114 2485 305 2524 munionis
343 2487 384 2525 in
423 2501 580 2539 corpore
618 2495 653 2528 et
691 2493 873 2541 sanguine
901 2494 1033 2545 ipsius,
1070 2497 1230 2547 quietem
1261 2498 1434 2538 videlicet
1462 2515 1504 2538 ac
1532 2516 1660 2554 pacem

115 2554 259 2589 vestrae
300 2553 553 2591 conscientiae
591 2559 741 2606 propter
780 2558 1039 2598 innocentiam
1077 2562 1262 2601 iustitiam
1300 2565 1472 2604 meritum
1512 2572 1547 2605 et
1583 2569 1662 2606 vic-

113 2616 250 2653 toriam
280 2617 422 2656 Christi
451 2619 618 2666 Domini,
646 2635 742 2672 quae
769 2623 845 2661 iam
873 2626 1001 2664 omnia
1031 2631 1108 2664 tam
1137 2633 1238 2666 certo
1268 2636 1395 2668 nostra
1418 2645 1497 2670 esse
1516 2635 1661 2672 Coenae

113 2679 225 2718 huius
254 2695 322 2719 usu
352 2696 398 2720 ex
428 2684 568 2722 Christi
597 2685 715 2736 ipsius
742 2687 985 2728 institutione
1012 2692 1139 2729 testati
1167 2706 1307 2741 sumuse
1335 2709 1445 2746 quam
1470 2711 1538 2735 nos
1560 2688 1662 2737 certi>

112 2744 157 2782 de
191 2759 288 2796 pane
322 2751 359 2784 et
400 2749 537 2798 poculo
569 2751 716 2789 Coenae
743 2753 884 2792 nostris
912 2754 987 2806 ipsi
1014 2757 1189 2795 manibus
1217 2765 1423 2811 nostroque
1451 2775 1514 2800 ore
1542 2764 1658 2814 parti-

111 2806 256 2858 cipasse
294 2810 446 2850 scimus.
502 2814 617 2864 Spero
656 2815 742 2853 item
780 2830 846 2855 vos
883 2832 1014 2858 omnes
1050 2822 1089 2858 in
1129 2826 1253 2860 vestro
1292 2824 1338 2862 ad
1368 2826 1530 2864 Coenam
1562 2828 1659 2866 hanc

108 2874 287 2912 accubitu
314 2875 473 2916 intuitos
500 2892 580 2916 esse
608 2879 694 2917 fidei
723 2888 867 2920 vestrae
895 2886 1015 2924 oculis
1046 2887 1197 2926 beatum
1223 2889 1329 2928 illum
1360 2891 1399 2930 in
1431 2905 1548 2942 regno
1569 2894 1657 2931 olim
