1830 3147
62 238 283 271 Sacerdotium

109 280 242 314 Christi.

41 1256 125 1287 Psal.
152 1256 219 1288 llO.

43 1298 142 1330 Hebr.
166 1297 194 1330 7.

42 1573 129 1604 Luca
151 1574 180 1603 4.

44 1616 115 1648 Esa.
139 1616 189 1647 61.

43 1857 160 1890 Hebre.
184 1857 212 1891 7.

46 2165 60 2195 1
87 2165 154 2196 Pet.
179 2165 207 2196 2.

44 2227 124 2259 Heb.
148 2226 176 2259 7.
201 2227 248 2258 10.

46 2554 127 2586 Heb.
152 2554 180 2587 7.
205 2556 233 2586 9.

325 107 398 142 310
834 110 946 139 coNF.
977 111 1085 139 ecci..
1114 110 1231 138 tom).

378 214 637 253 Sacerdotium
667 213 810 250 christi
838 225 1026 250 summum
1053 217 1165 263 atque
1192 215 1385 250 aeternum
1414 213 1454 250 in
1477 212 1548 250 Dei
1567 212 1736 252 Ecclesia

328 279 439 318 nobis
476 277 757 316 commendatur
794 277 894 315 varie
929 276 969 315 in
1007 277 1214 328 seripturis,
1248 290 1324 315 non
1362 280 1511 315 tantum
1549 278 1660 315 claris
1693 292 1737 316 ac

329 344 536 396 perspicuis
565 342 770 394 scripturae
796 340 1037 385 testimoniis,
1064 346 1140 379 tam
1168 341 1402 393 Propheticis
1431 355 1542 393 quam
1572 345 1735 394 Aposto-

327 409 424 455 licis,
458 408 521 446 sed
558 407 734 445 omnibus
761 406 872 444 etiam
899 405 1019 457 typici
1045 406 1134 443 olim
1164 407 1360 445 sacerdotii
1390 407 1502 452 notis,
1529 407 1736 446 functioni-

330 473 400 511 bus
437 476 547 524 atque
582 475 775 523 apparatu,
812 483 906 521 quae
943 469 1068 508 omnia
1106 484 1127 507 a
1164 471 1280 509 Paulo
1306 471 1346 509 in
1375 471 1532 522 epistola
1560 472 1605 509 ad
1635 472 1735 512 Heb.

329 537 535 576 clarissime
562 540 598 575 et
627 534 884 587 copiosissime
912 537 1168 586 exponuntur.

379 730 481 770 Quia
509 742 594 768 vero
622 729 722 780 Papa
751 740 836 766 cum
865 739 932 765 suo
959 739 1071 777 grege
1100 726 1255 764 Domini
1283 727 1373 765 Iesu
1402 727 1651 765 sacerdotium
1670 741 1736 765 suo

327 795 536 834 sacerdotio
564 793 805 846 praetendere
822 796 989 839 conatur,
1018 797 1053 830 et
1081 805 1158 830 non
1187 792 1321 830 desunt
1348 791 1446 829 inter
1475 796 1592 830 sectas
1614 792 1738 836 etiam,

327 862 392 912 qui
435 860 528 899 illud
572 860 774 897 obscurare
818 857 1090 908 obliterareque
1128 857 1272 903 volunt,
1308 860 1420 895 notae
1454 857 1557 894 illius
1594 871 1614 895 a
1651 859 1737 905 (15)

328 925 469 976 Spiritu
506 925 546 963 S.
582 924 622 961 in
651 923 847 974 scripturis
873 922 985 960 nobis
1012 921 1183 973 proditae
1212 921 1469 960 observandae
1496 925 1596 966 sunt,
1623 926 1663 959 ut
1691 922 1737 958 il-

326 990 392 1028 lud
429 990 475 1028 ab
512 989 595 1027 aliis
634 987 854 1026 sacerdotiis
892 986 1102 1025 discernere
1140 987 1341 1037 possimus,
1370 985 1668 1036 dignitatemque
1694 999 1739 1023 ac

326 1054 583 1094 aeternitatem
609 1053 710 1091 illius
737 1064 998 1102 agnoscamus.

378 1252 412 1288 1.
466 1248 592 1287 Prima
618 1250 709 1284 nota.
737 1244 938 1283 sacerdotii
967 1243 1109 1281 Christi
1136 1242 1258 1280 nostri
1285 1245 1353 1287 est,
1380 1240 1482 1292 quod
1510 1240 1639 1279 addito
1668 1240 1737 1278 Dci

324 1314 442 1365 ipsius
477 1311 716 1350 iureiurando
752 1309 971 1347 institutum
1008 1307 1066 1354 sit,
1105 1320 1189 1344 cum
1225 1306 1457 1344 Aaronicum
1486 1304 1736 1343 sacerdotium

326 1379 406 1417 sine
440 1374 685 1415 iurisiurandi
718 1374 901 1423 religione
928 1373 1001 1410 ulla
1029 1372 1242 1409 institutum
1272 1385 1353 1409 esse
1381 1374 1537 1415 constet,
1565 1384 1606 1408 eo
1636 1370 1738 1420 quod

324 1444 494 1494 typicum
530 1441 865 1492 imperfectumque
900 1442 990 1484 erat,
1019 1441 1054 1475 et
1080 1441 1165 1488 post
1193 1440 1365 1474 exortum
1395 1435 1535 1473 Christi
1565 1434 1737 1473 sacerdo-

326 1509 420 1547 tium
450 1520 593 1545 cessare
623 1505 794 1543 debebat.

378 1577 414 1611 2.
469 1570 642 1610 Secunda
676 1572 766 1607 nota
803 1565 1003 1605 sacerdotii
1041 1565 1180 1604 Christi
1216 1569 1281 1611 est,
1319 1564 1418 1616 quod
1449 1564 1497 1602 sit
1524 1563 1735 1601 institutum

327 1638 407 1676 sine
443 1636 532 1681 ulla,
568 1647 663 1686 quae
698 1632 874 1671 manibus
911 1632 987 1675 fiat,
1025 1630 1233 1667 ceremonia
1269 1634 1334 1667 aut
1370 1628 1644 1673 observatione,
1673 1628 1736 1666 sed

327 1703 405 1741 sola
433 1700 583 1740 coelesti
612 1697 774 1750 Spiritus
803 1696 934 1734 Sancti
958 1694 1149 1733 unctione.

377 1835 412 1870 3,
468 1829 595 1868 Tertia
641 1831 731 1865 nota
778 1829 846 1872 est,
880 1824 980 1876 quod
1017 1827 1073 1861 est
1110 1825 1387 1872 ἀπαράβατον,
1423 1821 1495 1858 hoc
1533 1824 1600 1865 est,
1636 1821 1736 1871 quod

326 1898 431 1936 nulla
460 1893 697 1934 successione
724 1892 900 1941 nullaque
929 1890 974 1927 ab
1004 1889 1088 1926 aliis
1114 1888 1154 1925 in
1183 1888 1276 1925 alios
1294 1886 1542 1924 translatione
1561 1889 1739 1929 mutetur,

327 1962 394 1999 sed
428 1961 468 1998 in
506 1972 579 1997 una
616 1961 727 2008 atque
764 1955 892 1993 eadem
920 1965 1092 2005 persona,
1119 1965 1251 2002 nempe
1278 1951 1318 1988 in
1346 1951 1476 1987 matris
1504 1950 1569 1987 illo
1598 1950 1737 1999 viginis

328 2024 469 2064 Mariae
496 2023 573 2061 filio
602 2021 690 2058 Iesu
717 2019 755 2056 in
784 2022 975 2056 aeternum
1003 2019 1164 2061 maneat,
1191 2015 1311 2065 sitque
1336 2014 1521 2051 Dominus
1545 2014 1608 2051 ille
1631 2014 1737 2050 Iesus

327 2089 397 2127 sub
435 2086 576 2126 Christi
610 2085 722 2123 titulo
760 2086 932 2121 aeternus
968 2080 1009 2119 in
1046 2093 1111 2118 sua
1147 2079 1265 2130 ipsius
1292 2091 1453 2129 persona
1482 2077 1664 2115 Sacerdos
1692 2091 1736 2115 ac

326 2153 501 2192 Pontifex
528 2151 737 2189 animarum
764 2151 992 2186 nostrarum.

378 2222 413 2256 4.
470 2217 616 2256 Quarta
652 2218 741 2253 nota
777 2216 845 2257 est,
881 2211 983 2264 quod
1019 2209 1169 2247 unicam
1206 2207 1341 2246 habeat
1379 2208 1419 2245 in
1448 2220 1515 2244 sua
1542 2207 1737 2245 functione

328 2283 501 2328 hostiam,
538 2280 759 2329 unicamque
795 2277 979 2315 duntaxat
1014 2287 1170 2325 eamque
1206 2273 1316 2324 pleno
1355 2272 1597 2310 sufficientem
1633 2272 1733 2319 illius

328 2347 569 2391 oblationem,
605 2357 676 2395 qua
712 2343 820 2393 plene
855 2354 898 2379 ac
933 2340 1093 2391 perfecte
1129 2338 1413 2376 sanctificantur
1447 2349 1574 2374 omnes
1604 2336 1660 2373 sui
1688 2336 1736 2373 ad

331 2414 446 2452 vitam
481 2414 672 2449 aeternam
709 2408 789 2445 sine
823 2407 901 2444 ulla
928 2405 1082 2443 omnino
1111 2403 1188 2441 eius
1216 2402 1468 2453 qualicunque
1495 2399 1646 2438 tandem
1675 2413 1736 2437 re-

328 2476 520 2528 petitione.
549 2475 635 2522 (16)

381 2543 415 2579 5.
471 2539 615 2578 Quinta
651 2539 741 2575 nota
776 2537 844 2579 est,
880 2532 980 2584 quod
1022 2531 1167 2569 nullum
1203 2530 1318 2567 altare
1355 2528 1471 2570 novit,
1508 2539 1592 2564 cum
1620 2526 1667 2564 sit
1691 2540 1735 2565 ex

328 2604 429 2642 tribu
466 2602 574 2648 Iuda,
610 2601 650 2638 in
678 2612 751 2650 qua
780 2609 891 2635 nemo
918 2595 1061 2634 assistit
1088 2594 1209 2641 altari,
1238 2605 1357 2643 neque
1384 2591 1461 2628 ullo
1490 2590 1733 2639 mysticarum

329 2668 486 2706 vestium
522 2668 702 2717 apparatu
737 2666 832 2712 eget,
866 2666 908 2698 ut
942 2662 1079 2697 Sancta
1117 2659 1241 2709 typica
1268 2656 1511 2705 ingrediatur,
1539 2668 1633 2705 quae
1662 2655 1734 2692 hoc

328 2746 395 2770 suo
425 2731 632 2769 sacerdotio
661 2728 787 2766 omnia
814 2726 1010 2764 abolentur
1038 2728 1188 2775 propter
1216 2721 1421 2760 exhibitam
1452 2719 1645 2758 veritatem
1671 2732 1734 2757 eo-

329 2810 424 2841 rum,
451 2808 546 2846 quac
574 2792 863 2832 adumbrabant.
1724 2789 1727 2792 '
