1830 3147
167 142 231 192 [A.
256 140 302 177 D.
328 138 441 185 1551]
902 132 970 169 648

178 250 223 286 D.
251 247 432 285 Martinus
465 246 627 281 Bucerus
653 255 672 279 e
697 243 790 279 vivis
815 242 966 279 excessit
983 243 1026 289 ⁵).
1075 241 1155 288 Quo
1179 244 1323 279 mortuo
1348 242 1623 280 communicavit
1646 254 1717 280 me-

178 324 260 349 cum
294 310 340 347 D.
374 305 641 345 Cantuariensis
675 304 860 342 consilium
892 303 935 340 de
968 302 1180 340 advocandis
1212 304 1280 342 huc
1312 304 1451 352 aliquot
1481 304 1568 340 viris
1593 304 1719 342 doctis.

181 370 359 420 Proposui
390 369 514 417 itaque
539 366 746 404 Musculum
779 367 823 414 ⁶),
859 364 1104 402 Bibliandrum
1121 367 1151 413 ⁷)
1179 368 1336 403 vestrum
1362 369 1398 403 et
1424 365 1657 403 Castalionem
1676 368 1722 414 ⁸).

183 435 268 483 Ipse
291 444 377 469 vero
402 429 554 467 addebat
579 431 616 466 et
641 428 827 465 Brentium
845 428 889 475 ⁹).
927 426 1007 470 Sed,
1031 438 1111 463 eum
1136 426 1236 464 illum
1261 428 1299 464 in
1315 440 1439 465 caussa
1455 427 1724 465 sacramentaria

186 507 259 532 non
292 491 493 531 consentire
525 490 709 528 nobiscum
742 488 904 532 dicerem,
937 488 1130 536 respondit,
1162 488 1264 526 illum
1296 490 1340 527 de
1364 490 1427 526 hac
1451 502 1490 526 re
1513 489 1582 525 iam
1605 489 1724 528 admo·

186 556 303 593 nitum
340 566 427 591 esse.
475 552 553 600 Ego
584 563 691 600 porro
723 549 950 586 vehementer
983 549 1144 597 optarim,
1177 550 1233 586 vir
1264 550 1501 587 sanctissime!
1528 563 1593 588 nos
1625 550 1681 587 hic
1706 562 1725 587 e

187 617 315 654 vestris
348 615 486 663 aliquos
522 613 657 650 habere.
706 611 914 649 Musonium
947 611 1039 648 enim
1075 611 1173 648 inter
1205 617 1343 650 vestros
1376 614 1445 650 iam
1470 625 1628 650 numero.
1677 613 1728 649 Et

186 677 430 714 Bibliandrum
464 677 693 724 symmystam
718 675 879 710 vestrum
905 684 981 709 esse
1006 673 1075 709 iam
1101 672 1186 709 olim
1211 674 1298 711 scio.
1346 675 1553 722 Datumque
1578 676 1634 711 est
1657 674 1727 711 iam

187 739 370 787 negotium
395 750 457 786 per
483 737 528 774 D.
555 735 845 772 Cantuariensem
870 733 948 770 viro
974 734 1109 782 optimo
1127 734 1260 771 Joanni
1277 735 1422 772 Halesio
1439 737 1483 783 ¹⁰)
1501 738 1544 772 ut
1562 734 1729 772 Musculo

188 803 226 838 et
250 799 466 843 Bihfiandro,
493 798 523 835 si
547 797 668 834 venire
694 796 819 840 velint,
845 795 888 832 de
912 795 1044 832 viatico
1069 796 1295 844 prospiceret.
1344 797 1448 843 Quod
1473 797 1504 833 si
1527 797 1603 833 fieri
1627 808 1730 844 posse

190 863 307 910 putas,
339 863 383 897 ut
418 858 615 896 Castalioni
648 856 914 906 persuadeatur,
949 860 992 893 ut
1025 857 1093 894 huo
1125 870 1162 893 se
1194 857 1365 902 conferat,
1398 870 1527 905 quaeso
1553 861 1602 902 te,
1626 859 1670 893 ut
1694 856 1731 893 id

191 922 363 960 sciscitari
411 920 568 968 mihique
603 918 744 956 demum
777 917 930 954 indicare
963 917 1064 954 velis.
1120 917 1280 954 Libellus
1314 921 1401 954 tuus
1434 919 1477 954 de
1507 918 1733 954 sacramentis

191 986 278 1022 ante
303 982 495 1019 triennium
521 980 564 1017 ad
591 993 645 1017 me
669 979 797 1016 missus
822 979 891 1015 iam
917 978 1060 1015 tandem
1085 978 1150 1016 sub
1176 979 1275 1028 prelo
1300 982 1365 1016 est.
1407 979 1480 1016 Ubi
1505 979 1549 1015 ad
1574 992 1628 1015 me
1652 992 1733 1016 omn

191 1046 327 1093 reliqua
359 1043 599 1080 Bibliothecae
631 1055 727 1078 meae
760 1044 860 1089 parte
894 1054 1007 1089 nuper
1039 1040 1208 1078 advectus
1241 1045 1345 1085 esset,
1371 1041 1513 1077 exhibui
1543 1040 1645 1077 illum
1685 1041 1732 1078 D.

194 1105 452 1145 Cantuariensi.
502 1105 541 1141 Is
575 1117 659 1141 vero
691 1103 753 1140 ubi
777 1103 946 1147 audisset,
971 1102 1128 1140 nondum
1153 1116 1229 1140 esse
1255 1103 1401 1147 editum,
1437 1103 1553 1140 voluit
1587 1108 1629 1139 ut
1655 1103 1733 1140 ede-

195 1171 306 1213 retur,
345 1166 483 1204 etiamsi
516 1179 596 1203 eum
629 1178 702 1202 non
726 1165 884 1212 legisset,
909 1165 974 1201 hoe
998 1164 1139 1208 addens,
1165 1168 1229 1201 tua
1254 1165 1352 1201 nulla
1378 1178 1479 1212 egere
1503 1165 1736 1213 inspectione.

197 1232 328 1278 Itaque
352 1228 553 1277 propediem
579 1227 701 1264 exibit.
737 1226 870 1264 Dicabo
896 1226 996 1262 illum
1015 1227 1128 1263 sorori
1144 1226 1288 1274 Regiae,
1307 1227 1438 1274 virgini
1455 1230 1491 1264 et
1509 1227 1733 1265 doctissimae

196 1296 233 1330 et
258 1290 508 1340 pientissimae,
535 1288 767 1326 Elisabethae.
800 1287 975 1324 Misissem
1002 1288 1067 1324 tibi
1093 1288 1232 1335 aliquot
1257 1288 1478 1336 exemplaria,
1504 1288 1533 1324 si
1550 1288 1736 1325 absolutus

196 1353 334 1397 fuisset,
369 1351 429 1388 sed
462 1352 525 1388 hac
557 1349 771 1387 hebdomade
797 1349 920 1385 futura
944 1348 1149 1385 absolvetur
1170 1351 1226 1396 ¹¹).
1277 1350 1321 1385 D.
1348 1350 1506 1385 Bucerus
1533 1362 1635 1386 orsus
1660 1353 1737 1386 erat

196 1414 445 1452 tractationem
479 1412 522 1450 de
548 1411 781 1448 Sacramentis
807 1410 912 1459 paulo
938 1414 1129 1458 antequam
1154 1414 1362 1455 moreretur,
1394 1411 1455 1448 sed
1480 1424 1555 1447 eam
1581 1425 1652 1448 non
1677 1412 1736 1448 ab·

198 1476 318 1514 solvit.
369 1475 520 1523 Ceperat
555 1475 593 1509 et
626 1472 722 1515 mihi,
756 1474 798 1508 ut
831 1470 947 1514 audio,
982 1470 1025 1507 ad
1059 1483 1134 1507 mea
1159 1470 1380 1519 respondere,
1420 1470 1481 1507 sed
1505 1471 1592 1507 nihil
1617 1484 1738 1507 eorum

199 1537 286 1582 vidi,
321 1536 472 1584 optarim
507 1538 624 1575 tamen
658 1532 800 1569 vidisse.
850 1532 1032 1577 Quantum
1066 1544 1150 1568 vero
1185 1531 1358 1578 intelligo,
1391 1531 1429 1567 in
1465 1544 1529 1568 sua
1561 1532 1741 1579 perstabat

200 1598 379 1638 sententia
409 1598 452 1634 de
488 1595 622 1632 Christi
642 1596 685 1641 ¹²)
719 1594 917 1642 praesentia
950 1596 986 1631 et
1026 1593 1112 1629 reali
1146 1606 1226 1630 cum
1252 1593 1362 1640 signis
1387 1594 1443 1630 vel
1480 1593 1518 1630 in
1543 1594 1653 1640 signis
1678 1597 1742 1630 aut

201 1674 263 1710 per
303 1660 404 1707 signa
436 1657 591 1706 corporis
625 1659 661 1693 et
687 1655 869 1702 sanguinis
895 1655 1028 1692 Christi
1054 1654 1278 1691 exhibitione.
1329 1655 1476 1692 Mittam
1501 1655 1545 1692 ad
1570 1658 1607 1692 te
1633 1655 1742 1699 brevi,

204 1735 295 1771 quae
327 1721 371 1758 ad
404 1732 459 1757 me
484 1719 544 1755 1116
569 1719 723 1761 miserat,
765 1720 802 1754 et
828 1729 918 1764 quae
942 1716 996 1752 illi
1021 1729 1086 1763 ego
1114 1716 1266 1753 vicissim
1292 1717 1464 1764 respondi.
1513 1717 1620 1753 Nunc
1646 1715 1743 1763 qnod

204 1786 328 1827 restat,
360 1795 415 1818 me
448 1783 485 1817 et
510 1783 668 1817 nostram
693 1779 750 1815 hic
775 1778 965 1815 Ecclesiam
991 1777 1151 1825 precibus
1177 1777 1258 1814 istic
1283 1777 1412 1814 vestris
1437 1777 1625 1824 diligenter
1649 1789 1743 1813 eom-

206 1846 344 1890 mendo,
370 1848 407 1881 et
434 1844 561 1880 fratres
586 1855 707 1879 omnes
732 1841 885 1888 collegas
909 1843 993 1877 tuos
1021 1840 1155 1876 salvere
1173 1840 1422 1877 officiosissime
1439 1839 1554 1883 iubeo,
1572 1839 1745 1887 imprimis

206 1920 290 1944 vero
316 1910 451 1955 patrem
476 1906 638 1941 nostrum
664 1903 710 1939 D.
735 1901 969 1938 Pellicanum.
1007 1901 1080 1938 Oro
1106 1906 1154 1944 te,
1180 1901 1234 1937 vir
1251 1901 1495 1948 integerrime!
1522 1900 1566 1936 da
1590 1913 1746 1948 operam,

207 1973 250 2006 ut
283 1967 490 2005 Musonium
527 1966 583 2003 hic
617 1967 653 2002 et
686 1963 932 2001 Bibliandrum
966 1963 1091 1999 habere
1124 1963 1310 2011 possimus,
1343 1966 1407 1999 aut
1440 1962 1470 1999 si
1502 1961 1746 1999 Bibliandrum

208 2030 333 2068 habere
366 2042 438 2066 non
470 2039 659 2076 possumus
694 2025 849 2069 0111111110,
882 2029 925 2062 ut
948 2024 1102 2072 aliquem
1127 2037 1147 2061 e
1172 2024 1299 2061 vestris
1323 2024 1422 2060 illius
1447 2023 1525 2060 loco
1550 2023 1749 2061 habeamus.

210 2091 391 2128 viaticum
425 2089 496 2126 illis
532 2101 602 2125 11011
636 2086 750 2124 deerit
794 2099 910 2134 neque
944 2085 1102 2122 conditio
1135 2085 1293 2130 honesta,
1326 2085 1430 2122 modo
1467 2089 1510 2121 ut
1534 2085 1655 2122 venire
1679 2098 1749 2122 non

209 2156 416 2202 graventur.
465 2150 611 2199 Raptim
636 2148 794 2186 Londini
818 2159 844 2185 x
868 2147 1002 2196 Aprilis
1027 2148 1133 2184 1551.

965 2210 1065 2246 Τ11115
1090 2222 1132 2247 ex
1158 2210 1275 2246 animo
1300 2212 1457 2257 quantus
1483 2209 1625 2246 omnino
1650 2214 1706 2246 est

1164 2273 1333 2309 loriam-:s
1359 2273 1378 2308 a
1403 2272 1538 2307 LAsco.

260 2370 285 2411 ¹)
308 2370 460 2413 Hoperus
490 2369 524 2402 in
558 2380 685 2402 carcere
718 2369 808 2412 degit
840 2369 879 2403 27
914 2369 982 2402 Ian.
1011 2385 1054 2394 —
1076 2369 1175 2401 Mart.
1199 2369 1291 2401 1551.
1336 2368 1386 2400 Cf.
1409 2369 1552 2406 STRYPE,
1576 2379 1606 2400 0.
1628 2367 1649 2399 1.
1672 2367 1702 2399 I.
1724 2377 1755 2408 p.

215 2428 289 2459 311.
335 2428 362 2467 2)
386 2428 437 2459 Sc.
461 2427 659 2458 Gloncester.
705 2426 732 2467 ³)
757 2426 869 2468 Steph.
893 2425 1053 2458 Gardiner
1075 2425 1136 2467 Ep.
1161 2425 1293 2457 Vinton.
1338 2425 1389 2456 Cf.
1412 2425 1554 2462 STRYPE,
1578 2436 1607 2456 0.
1630 2423 1652 2455 l.
1673 2423 1700 2455 Ι.
1724 2433 1756 2464 p.

218 2484 290 2515 324.
314 2484 342 2523 ⁴)
365 2483 423 2515 Dr.
446 2483 572 2520 Poinet,
596 2483 633 2513 B.
657 2483 693 2514 of
712 2482 891 2513 Rochester
913 2485 933 2522 †
956 2482 1049 2514 1556.
1073 2481 1122 2513 Cf.
1147 2483 1290 2520 Smrm,
1314 2492 1342 2513 o.
1367 2481 1388 2515 1.
1412 2482 1483 2513 325.
1507 2481 1668 2518 GORHAM,
1692 2491 1721 2511 ο.
1734 2479 1757 2512 1.

220 2540 292 2571 245.
323 2540 350 2578 ⁵)
374 2539 423 2570 Sc.
447 2539 487 2570 28
511 2538 606 2569 Febr.
631 2538 723 2569 1551.
747 2538 797 2569 Cf.
822 2538 985 2576 GORHAM,
1009 2548 1039 2569 ο.
1061 2537 1083 2569 l.
1107 2537 1179 2570 257.
1215 2538 1241 2577 6)
1265 2536 1385 2578 Wolfg.
1406 2536 1511 2567 Musc.
1534 2538 1610 2567 tunc
1634 2534 1757 2565 Bernae

221 2595 366 2626 docebat.
389 2594 458 2626 Iam
481 2595 525 2626 ³⁰.
548 2594 597 2624 ’48
621 2593 814 2625 Cranmerus
838 2604 911 2625 eum
934 2593 1166 2625 officiosissime
1197 2593 1400 2625 invitaverat.
1422 2593 1450 2632 ⁷)
1474 2591 1535 2623 Th.
1557 2590 1642 2622 Bibl.
1665 2590 1759 2631 Tigu·

221 2660 274 2681 rae
297 2650 409 2682 Theol.
432 2651 516 2692 prof.
539 2660 654 2681 munus
677 2649 798 2682 obibat.
820 2650 848 2688 ⁸)
871 2650 902 2681 S.
926 2650 1082 2681 Castellio
1105 2661 1128 2681 s.
1154 2649 1337 2680 Chateillon
1360 2648 1505 2679 Basileae
1528 2646 1664 2688 Oporini
1681 2649 1758 2677 tunc

222 2705 365 2746 hospitio
391 2705 549 2737 utebatur.
574 2705 624 2736 Cf.
647 2705 802 2743 Hmzoe,
829 2706 919 2737 Real.
945 2705 1022 2736 Enc.
1046 2706 1079 2736 in
1102 2716 1191 2736 voce.
1221 2707 1249 2742 ⁹)
1273 2705 1425 2736 Brentius
1448 2702 1568 2734 Christ.
1591 2702 1760 2733 Wirtemb.

222 2761 307 2792 Duci
329 2761 407 2793 min.
430 2761 602 2794 locaverat.
648 2762 690 2802 ¹⁰)
716 2761 797 2793 Iohn
820 2761 930 2793 Hales.
964 2762 1013 2793 Cf.
1036 2763 1178 2799 STRYPE,
1201 2749 1397 2793 Memorialsff
1420 2759 1466 2790 ΙΙ.
1491 2759 1517 2790 1.
1541 2758 1593 2790 47.
1615 2758 1760 2789 PARKER

223 2817 296 2848 Soc.
326 2828 354 2848 o.
386 2817 408 2848 l.
431 2816 458 2849 I.
483 2817 541 2848 189
566 2818 607 2850 al.
654 2818 695 2858 ¹¹)
721 2818 757 2851 V.
781 2818 914 2850 titulum
938 2820 1039 2849 nostr.
1062 2818 1112 2849 ed.
1135 2818 1161 2850 Ι.
1184 2819 1257 2855 465,
1280 2820 1316 2848 ut
1337 2819 1369 2847 et
1391 2826 1471 2857 quae
1495 2814 1580 2846 lectu
1604 2814 1700 2854 digna
1723 2814 1762 2844 de

226 2871 287 2903 hoc
322 2871 430 2903 libello
465 2874 572 2903 annot.
604 2873 766 2911 GORHAM‚
797 2885 826 2905 0.
850 2873 870 2904 l.
895 2884 926 2914 p.
950 2873 1023 2905 246.
1070 2873 1109 2912 ¹2)
1133 2873 1193 2904 Ed.
1217 2872 1312 2904 Gerd.
1328 2870 1430 2912 pacti.
1453 2869 1618 2911 Rescripsi
1645 2868 1763 2901 christi

225 2926 311 2968 quod
335 2937 393 2968 pro
417 2926 486 2958 eius
509 2930 607 2970 temp.
631 2928 726 2961 scrib.
750 2931 810 2961 rat.
835 2939 897 2960 non
922 2928 1059 2960 multum
1083 2940 1100 2960 a
1119 2928 1209 2970 pacti
1231 2927 1350 2959 differt.
