1830 3147
244 140 316 177 208

241 251 282 289 in
317 250 479 303 peccatis
517 250 657 289 uostris
695 250 931 290 securitatem
965 264 1008 289 ac
1044 252 1159 290 veluti
1196 266 1365 304 soporem
1402 253 1589 305 quendam
1616 267 1637 291 a
1664 253 1775 292 nobis

241 320 403 362 arceant,
441 319 482 354 ut
516 315 628 353 nobis
666 315 838 354 Christus
876 316 1061 354 Dominus
1093 316 1134 355 in
1162 317 1303 356 nostris
1329 318 1595 370 peccatis5non
1623 313 1774 357 obvele-

242 385 304 418 tur
331 380 378 418 ad
405 380 528 418 nostri
556 380 922 424 condemnationem,
950 380 1014 418 sed
1039 381 1163 431 potius
1189 381 1230 420 in
1256 383 1397 420 nostris
1426 381 1602 421 cordibus
1630 382 1676 420 ad
1704 395 1775 420 no-

242 444 309 483 stri
346 444 615 483 correctionem
652 445 857 484 illucescat.
912 444 968 483 Da
1004 449 1047 483 ut
1084 446 1265 485 salutares
1302 447 1467 485 omnium
1499 447 1773 485 admonitiones

242 522 317 548 non
353 509 465 548 modo
502 523 579 548 non
618 515 901 549 contemnamus
937 510 1060 548 illisve
1097 510 1327 550 offendamur
1362 512 1441 549 ullo
1469 512 1595 558 modo,
1622 512 1686 550 sed
1713 525 1774 549 eas

242 579 469 626 expetamus,
505 589 670 613 amemus
708 588 752 614 ex
789 575 928 622 animo,
965 575 1198 627 libenterque
1225 577 1318 615 actis
1345 578 1454 615 etiam
1483 576 1616 627 gratiis
1644 576 1774 615 audia-

241 640 325 678 mus
363 654 507 692 semper
541 645 653 692 atque
690 640 970 692 amplectamur.
1023 640 1084 678 Ita
1120 641 1183 679 fiet
1218 641 1329 687 enim,
1363 645 1405 680 ut
1439 642 1479 679 in
1507 641 1577 679 viis
1603 641 1679 679 tuis
1707 653 1774 693 pro

243 708 371 742 nostra
408 705 628 743 infirmitate
663 705 912 749 ambulantes,
951 705 1093 756 filiique
1120 706 1176 744 tui
1205 706 1396 745 doctrinae
1423 707 1568 754 confisi,
1594 711 1775 759 tanquam

239 769 323 807 viva
352 770 652 821 cor-(366)poris
678 770 797 822 ipsius
824 769 991 808 membra
1019 784 1062 808 ae
1090 770 1164 809 vivi
1192 771 1229 809 in
1258 772 1339 823 ipso
1366 772 1550 823 palmites,
1574 772 1707 810 uberes
1734 772 1772 810 in

240 834 419 872 omnibus
463 835 612 885 pietatis
662 835 790 873 officiis
826 835 970 873 fructus
1006 835 1239 886 proferamus
1284 836 1331 874 ad
1367 837 1526 886 gloriam
1565 836 1775 876 Maiestatis

240 902 326 936 tuae
364 898 535 944 Divinae,
562 921 612 928 —
638 899 679 937 in
717 913 789 951 qua
828 912 912 938 cum
949 899 1077 937 eodem
1106 900 1188 951 ipso
1216 905 1280 938 tuo
1308 901 1387 938 filio
1415 905 1450 939 et
1478 904 1608 939 sancto
1636 901 1774 952 pariter

240 963 384 1013 Spiritu
419 963 514 1002 vivis
546 977 590 1001 ac
625 977 760 1014 regnas
796 978 894 1003 unus
921 969 1233 1015 atque-aeternus
1261 964 1361 1004 Deus
1388 965 1598 1004 laudandus
1625 965 1664 1003 in
1693 979 1772 1004 sae·

241 1028 334 1067 cula.
367 1028 525 1067 Amen''.

292 1158 479 1197 Absoluta
506 1159 576 1197 hac
602 1160 817 1209 precatione
846 1160 993 1198 canitur
1021 1161 1190 1199 Psalmus
1216 1161 1347 1211 lingua
1379 1162 1524 1211 vulgari
1550 1176 1572 1200 a
1597 1166 1679 1200 tota
1697 1162 1772 1200 Ec-

242 1223 365 1268 clesia,
393 1224 586 1273 (sPsalm.J
616 1226 702 1268 101,
740 1225 796 1263 vel
825 1225 961 1277 aliquis
989 1226 1083 1264 alius
1113 1226 1200 1264 huic
1228 1231 1450 1276 argumento
1478 1227 1774 1276 accommodus),

240 1302 313 1340 quo
344 1290 451 1327 finito
479 1289 681 1328 dimittitur
716 1290 886 1329 Ecclesia
924 1291 1036 1329 solito
1071 1304 1176 1330 more
1211 1305 1292 1330 cum
1320 1305 1423 1344 paee,
1450 1292 1710 1332 benedictione
1737 1298 1773 1332 et

240 1367 442 1405 pauperum
474 1354 810 1395 commendatione.

874 1459 1145 1509 Appendix.

292 1548 369 1587 Qui
404 1549 444 1587 in
474 1549 750 1587 Germanorum
777 1549 947 1587 Ecclesia
975 1550 1022 1587 ad
1050 1550 1150 1588 hunc
1179 1550 1329 1588 modum
1358 1552 1703 1607 excommunicatur
1730 1553 1769 1590 in

239 1613 554 1656 antemerediana,
594 1618 634 1651 ut
672 1614 812 1651 dictum
851 1618 917 1660 est,
947 1615 1139 1661 concione,
1176 1615 1272 1652 idem
1303 1616 1433 1654 eodem
1460 1616 1541 1667 ipso
1572 1616 1630 1654 die
1658 1618 1768 1655 etiam

240 1679 276 1716 in
308 1678 453 1716 Gallica
480 1692 610 1716 rursus
638 1678 807 1716 Ecclesia
835 1679 1181 1718 excommunicatus
1208 1694 1287 1718 esse
1316 1681 1524 1719 declaratur
1550 1682 1587 1719 in
1609 1683 1769 1733 pomeri-

241 1742 350 1780 diana
389 1743 581 1786 concione,
619 1747 659 1781 ut
695 1747 730 1781 et
766 1743 845 1781 illic
872 1757 940 1795 pro
970 1744 1133 1782 Ethnico
1162 1758 1205 1782 ac
1230 1745 1435 1796 publicano
1466 1747 1657 1786 habeatur.
1713 1749 1769 1785 Ac

241 1808 406 1845 vicissim
434 1808 498 1859 qui
525 1809 563 1845 in
594 1808 739 1846 Gallica
768 1809 936 1847 Ecclesia
963 1810 1011 1846 ad
1038 1810 1196 1847 eundem
1222 1811 1346 1862 ipsum
1374 1811 1526 1848 modum
1555 1825 1769 1850 excommu-

242 1872 415 1910 nicantur
458 1874 495 1911 in
544 1873 838 1912 antemeridiana
879 1875 1071 1919 concione,
1107 1875 1220 1913 iidem
1255 1889 1383 1914 rursus
1420 1876 1456 1914 in
1497 1877 1769 1915 Germanorum

242 1949 391 1988 quoque
418 1937 587 1975 Ecclesia
615 1938 743 1975 eodem
771 1938 853 1989 ipso
882 1939 940 1976 die
963 1940 1274 1978 excommunicati
1295 1953 1373 1978 esse
1392 1941 1774 1990 de-(367)elarantur‚

245 2002 290 2040 ad
322 2002 606 2040 contestandum
639 2003 851 2041 unanimem
872 2005 1067 2056 utriusque
1083 2005 1273 2044 Ecclesiae
1289 2006 1391 2044 illius
1411 2020 1644 2055 consensum,
1665 2021 1772 2060 quem

248 2080 336 2104 sane
363 2067 401 2105 in
425 2067 602 2105 omnibus
621 2067 779 2106 ubilibet
801 2068 941 2107 Christi
960 2069 1139 2108 Ecclesiis
1159 2071 1388 2109 unanimiter
1404 2072 1553 2110 retineri
1571 2077 1772 2124 oporteret.

324 2256 466 2294 Ritus
511 2257 791 2308 recipiendi
827 2271 994 2296 rursus
1030 2259 1076 2297 in
1115 2259 1384 2298 Ecclesiam
1424 2273 1695 2300 excommu-

522 2322 716 2360 nicatos
762 2329 872 2374 post
909 2323 1019 2362 data
1056 2325 1317 2364 manifesta
1357 2326 1495 2376 signa

726 2400 867 2426 verae
901 2388 1293 2439 resipiscentiae.

301 2513 452 2554 Dictum
487 2521 543 2555 est
578 2516 617 2555 in
647 2517 901 2569 superioribus
930 2520 1352 2559 excommunicationem
1382 2535 1404 2558 a
1432 2520 1596 2559 Domino
1621 2521 1774 2560 institu-

247 2583 323 2616 tam
360 2593 452 2625 esse,
485 2594 561 2619 non
596 2580 635 2618 in
673 2581 827 2619 exitium
859 2582 1099 2621 interitumve
1134 2598 1275 2629 eorum,
1301 2585 1366 2636 qui
1393 2585 1774 2631 excommunicantur,

250 2644 312 2681 sed
348 2644 388 2682 in
416 2645 573 2683 salutem
599 2646 724 2696 potius
752 2659 795 2684 ac
823 2647 1025 2685 remedium
1054 2649 1321 2687 obstinationis
1349 2650 1513 2701 ipsorum
1541 2650 1581 2687 in
1607 2655 1776 2701 peccato,

249 2713 302 2754 ut,
328 2709 480 2760 publico
509 2710 735 2748 exclusionis
763 2725 850 2750 suae
876 2712 1018 2763 pudore
1045 2712 1173 2751 suffusi
1201 2727 1245 2752 ac
1270 2713 1400 2752 iudicii
1436 2713 1564 2751 Divini
1600 2714 1775 2754 adversus

249 2776 443 2825 peccatum
473 2774 667 2812 severitate
695 2776 885 2823 commoti,
911 2776 1061 2814 tandem
1087 2778 1238 2816 tandem
1266 2791 1286 2816 a
1313 2777 1454 2828 peccati
1483 2778 1595 2816 veluti
1623 2783 1774 2818 veterno

251 2837 413 2889 quodam
450 2839 701 2888 expergefiant
735 2853 779 2877 ac
813 2840 1046 2891 resipiscant.
1102 2842 1181 2880 Qui
1215 2842 1329 2891 igitur
1365 2842 1677 2881 excommunicati
1717 2857 1774 2882 re-

253 2901 446 2946 conciliari
486 2916 632 2940 rursum
674 2916 756 2941 cum
796 2905 967 2943 Ecclesia
1009 2905 1201 2956 postulant
1235 2919 1300 2957 per
1332 2907 1611 2958 poenitentiam,
1647 2908 1779 2947 aeditis
