1830 3147
217 112 291 152 112

213 225 396 277 baptizari
424 224 536 263 etiarn
565 227 749 274 oportere.
803 223 859 263 Ut
886 237 975 274 ergo
1003 223 1240 275 Baptismum
1266 224 1427 263 istorum
1454 223 1655 262 infantium
1685 223 1756 262 rite

211 295 247 329 et
276 304 360 328 cum
389 291 511 328 fructu
541 289 646 327 iuxta
674 289 815 327 Christi
853 289 1006 327 Domini
1044 289 1319 328 institutionem
1356 303 1590 341 peragamus,
1617 302 1755 337 nomen

210 355 367 394 Domini
404 354 588 405 supplices
615 354 846 399 invocemus,
875 359 913 392 ut
941 354 1054 392 hosce
1079 354 1244 393 infantes
1277 368 1423 406 nosque
1457 354 1596 406 pariter
1625 367 1754 392 omnes

210 421 250 458 in
278 420 420 458 Divino
449 418 598 457 foedere
627 432 695 463 suo
725 418 968 457 constabiliat
995 423 1107 470 atque
1135 419 1320 469 obsignet,
1350 420 1396 458 ad
1425 419 1525 458 hunc
1553 419 1726 457 modum:

262 550 488 590 Precatio
516 550 649 588 circa
675 550 917 602 Baptismi
943 549 1450 588 administrationem.
1480 552 1592 599 (132)

265 698 282 717 ιι
297 680 550 733 Omnipotens
571 684 719 718 aeterne
739 679 852 725 Deus,
872 679 1085 718 misericors
1107 680 1234 718 Pater!
1263 679 1328 731 qui
1348 693 1416 718 nos
1436 693 1501 731 per
1515 679 1752 729 unigenitum

208 745 328 784 filium
362 750 469 784 tuum
507 745 711 784 Dominum
750 749 919 783 nostrum
958 745 1084 783 Iesum
1124 745 1316 784 Christum
1355 745 1531 791 docuisti,
1568 752 1607 784 ut
1643 751 1678 784 te
1712 747 1752 784 in

209 810 385 848 omnibus
430 810 572 848 nostris
607 809 819 848 actionibus
856 810 1087 856 invocemus,
1124 824 1234 861 esque
1270 810 1473 862 pollicitus,
1509 816 1547 849 te
1582 824 1650 849 nos
1687 824 1751 862 per

208 875 326 927 ipsius
354 888 491 913 nomen
518 879 711 926 precantes
740 887 883 926 semper
909 874 1124 913 auditurum
1155 888 1234 913 esse
1257 877 1298 924 ¹),
1315 875 1508 926 —respice
1527 888 1751 926 quaesumus

209 953 320 992 super
356 939 453 978 hanc
480 939 642 978 familiae
669 944 755 978 tuae
784 940 1129 990 congregationem,
1165 954 1260 992 quae
1286 940 1473 992 Baptismi
1503 941 1611 978 huius
1638 941 1751 978 mini·

208 1006 364 1045 sterium
400 1020 420 1044 a
456 1006 535 1044 filio
563 1010 628 1044 tuo
656 1006 872 1044 institutum
899 1006 1079 1053 intuetur,
1109 1010 1144 1044 et
1172 1020 1283 1058 super
1311 1007 1383 1044 hoc
1412 1020 1538 1044 semen
1565 1011 1753 1053 nostrum,

209 1071 311 1122 quod
337 1071 377 1108 in
404 1070 527 1109 medio
555 1071 747 1109 Ecclesiae
775 1075 925 1109 nostrae
955 1075 1061 1109 coetu
1088 1071 1158 1109 tibi
1185 1071 1349 1116 offertur,
1404 1071 1518 1109 Cuius
1546 1071 1688 1123 alioqui
1714 1076 1751 1110 te

209 1135 331 1174 Deum
359 1149 438 1174 esse
464 1140 505 1174 tu
533 1135 688 1187 ipsemet
715 1140 871 1174 testatus
899 1149 937 1174 es
969 1138 1017 1185 2),
1057 1140 1092 1174 et
1119 1136 1218 1174 filius
1245 1140 1332 1175 tuus
1360 1137 1534 1188 amplexu
1559 1136 1653 1174 illud
1683 1150 1749 1174 suo

210 1213 350 1251 suaque
386 1199 649 1238 benedictione
686 1200 862 1250 dignatus
891 1204 985 1251 est„
1012 1201 1191 1252 Velisque
1219 1215 1289 1240 nos
1317 1215 1391 1240 una
1421 1215 1505 1239 cum
1532 1206 1663 1239 nostro
1692 1214 1750 1239 se-

208 1265 309 1303 mine
342 1278 408 1316 per
443 1265 624 1316 Spiritum
662 1270 830 1304 sanctum
867 1270 970 1303 tuum
1000 1266 1050 1304 ita
1078 1267 1302 1316 gubernare,
1328 1271 1370 1304 ut
1397 1267 1437 1304 in
1466 1280 1549 1304 vera
1577 1279 1621 1304 ac
1649 1266 1748 1304 salu-

209 1331 281 1369 tari
317 1331 373 1368 tui
401 1335 436 1369 et
463 1331 586 1369 nostri
615 1331 830 1380 cognitione
858 1330 980 1368 indies
1018 1331 1138 1380 magis
1166 1345 1208 1369 ac
1236 1331 1355 1381 magis
1384 1344 1601 1383 promovere
1628 1331 1750 1382 possi·

210 1409 307 1440 mus,
334 1400 376 1434 ut
409 1408 538 1433 omnes
572 1396 799 1445 intelligant,
844 1400 880 1434 te
916 1408 1000 1433 vere
1036 1409 1115 1434 esse
1153 1400 1322 1434 nostrum
1359 1397 1498 1447 pariter
1526 1409 1569 1434 ac
1596 1396 1749 1434 seminis

210 1459 331 1498 nostri
371 1459 502 1506 Deum,
544 1473 687 1511 nosque
729 1460 895 1498 vicissim
925 1474 997 1498 una
1026 1473 1110 1498 cum
1139 1462 1438 1505 nostro-semine
1467 1474 1544 1499 esse
1573 1461 1749 1512 populum

207 1529 310 1563 tuum
340 1524 379 1562 in
410 1524 558 1562 Christo
588 1525 674 1563 Iesu
702 1525 837 1563 dilecto
867 1531 930 1564 tuo
959 1526 1050 1570 filio,
1079 1538 1163 1563 cum
1191 1538 1265 1576 quo
1293 1538 1337 1563 ac
1364 1529 1495 1563 sancto
1522 1530 1584 1563 tuo
1605 1525 1748 1576 Spiritu

210 1590 303 1629 vivis
347 1594 383 1628 et
421 1604 555 1640 regnas
593 1590 693 1629 Deus
730 1592 841 1640 (133)
877 1591 999 1630 trinus
1036 1596 1071 1629 et
1107 1604 1216 1638 unus,
1255 1590 1473 1630 benedictus
1510 1591 1550 1629 in
1587 1591 1747 1629 saecula.

211 1654 374 1694 Amen.''

261 1786 485 1825 Finita-hac
512 1786 726 1838 precatione
754 1786 939 1824 convertit
966 1785 1174 1824 orationem
1202 1799 1305 1824 suam
1335 1785 1580 1823 Ecclesiastes
1608 1785 1654 1823 ad
1674 1798 1750 1829 eOS.

211 1852 277 1902 qui
310 1851 475 1889 infantes
511 1851 558 1888 ad
597 1850 833 1902 Baptismum
861 1864 980 1888 unum
1006 1851 1176 1901 pluresve
1212 1849 1383 1895 offerunt,
1419 1850 1597 1902 iubetque
1632 1855 1673 1888 ut
1701 1850 1748 1888 ad

210 1915 468 1967 infrascriptas
503 1915 818 1964 interrogationes
860 1928 933 1952 una
970 1928 1053 1952 cum
1091 1915 1293 1953 infantium
1331 1915 1512 1966 patribus,
1546 1915 1577 1952 si
1613 1915 1751 1961 adsint,

212 1994 339 2019 coram
381 1985 458 2018 tota
508 1980 677 2018 Ecclesia
714 1980 977 2031 respondeant,
1011 1984 1192 2031 tanquam
1227 1980 1371 2031 publici
1416 1984 1527 2018 testes
1564 1984 1599 2017 et
1636 1980 1748 2018 veluti

212 2059 344 2084 manus
387 2045 569 2097 quaedam
618 2045 735 2083 totius
771 2045 964 2083 Ecclesiae
999 2045 1039 2084 in
1087 2045 1283 2084 offerendis
1319 2045 1420 2082 illius
1457 2045 1666 2084 infantibus
1701 2045 1747 2083 ad

212 2111 461 2163 Baptismum,
488 2111 527 2148 in
556 2111 657 2149 hunc
682 2110 856 2149 modum:

269 2193 286 2211 ιι
300 2175 522 2220 Audivistis,
540 2176 690 2214 fratres!
719 2175 906 2226 Baptismi
920 2176 1110 2230 lavacrum
1130 2189 1208 2214 esse
1226 2175 1440 2214 institutum
1460 2188 1482 2212 a
1502 2175 1651 2213 Christo
1671 2175 1750 2213 Do-

214 2241 318 2279 mino
354 2241 395 2279 in
433 2255 497 2279 sua
533 2241 703 2278 Ecclesia
740 2241 1028 2290 obsignaculum
1057 2240 1175 2279 divini
1202 2240 1363 2278 foederis
1390 2240 1601 2285 nobiscum,
1627 2253 1648 2278 a
1676 2253 1750 2291 quo

215 2305 332 2344 arceri
359 2319 480 2357 neque
508 2306 668 2344 debeant
695 2319 815 2356 neque
841 2305 988 2357 possint
1015 2306 1179 2344 infantes
1207 2306 1339 2352 nostri,
1366 2318 1459 2356 quos
1487 2305 1526 2342 in
1553 2305 1620 2342 illo
1649 2318 1750 2342 com-

214 2370 418 2421 prehensos
455 2383 535 2408 esse
572 2374 730 2421 constat,
767 2370 839 2408 nisi
875 2370 907 2407 si
942 2377 977 2408 et
1015 2370 1182 2408 Ecclesia
1209 2374 1287 2408 tota
1315 2370 1505 2419 neglectae
1532 2368 1752 2407 Dominicae

217 2436 469 2474 institutionis
498 2440 533 2474 et
564 2436 733 2474 Ministri
759 2436 862 2474 illius
896 2449 973 2474 non
1010 2436 1100 2474 satis
1128 2436 1288 2474 fideliter
1315 2435 1566 2474 administrati
1595 2434 1652 2472 sui
1681 2435 1750 2472 mi-

218 2501 363 2539 nisterii
398 2501 567 2539 accusari
601 2501 729 2540 velint.
785 2501 875 2538 Cum
915 2501 1031 2550 igitur
1068 2515 1133 2539 vos
1170 2501 1287 2539 totius
1324 2500 1515 2537 Ecclesiae
1544 2500 1654 2537 huius
1683 2513 1751 2538 no·

219 2563 319 2601 mine
346 2563 510 2601 infantes
539 2564 634 2601 istos
659 2585 711 2593 —-
739 2564 773 2601 si
797 2566 926 2613 plures
953 2565 1124 2613 infantes
1153 2566 1363 2614 offerantur
1382 2584 1432 2593 --η
1450 2564 1497 2600 ad
1518 2563 1748 2613 Baptismurn

219 2627 410 2672 adferatis,
436 2640 505 2677 ego
533 2641 601 2679 pro
628 2628 702 2666 fide
729 2627 801 2665 mei
829 2627 1028 2665 ministerii
1055 2642 1075 2666 a
1105 2629 1212 2666 vobis
1239 2627 1403 2679 postulo,
1420 2631 1461 2665 ut
1479 2627 1573 2664 mihi
1591 2627 1631 2665 in
1661 2641 1751 2665 con-

219 2698 348 2744 spectu
391 2693 505 2731 totius
544 2693 735 2731 Ecclesiae
769 2698 948 2743 tanquam
987 2697 1100 2732 testes
1137 2693 1279 2745 publici
1314 2692 1431 2743 ipsius
1478 2692 1751 2731 testificemini:

219 2760 331 2808 (134)

263 2883 290 2925 ¹)
314 2883 402 2916 Ioan.
425 2885 455 2916 4.
707 2885 734 2925 ²³)
761 2885 838 2919 Gen.
865 2884 913 2918 17.
957 2885 1057 2918 Marc.
1083 2884 1132 2919 10.
