1830 3147
189 141 254 187 [A.
287 140 334 176 D.
363 140 476 186 1549]
936 138 1004 173 636

179 252 242 293 dit,
266 249 368 286 modo
394 251 433 285 ut
456 247 506 285 illi
530 247 703 290 Ecclesia,
730 257 817 294 quae
843 246 958 293 ipsum
984 246 1022 283 in
1047 247 1244 283 ministrum
1269 250 1460 294 receperat,
1486 245 1639 283 abeundi
1665 248 1716 284 fa·

177 317 270 350 ceret
294 312 514 358 potestatem,
539 320 582 344 ne
606 308 680 355 ipse
703 307 842 343 demum
871 306 1028 343 desertae
1045 307 1223 345 Ecclesiae
1240 320 1322 344 suae
1343 308 1493 351 nomine,
1518 319 1593 343 cum
1622 307 1716 354 apud

179 376 293 411 Deum
328 374 365 409 in
401 373 474 408 eius
496 370 631 412 iuditio,
657 372 731 406 tum
756 370 862 406 etiam
888 369 982 416 apud
1010 370 1083 416 pios
1108 373 1145 406 et
1168 369 1387 406 Christianos
1413 383 1534 407 omncs
1556 373 1712 410 accusari

178 431 417 482 quoquomodo
450 437 578 479 posset.
612 431 817 467 Convocata
841 431 950 477 igitur
973 428 1132 467 Ecclesia
1156 434 1193 466 et
1218 432 1378 478 exposita
1402 443 1518 468 coram
1543 432 1602 468 illa
1627 433 1717 480 peri·

179 495 335 532 culorum
361 491 611 540 magnitudine,
638 491 804 526 adversus
830 502 917 537 quae
942 503 1006 526 nos
1031 491 1145 538 ipsum
1171 491 1336 527 Ioannem
1361 491 1516 528 aLasko
1532 493 1715 529 ditionem-

178 568 244 603 que
267 555 354 591 adeo
375 557 527 590 nostram
554 554 644 588 tucri
668 565 708 589 ac
733 551 917 587 defendere
942 564 1012 587 non
1036 564 1226 599 possemus,
1259 553 1324 589 etsi
1349 565 1474 601 magno
1498 554 1533 590 id
1560 555 1714 591 omnium

178 618 296 653 dolore
321 618 432 657 fieret,
458 618 573 651 tamen
599 614 843 650 evitandorum
868 612 1102 660 periculorum
1127 614 1250 660 gratia,
1276 619 1312 650 et
1336 627 1400 650 nos
1426 619 1460 651 et
1477 615 1636 652 Ecclesia
1656 628 1716 652 no-

179 682 248 715 stra
273 680 350 713 tota
374 676 426 713 iili
445 675 597 712 abeundi
613 678 824 722 potestatem
843 674 987 710 fecimus
1004 674 1091 710 actis
1105 674 1156 710 illi
1171 674 1290 721 gratiis
1311 687 1373 722 pro
1400 676 1468 711 fide
1485 676 1667 724 diligentia
1682 680 1718 712 et

179 739 366 776 sedulitate
390 738 427 774 in
450 736 645 773 ministerio
668 736 788 783 ipsius,
812 736 924 771 donec
951 736 1024 782 ipse
1051 747 1189 771 rursum
1207 735 1339 772 anobis
1367 741 1533 785 tanquam
1547 738 1720 775 ordinaria

182 803 356 848 potestate
380 805 601 836 revocaretur
625 810 665 834 ac
688 798 775 833 citra
801 797 1047 845 praeiuditium
1072 795 1216 833 alterius
1243 798 1435 835 vocationis
1460 798 1570 835 redire
1584 802 1714 846 posset,

183 863 213 899 si
243 863 335 898 forte
358 859 545 908 aliquando
570 860 740 896 Dominus
766 871 827 906 pro
852 871 914 894 sua
940 858 1175 894 misericordia
1199 859 1443 906 tranquilliora
1468 871 1605 896 rursum
1628 864 1717 897 tem-

184 935 266 970 pora
293 922 470 958 Ecclesiae
494 933 578 956 suae
603 921 818 956 restitueret.
859 919 1011 955 Proinde
1036 919 1126 955 hane
1152 931 1228 955 esse
1253 922 1290 955 et
1314 920 1417 957 aliam
1443 920 1577 957 nullam
1602 921 1719 958 abitus

183 985 262 1021 hinc
296 985 351 1019 sui
382 995 531 1025 causam,
563 982 743 1018 testificari
774 981 868 1017 hisce
899 981 1030 1016 nostris
1064 980 1190 1017 litteris
1223 980 1408 1024 voluimus,
1442 994 1485 1017 ne
1516 983 1593 1030 quis
1617 983 1718 1019 illum

182 1043 311 1091 aliquid
337 1043 478 1079 omnino
503 1042 538 1078 in
565 1054 638 1084 nos,
662 1044 725 1077 aut
750 1053 947 1089 quenquam
973 1044 1170 1077 nostrorum
1197 1042 1412 1077 commisisse
1438 1045 1550 1089 putet,
1575 1042 1668 1090 quod
1688 1043 1720 1079 ei

182 1108 335 1141 nostram
368 1103 425 1139 vel
450 1104 623 1138 minimam
651 1102 928 1148 indignationem
955 1101 1159 1148 peperisset,
1183 1106 1245 1137 aut
1269 1101 1370 1138 nobis
1396 1103 1500 1138 etiam
1525 1102 1658 1150 aliquid
1683 1104 1719 1140 in

183 1166 382 1203 concredito
414 1164 465 1201 illi
499 1176 558 1211 per
590 1176 653 1200 nos
679 1163 915 1199 Ecclesiarum
943 1166 1139 1198 nostrarum
1164 1163 1356 1199 ministerio
1382 1164 1627 1212 quoquomodo
1652 1164 1720 1201 dis-

184 1228 375 1276 plicuisset,
408 1226 508 1262 cuius
542 1224 699 1272 equidem
733 1224 872 1260 nomine
908 1223 959 1260 illi
992 1236 1054 1260 nos
1087 1236 1165 1260 cum
1202 1224 1360 1260 omnibus
1395 1225 1522 1261 nostris
1548 1225 1715 1261 Ecclesiis

183 1288 330 1334 gratiam
364 1284 539 1323 habemus.
571 1283 727 1330 adeoque
761 1283 875 1330 ipsum
912 1283 1017 1318 etiam
1057 1283 1230 1326 omnibus,
1268 1282 1311 1318 ad
1342 1295 1430 1331 quos
1464 1284 1575 1331 ipsum
1602 1285 1718 1320 venire

184 1347 381 1395 contigerit,
419 1349 460 1381 ut
483 1345 652 1395 quiusque
676 1344 829 1392 dignitas
853 1356 893 1380 ac
919 1344 1075 1380 conditio
1100 1345 1178 1385 fert,
1213 1345 1364 1380 officiose
1390 1344 1637 1381 comendamus
1662 1357 1721 1393 per

184 1411 382 1456 praesentes
416 1407 552 1443 litteras
587 1409 724 1442 nostras
758 1406 907 1453 scriptas
943 1408 980 1441 et
1004 1405 1121 1453 sigillo
1145 1409 1268 1442 nostro
1294 1406 1538 1443 communitas.
1588 1406 1719 1443 Emdae

184 1472 205 1506 2
231 1471 311 1506 Oct.
334 1481 426 1505 anno
451 1468 555 1504 1549.

230 1582 255 1622 1)
278 1580 351 1613 Hoc
374 1591 499 1622 quoque
522 1580 683 1622 Diploma,
711 1579 749 1611 ab
773 1580 868 1612 Anna
890 1578 1064 1612 Comitissa
1087 1578 1201 1617 Lasco,
1223 1588 1296 1610 eum
1319 1577 1364 1612 as’.
1389 1578 1470 1610 1549
1494 1578 1721 1618 dimitteretur,

186 1640 306 1677 datum,
329 1638 404 1670 huic
427 1649 476 1680 ep.
500 1640 569 1670 crat
591 1637 759 1669 adnexum.

187 1849 250 1886 N0.
275 1848 332 1884 62.
1327 1844 1418 1890 [Ubho
1437 1846 1622 1888 rmm.0.1.p.
1639 1845 1714 1891 ειμι]

680 1966 738 2003 Ad
761 1966 933 2002 THOMAM
959 1965 1151 2001 BRAMIUM
1180 1968 1216 2009 ¹).

329 2090 385 2126 Ne
417 2088 549 2131 dubita,
585 2088 630 2125 mi
670 2089 799 2125 frater!
836 2099 906 2123 non
932 2087 1061 2123 dormit
1086 2087 1256 2123 Dominus
1282 2086 1559 2133 accelerabitque
1585 2089 1721 2133 praeter

188 2163 281 2198 spem
317 2150 470 2186 omnium
506 2149 672 2187 iudicium
705 2149 742 2185 in
775 2148 854 2184 illos
878 2160 991 2190 suum,
1015 2147 1075 2195 qui
1101 2150 1266 2189 nostram,
1290 2147 1359 2184 imo
1380 2159 1462 2183 vero
1488 2147 1621 2183 Christi
1647 2147 1720 2183 Do·

190 2213 272 2249 mini
302 2212 470 2259 unigeniti
502 2211 565 2248 filii
597 2211 652 2246 sui
685 2209 879 2246 Ecclesiam
911 2208 1005 2256 apud
1031 2221 1092 2245 vos
1118 2209 1167 2244 ita
1192 2221 1285 2246 nunc
1309 2208 1577 2251 conturbarunt,
1603 2212 1642 2244 ut
1666 2221 1721 2245 me

188 2275 232 2312 ab
267 2287 307 2310 ea
340 2273 534 2310 avulserint
566 2284 695 2320 vosque
728 2271 841 2307 adhuc
876 2271 1028 2307 avellere
1053 2274 1240 2306 conantur.
1288 2271 1364 2307 Nos
1387 2270 1525 2319 quidem
1552 2282 1722 2306 meremur

188 2337 361 2385 graviora,
396 2335 455 2371 sed
488 2347 550 2371 vae
584 2334 654 2370 illis
686 2334 824 2370 interim
861 2333 921 2381 qui
955 2332 999 2369 ad
1034 2333 1292 2380 opprimendam
1318 2332 1502 2380 tyrannide
1527 2332 1719 2369 Ecclesiam

190 2397 482 2444 fraudandamque
508 2395 698 2432 ministerio
723 2406 862 2442 operam
887 2393 1099 2441 consiliaque
1124 2405 1188 2429 sua
1212 2393 1456 2441 quoquomodo
1481 2392 1720 2429 contulerunt.

190 2460 265 2496 Iam
289 2459 428 2495 Christo
452 2459 518 2505 ipsi
544 2457 784 2499 adversantur,
815 2456 874 2503 qui
900 2455 1077 2492 Ecclesiae
1101 2454 1341 2498 adversantur,
1369 2459 1406 2490 et
1431 2455 1488 2502 qui
1513 2454 1549 2490 id
1573 2454 1721 2501 pruden-

192 2523 244 2556 tes
279 2531 320 2556 ac
344 2520 494 2555 scientes
520 2522 598 2565 post
620 2519 775 2565 agnitam
801 2517 984 2552 veritatem
1010 2516 1156 2558 faciunt,
1180 2515 1304 2551 durum
1332 2515 1461 2551 habent
1485 2515 1664 2556 iudicium,
1692 2515 1722 2550 si

192 2581 303 2617 Paulo
335 2580 519 2621 credimus,
554 2592 676 2627 nempe
708 2583 749 2615 ut
781 2578 913 2614 nnllam
949 2577 1099 2613 habeant
1128 2577 1274 2613 hostiam
1308 2577 1455 2624 amplius
1481 2589 1542 2621 pro
1566 2579 1723 2624 peccato,

191 2641 252 2677 sed
287 2653 345 2678 eos
378 2641 472 2677 aliud
506 2642 571 2677 iam
606 2639 691 2676 nihil
718 2642 866 2680 maneat,
891 2651 992 2685 quam
1019 2650 1148 2685 vorago
1172 2638 1232 2674 illa
1256 2641 1418 2673 aeternae
1443 2637 1531 2684 ignis
1557 2636 1723 2672 inexstiw

192 2701 344 2748 guibilis.
372 2702 516 2737 Frustra
543 2701 631 2737 enim
657 2702 865 2748 praetexunt
886 2698 1129 2746 ignorantiam,
1153 2700 1281 2734 frustra
1306 2698 1553 2734 infirmitatem.
1591 2697 1721 2732 Audie-

193 2764 275 2797 runt
311 2764 347 2797 et
381 2762 487 2809 probe
519 2763 649 2797 norunt
680 2759 833 2807 adeoque
865 2761 902 2794 et
935 2757 1048 2793 verbis
1073 2761 1110 2793 et
1135 2758 1272 2805 scriptis
1298 2760 1334 2792 et
1359 2756 1461 2792 factis
1485 2755 1723 2803 approbarunt

194 2821 383 2858 doctrinam
419 2825 574 2857 nostram
610 2823 834 2868 nostrumque
867 2819 1094 2855 ministerium
1120 2830 1247 2855 coenae
1272 2818 1376 2854 etiam
1403 2817 1608 2852 Dominicae
1632 2829 1724 2853 corn·

193 2881 355 2918 munione
390 2885 618 2929 agnoverunt,
650 2881 735 2928 quin
768 2884 803 2917 et
836 2880 873 2917 in
905 2891 979 2915 mea
1012 2879 1080 2915 iam
1118 2879 1278 2916 missione
1314 2878 1396 2914 haec
1427 2878 1540 2914 adhuc
1575 2878 1723 2925 probant

193 2942 318 2985 omnia,
352 2945 392 2978 ut
424 2942 596 2979 insciliam
634 2945 835 2990 praetexere
869 2940 924 2978 hic
962 2952 1039 2977 vere
1066 2953 1135 2977 non
1160 2940 1303 2987 possint.
1353 2937 1575 2985 Reprehendi
1601 2951 1659 2975 eos
1684 2939 1720 2975 in
