1830 3147
169 88 234 135 [A.
261 87 308 124 D.
335 86 446 134 1556]
899 84 970 123 724

165 194 303 234 debere,
341 196 381 230 ut
413 193 511 229 nobis
544 190 744 239 praeiudicii
774 191 876 227 istius
910 191 1026 226 fontes
1060 191 1095 227 in
1128 191 1201 238 ipsa
1228 191 1436 238 Augustana
1467 193 1692 228 Confessione

167 258 347 296 monstres,
385 253 546 289 indicatis
579 252 778 299 praesertim
806 251 889 287 locis
917 249 952 286 in
977 252 1052 298 ipsa
1076 252 1312 288 Confessione.
1365 252 1420 288 Ne
1447 258 1563 289 autem
1596 253 1702 289 verba

166 316 404 353 confessionis
438 315 545 362 ipsius
579 313 778 362 detorqueri
801 326 822 349 a
848 312 947 349 nobis
972 313 1015 349 ad
1041 324 1179 350 causam
1207 318 1360 350 nostram
1385 313 1585 358 videantur,
1610 314 1703 351 adie-

164 379 275 416 cimus
301 381 337 414 et
370 376 579 424 Apologiam
606 376 714 423 ipsius
737 374 975 411 confessionis
1001 377 1037 410 et
1065 375 1336 422 Ratisponensia
1361 375 1526 423 colloquii
1552 379 1642 419 acta,
1668 376 1703 412 in

164 440 291 488 quibus
337 438 460 474 iisdem
495 438 724 484 Augustanae
767 435 1003 471 Consessionis
1048 436 1230 471 autoribus
1275 437 1432 473 doctrina
1467 437 1705 472 Confessionis

165 501 273 548 ipsius
299 498 494 546 explicatur
518 500 554 533 et.
578 496 835 543 comprobatur,
863 499 900 531 ut
925 495 1021 531 illinc
1049 496 1148 532 nobis
1175 497 1291 532 sontes
1318 496 1519 544 praeiudicii
1543 497 1594 533 tui
1610 509 1701 534 com-

167 563 413 597 monstrentur.
462 558 541 594 Hoc
578 569 662 593 vero
694 569 765 593 non
802 559 857 592 est
890 556 926 592 in
958 560 1132 592 certamen
1170 560 1233 593 aut,
1258 569 1381 594 vocare
1406 562 1469 593 aut
1493 557 1702 594 descendere

166 621 269 663 velle,
295 621 355 656 sed
380 623 534 656 nostram
561 618 812 660 innocentiam,
841 630 910 666 qua
937 622 1033 665 parte
1060 629 1275 661 accusamur,
1300 618 1502 666 approbare,
1527 618 1656 667 alioqui
1673 619 1702 655 si

164 683 338 728 integrum
384 679 522 716 videtur
555 679 803 726 praeiudicare,
843 678 1018 725 integrum
1053 691 1190 726 quoque
1228 679 1339 714 videri
1373 679 1526 722 deberet,
1562 684 1603 715 ut
1636 692 1702 727 ego

166 741 305 791 quidem
337 744 433 788 puto,
469 741 584 777 fontes
618 740 820 788 praeiudicii
845 743 1129 782 commonstrare,
1155 740 1355 788 pracsertim
1382 752 1460 777 cum
1485 740 1519 776 id
1545 744 1702 777 amanter

163 808 334 852 petamus.

212 863 319 902 Quod
353 875 456 910 porro
488 862 532 898 ad
557 861 720 909 dogmata
747 861 806 897 illa
834 873 893 909 per
919 874 983 903 me,
1009 865 1048 898 ut
1072 874 1189 898 eorum
1215 862 1351 910 quidem
1379 861 1530 903 memini,
1553 862 1700 899 collecta

165 927 306 967 attinet,
343 937 417 971 ego,
443 923 507 959 Vir
532 922 749 959 Clarissime!
786 922 916 957 nullam
943 935 1057 958 earum
1085 922 1138 958 vel
1165 923 1429 970 explicationem
1456 922 1508 958 vel
1535 921 1701 969 approba·

165 988 294 1023 tionem
329 985 559 1033 postulabam,
592 983 650 1020 sed
685 984 772 1019 scire
808 983 983 1019 duntaxat
1016 983 1208 1031 cupiebam,
1243 996 1324 1019 num
1350 984 1487 1020 illorum
1514 988 1607 1019 recte
1633 994 1702 1018 me-

164 1048 332 1089 minerim,
365 1058 408 1081 ne
442 1045 525 1093 quid
559 1057 629 1081 non
665 1047 758 1080 recte
795 1045 886 1079 forte
920 1044 1175 1080 intellexerim:
1202 1045 1275 1080 visa
1310 1046 1399 1080 enim
1435 1049 1528 1085 sunt,
1553 1050 1590 1079 ut
1614 1043 1698 1084 dixi,

165 1120 254 1143 nova
285 1107 368 1142 mihi
405 1117 445 1143 ac
477 1105 612 1141 illorum
649 1105 846 1140 memoriam
881 1108 1055 1151 optassem
1092 1118 1145 1140 me
1171 1104 1294 1140 habere
1330 1105 1365 1141 in
1389 1106 1505 1151 capita
1527 1104 1701 1139 duntaxat

165 1170 348 1205 redactam.
397 1167 503 1206 Quod
530 1165 685 1213 equidem
713 1166 812 1202 facile
840 1166 911 1201 fieri
938 1177 1039 1212 posse
1065 1167 1295 1202 existimarem
1322 1167 1395 1202 sine
1423 1165 1539 1201 multis
1564 1165 1618 1200 vel
1641 1176 1699 1199 ex-

166 1229 409 1277 plicationibus
444 1227 498 1263 vel
525 1226 845 1273 approbationibus.
872 1227 901 1261 si
927 1226 1040 1267 modo,
1066 1227 1177 1262 sicubi
1202 1239 1255 1262 me
1281 1227 1441 1262 memoria
1468 1226 1599 1272 lapsum
1626 1237 1700 1260 esse

166 1290 342 1336 intelligis,
368 1288 472 1323 verbo
496 1300 566 1322 uno
589 1291 696 1333 atque
722 1286 832 1321 altero
870 1286 1052 1322 indicares.
1115 1286 1182 1322 Sed
1219 1287 1377 1333 quoniam
1407 1286 1469 1321 tibi
1494 1298 1585 1322 nunc
1611 1286 1700 1321 forte

166 1363 235 1386 non
263 1350 355 1391 licet,
383 1360 447 1395 ego
472 1359 608 1395 quoque
632 1346 771 1382 missum
810 1346 910 1383 iacio.
962 1346 1060 1381 Alias
1101 1347 1190 1382 enim
1213 1347 1256 1381 de
1282 1346 1344 1382 hoc
1371 1346 1583 1382 commodius
1609 1345 1700 1381 inter

166 1424 229 1447 nos
255 1411 362 1446 amice
386 1421 486 1456 agere
512 1408 713 1456 poterimuS.
775 1408 853 1443 Hoc
895 1411 930 1444 te
956 1412 1091 1443 tantum
1118 1419 1190 1448 oro,
1215 1419 1269 1448 ne,
1298 1408 1468 1454 tantisper
1492 1405 1573 1441 dum
1600 1405 1698 1441 nobis

164 1472 277 1506 fontes
321 1467 546 1505 dissensionis
582 1471 721 1502 nostrae
758 1466 793 1502 in
828 1467 903 1513 ipsa
933 1467 1158 1502 Confessione
1191 1468 1402 1512 Augustana
1432 1478 1500 1500 non
1524 1477 1699 1501 common·

166 1536 330 1571 strentnr,
355 1529 575 1577 praeiudiciis
603 1529 671 1564 tuis
694 1540 888 1575 gravemur.
949 1527 1029 1563 Non
1065 1528 1154 1562 enim
1181 1530 1216 1563 te
1242 1539 1320 1562 eum
1354 1539 1428 1562 esse
1461 1526 1608 1565 confido.
1640 1527 1700 1572 qui

164 1593 300 1628 afflictis
326 1598 361 1627 et
386 1590 547 1626 exulibus
573 1592 714 1636 propter
738 1588 913 1624 Christum
941 1587 1108 1623 Ecclesiis
1142 1598 1277 1623 crucem
1312 1587 1419 1634 ipsam
1457 1586 1701 1633 conduplicare

163 1654 262 1690 velis.
291 1652 380 1688 Boni
415 1651 558 1688 consule
593 1661 723 1698 quaeso
761 1649 848 1685 lianc
885 1651 1037 1684 nostram
1076 1648 1268 1684 libertatem
1305 1651 1340 1684 et
1373 1647 1448 1683 vale
1475 1647 1510 1683 in
1535 1647 1698 1683 Domino.

165 1715 248 1751 Dat.
275 1715 318 1749 25
345 1713 433 1749 Maii
458 1725 490 1748 a.
515 1711 644 1747 Salutis
669 1711 777 1746 1556.
802 1709 1033 1758 Stutgardiae.

207 1854 233 1893 ¹)
256 1852 315 1884 Est
336 1852 414 1884 haec
437 1861 581 1893 respons.
604 1849 643 1882 ad
667 1848 795 1881 Brentii
822 1848 882 1891 Ep.
906 1847 936 1881 d.
958 1848 1000 1880 24
1022 1847 1114 1880 Maii.

168 2075 229 2111 No,
261 2074 337 2109 119,
973 2068 1078 2114 [lpogr.
1093 2070 1115 2102 in
1135 2071 1204 2105 Arcti.
1223 2070 1289 2105 Scor.
1307 2070 1581 2112 Reg.nogi0n1.1111.t.
1600 2068 1708 2110 att-47,

1051 2130 1198 2168 Heiutus,
1214 2141 1237 2165 o.
1256 2131 1273 2165 Ι,
1287 2131 1306 2166 Ι.
1321 2141 1346 2172 p.
1362 2130 1407 2162 (318
1424 2128 1478 2174 sq.]

570 2252 682 2288 Series
705 2251 868 2300 colloquii
893 2262 970 2288 cum
999 2251 1041 2288 D.
1070 2251 1240 2286 Bnmmo
1263 2248 1303 2292 ¹).

217 2376 287 2413 Ubi
326 2373 561 2420 Stutgardiam
588 2373 772 2413 venissem,
808 2375 931 2420 quarto
957 2372 1092 2407 demum
1118 2370 1189 2411 die,
1210 2381 1332 2416 nempe
1360 2369 1404 2405 22
1431 2369 1530 2411 Maii,
1553 2369 1594 2403 ad
1621 2379 1699 2404 coe-

169 2441 244 2473 tum
281 2435 534 2481 Theologorum
578 2434 744 2480 Principis
777 2437 923 2468 vocatus
960 2433 995 2468 in
1030 2432 1175 2467 duorum
1217 2431 1323 2478 ipsius
1364 2429 1642 2466 consiliariorum
1671 2432 1699 2469 Β)

168 2497 362 2545 praesentia
397 2508 475 2531 cum
513 2495 702 2530 Domino
729 2495 756 2536 3)
792 2494 937 2530 Brentio
969 2493 1180 2539 colloquium
1214 2491 1330 2528 habui·
1383 2493 1437 2527 Ac
1471 2491 1614 2537 primum
1640 2489 1698 2525 ille

167 2558 315 2598 dicebat,
341 2569 378 2592 se
402 2568 479 2592 cum
505 2557 576 2591 suis
602 2555 743 2602 collegis
774 2557 866 2590 iussu
894 2554 1064 2601 Principis
1092 2556 1235 2589 vocatos
1261 2553 1473 2592 convenisse,
1502 2555 1541 2586 ut
1567 2562 1696 2585 mecum

167 2619 465 2665 colloquerentur:
501 2617 666 2664 colloquii
699 2628 779 2652 vero
813 2619 1052 2663 argumentum
1087 2626 1162 2649 esse
1187 2614 1312 2649 debere
1351 2614 1394 2649 de
1419 2614 1535 2648 Coena
1560 2611 1699 2647 Domini

167 2685 203 2714 ets
227 2679 356 2715 Christi
382 2679 417 2713 in
442 2678 500 2712 illa
527 2677 730 2722 praesentia.
781 2677 988 2723 Quanquam
1015 2679 1131 2711 autem
1158 2687 1269 2722 neque
1308 2674 1380 2726 ipse
1405 2684 1516 2719 neque
1540 2672 1593 2706 sui
1619 2671 1700 2706 Col·

165 2738 262 2785 legae
298 2739 479 2785 quicquam
517 2738 655 2772 omnino
694 2736 895 2772 dubitarent
931 2735 973 2771 de
1011 2735 1137 2771 tradita
1172 2747 1230 2780 per
1272 2736 1364 2780 ipsos
1395 2733 1564 2773 doctriua,
1611 2743 1698 2779 quae

166 2799 347 2846 alioqui
385 2799 419 2834 in
444 2798 667 2833 Confessione
704 2799 837 2833 etiam
880 2800 1088 2843 Augustana
1125 2795 1472 2834 contineretur',
1512 2798 1625 2828 tamen
1661 2796 1701 2828 ut

167 2859 337 2910 Principis
371 2858 533 2895 mandato
569 2859 820 2900 satisfacerent,
857 2869 893 2893 se
929 2862 1064 2904 paratos
1100 2869 1173 2893 esse
1207 2868 1336 2892 mecum
1374 2853 1524 2903 colloqui
1563 2857 1597 2890 et
1622 2865 1694 2890 eam
