1830 3147
1584 120 1630 159 97

89 233 162 286 ipsi
199 233 441 285 studiumque
481 233 648 277 illorum,
684 230 839 282 dignum
869 231 1054 276 videlicet,
1082 231 1184 282 quod
1211 230 1418 283 puerilibus
1445 229 1635 280 aliquibus

87 299 281 350 premiolis
316 302 494 350 pensetur
532 301 645 349 atque
679 298 814 336 alatur.
871 296 951 336 Qui
987 310 1074 335 vero
1104 310 1213 335 suum
1243 297 1401 334 officium
1430 308 1508 333 non
1537 295 1631 332 bene

88 364 128 402 in
157 364 419 415 respondendo
447 363 726 415 praestiterunt,
756 363 888 401 horum
917 367 1090 414 parentes
1120 362 1374 413 corripiuntur
1403 361 1526 399 verbis
1544 373 1632 410 gru.-

87 428 263 466 vioribus'
294 433 584 479 monenturque,
618 431 660 466 ut
695 428 835 466 liberos
873 441 961 466 suos
990 427 1165 479 deinceps
1194 427 1412 478 diligentius
1448 430 1513 465 aut
1539 426 1633 477 ipsi-

87 498 162 532 met
198 493 400 532 instituant
436 497 500 532 aut
533 506 598 545 per
625 493 835 531 didascalos
869 492 1018 531 institui
1056 496 1207 532 curent:
1245 497 1294 539 et,
1321 493 1353 530 si
1379 496 1509 544 postea
1536 504 1632 543 quo-

84 572 157 610 que
203 559 498 609 negligentiores
544 559 662 597 fuisse
707 558 1050 610 deprehendantur,
1093 558 1198 597 iuxta
1234 557 1374 608 gradus
1411 557 1633 609 disciplinae

85 624 373 663 Ecclesiasticae
399 624 548 676 publice
575 624 913 676 reprehenduntur.

138 689 339 727 Absolutis
376 694 498 727 autem
527 688 892 739 interrogationibus
919 694 955 728 et
981 688 1293 741 responsionibus
1320 701 1521 739 puerorum
1549 701 1632 726 om-

84 753 198 792 nibus
225 755 411 806 factisque
438 755 485 793 ad
513 760 687 807 parentes
714 755 880 800 illorum,
905 759 948 793 ut
983 768 1042 793 res
1078 754 1258 806 postulat,
1293 753 1634 800 admonitionibus,

87 816 335 856 Ecclesiastes
364 818 502 857 invitat
528 823 645 857 totam
675 818 885 857 Ecclesiam
915 819 961 857 ad
989 819 1197 869 gratiarum
1226 818 1425 864 actionem,
1452 818 1501 856 ad
1531 819 1632 857 hunc

86 881 264 921 modum:
296 884 385 932 (96)

138 1013 422 1053 Gratiarum
477 1014 604 1053 actio
649 1019 764 1067 post
809 1014 1033 1054 habitam
1079 1015 1379 1054 catechesim
1422 1014 1631 1053 minoris

87 1078 407 1119 catechismi.

142 1226 160 1243 υ
175 1209 336 1259 Agimus
369 1209 439 1248 tibi
474 1210 628 1260 gratias,
665 1211 903 1262 omnipotens
941 1214 977 1250 et
1013 1210 1226 1249 misericors
1253 1211 1381 1249 Pater!
1410 1223 1475 1262 per
1502 1210 1628 1249 Iesum

89 1273 282 1312 Christum
319 1274 439 1312 filium
476 1279 596 1321 tuum,
632 1275 733 1326 quod
771 1276 902 1315 salutis
938 1281 1089 1315 nostrae
1125 1277 1302 1327 mysteria
1353 1276 1455 1315 hisce
1482 1280 1632 1314 nostrae

89 1339 280 1377 Ecclesiae
315 1340 439 1390 pueris
466 1340 507 1379 in
535 1346 663 1379 tenera
691 1341 762 1379 hac
789 1342 958 1393 ipsorum
985 1347 1104 1381 aetate
1131 1342 1366 1388 revelaveris,
1403 1342 1632 1380 ostenderis-

89 1418 161 1456 que
198 1418 326 1443 verum
361 1419 453 1453 esse,
490 1406 591 1457 quod
629 1406 730 1445 filius
756 1411 842 1446 tuus
873 1408 917 1446 de
943 1411 981 1446 te
1009 1411 1188 1446 testatur:
1224 1421 1357 1460 nempe
1390 1411 1426 1445 te
1461 1407 1527 1445 illa
1563 1409 1631 1445 ab·

90 1470 283 1508 scondisse
310 1485 331 1509 a
358 1471 589 1523 sapientibus
618 1476 653 1510 et
679 1472 929 1524 prudentibus
958 1473 1070 1511 huius
1100 1473 1240 1511 saeculi
1277 1477 1313 1511 et
1339 1472 1503 1524 parvulis
1533 1472 1630 1510 dun-

89 1539 195 1574 taxat
223 1536 386 1574 revelare
414 1536 578 1575 voluisse
602 1539 646 1586 ¹).
700 1538 827 1589 Teque
864 1538 1051 1590 supplices
1087 1551 1251 1582 oramus,
1278 1542 1321 1577 ut
1347 1551 1482 1589 pueros
1519 1538 1630 1575 hosce

90 1605 253 1647 nostros,
288 1601 354 1652 qui
390 1606 494 1639 tuam
529 1616 618 1652 erga
644 1616 713 1640 nos
741 1616 871 1642 omnes
899 1604 939 1641 in
966 1603 1046 1641 filio
1073 1608 1141 1642 tuo
1168 1603 1455 1642 beneficentiam
1482 1616 1547 1641 ore
1574 1603 1631 1654 ip-

90 1677 217 1703 sorum
250 1665 386 1717 puerili
423 1667 624 1705 contestati
651 1671 739 1705 sunt
767 1667 810 1717 2),
840 1681 983 1720 nosque
1026 1668 1138 1706 simul
1173 1668 1286 1706 etiam
1321 1680 1451 1706 omnes
1488 1667 1632 1719 Spiritu

90 1733 222 1766 sancto
257 1733 324 1766 tuo
351 1729 404 1767 ita
431 1730 640 1780 gubernare
668 1730 845 1780 digneris,
872 1734 914 1769 ut
942 1731 1116 1781 Regnum
1143 1731 1212 1770 filii
1248 1731 1306 1770 tui
1331 1731 1371 1769 in
1399 1735 1529 1769 nostra
1557 1730 1632 1768 Ec-

90 1793 202 1832 clesia
231 1794 351 1833 indies
379 1795 499 1845 magis
527 1808 571 1834 ac
597 1795 718 1846 magis
746 1796 1031 1848 multiplicetur.
1059 1796 1223 1836 Amen.”

143 1924 270 1963 Finita
298 1924 368 1962 hac
394 1924 601 1974 gratiarum
628 1926 776 1964 actione
811 1925 1060 1964 Ecclesiastes
1087 1924 1329 1977 prosequitur
1356 1925 1528 1977 publicas
1545 1936 1632 1976 pre·

91 2002 163 2028 ceS.
219 1988 367 2027 Quibus
403 1989 589 2027 absolutis
627 1991 772 2028 canitur
807 1991 979 2028 Psalmus
1016 1990 1062 2027 ab
1092 1989 1630 2041 Ecclesia,-quemadmodum

94 2053 194 2090 circa
229 2053 428 2091 conciones
464 2055 850 2104 pome-(97)ridianas
889 2055 1021 2093 diebus
1059 2054 1269 2094 Dominicis
1306 2054 1390 2093 aliis
1419 2055 1497 2092 lieri
1526 2055 1635 2100 solet,

93 2121 128 2155 et
164 2117 314 2155 tandem
353 2117 556 2157 dimittitur
594 2118 764 2158 Ecclesia
797 2119 838 2158 in
875 2133 966 2171 pace
1003 2133 1088 2159 cum
1125 2119 1388 2159 benedictione
1424 2124 1461 2158 et
1489 2133 1631 2170 egeno·

91 2194 176 2219 rum
204 2181 540 2222 commendatione.

146 2296 288 2335 Ritus
325 2297 560 2347 exigendi
594 2301 738 2350 atque
765 2301 1052 2352 explicandi
1079 2301 1281 2340 maioris
1311 2301 1630 2343 Catechismi.

147 2440 340 2479 Quoniam
374 2441 415 2479 in
453 2441 596 2480 minore
633 2442 1095 2498 Catechismo¹praecipua
1123 2450 1269 2484 tantum
1299 2446 1419 2498 capita
1446 2447 1629 2499 quaedam

94 2505 289 2554 religionis
329 2509 364 2544 et
402 2506 552 2557 quidem
591 2506 752 2545 breviter
780 2516 1033 2560 exponuntur,
1066 2516 1107 2549 ut
1143 2525 1163 2548 a
1192 2511 1315 2562 pueris
1343 2512 1466 2550 adhuc
1493 2513 1631 2551 teneri-

93 2569 223 2607 oribus
260 2570 454 2609 commode
490 2571 607 2609 edisci
643 2577 817 2623 possent:
846 2575 963 2612 multa
992 2588 1078 2613 vero
1107 2579 1248 2614 attacta
1284 2589 1358 2615 non
1398 2581 1499 2623 sunt,
1535 2591 1630 2629 quae

93 2648 113 2671 a
141 2635 254 2685 paulo
282 2634 533 2674 adultioribus
561 2638 627 2685 (ne
654 2637 745 2688 quid
774 2637 819 2676 de
839 2639 1060 2678 Senioribus
1080 2639 1222 2689 dicam)
1241 2641 1411 2691 ignorari
1430 2643 1469 2681 in
1490 2643 1631 2681 Christi

94 2698 264 2737 Ecclesia
292 2712 368 2737 non
397 2700 545 2747 debent,
575 2701 756 2740 habemus
784 2703 896 2741 etiam
924 2704 964 2742 iu
993 2709 1121 2743 nostra
1149 2705 1320 2745 Ecclesia
1346 2707 1525 2746 maiorem
1556 2709 1627 2746 Oa-

91 2763 329 2810 techismum‚
373 2765 438 2816 qui
474 2766 681 2817 pleniorem
718 2768 886 2808 continet
925 2770 1088 2821 capitum
1124 2771 1318 2822 religionis
1354 2774 1627 2825 propemodum

138 2893 164 2932 ι)
187 2893 304 2927 Matth.
328 2893 377 2927 11.
400 2893 479 2928 Luc.
503 2894 553 2929 10.
578 2895 593 2926 l
620 2895 693 2929 Cor.
718 2895 745 2929 1.
1001 2899 1028 2939 2)
1052 2898 1160 2931 Psalm
1183 2901 1213 2934 ὃ.

147 2948 205 2988 ΙΙ.
1462 2959 1481 3001 7
