1830 3147
840 101 908 136 681
1358 98 1419 145 [A.
1446 95 1490 132 1).
1517 95 1630 143 1553]

100 214 243 261 propter
277 211 477 258 linguarum
513 210 719 246 varietatem
752 210 788 245 in
821 221 893 245 uno
926 208 1120 254 eodemque
1155 206 1286 254 templo
1311 205 1492 243 commode
1528 204 1634 241 simul

100 285 174 310 esse
199 272 274 310 sine
298 275 423 309 mutua
448 272 597 309 invicem
625 271 813 307 ministerii
839 269 1108 318 perturbatione
1133 281 1203 305 non
1229 280 1330 316 posse
1358 267 1504 303 videret.
1531 267 1635 303 Cere-

103 335 235 371 monias
260 337 440 382 praeterea
465 332 566 370 nobis
591 333 785 380 peculiares
804 334 1028 369 concesserat
1043 350 1091 358 —-
1108 329 1245 366 etiamsi
1262 342 1282 366 a
1298 329 1422 377 patriis
1437 327 1566 364 ritibus
1583 326 1634 363 di-

103 407 222 432 versae
247 398 364 431 essent
385 415 432 422 -·-
456 406 691 441 quascunque
717 406 781 430 nos
799 392 902 429 modo
920 392 1020 428 iuxta
1038 391 1135 428 verbi
1154 390 1276 426 Divini
1295 389 1491 426 doctrinam
1508 388 1552 425 ad
1568 388 1633 425 Ec-

103 455 286 492 clesiarum
314 460 514 492 nostrarum
540 454 814 491 aedificationem
841 454 989 489 maxime
1015 453 1127 489 facere
1147 455 1256 499 atque
1272 451 1315 487 ad
1332 451 1526 499 puritatem
1543 451 1637 497 Apo·

107 517 269 554 stolicam
307 518 466 566 proxime
498 517 662 554 accedere
687 516 932 552 indicaremus.
980 516 1197 551 Potestatem
1226 514 1353 550 adhaec
1382 512 1482 550 nobis
1510 512 1640 549 fecerat

104 579 256 626 augendi
282 578 444 627 deinceps
470 591 603 627 semper
629 578 871 614 ministrorum
896 589 1190 625 quorumcunque
1215 577 1419 612 nostrorum
1438 586 1638 617 numerum,

105 653 167 688 pro
203 653 244 676 eo
276 653 315 677 ac
350 640 385 677 id
411 640 543 677 nostris
569 640 736 676 Ecclesiis
762 639 955 676 conducere
981 638 1189 674 videremus.
1239 637 1425 674 Postremo
1451 636 1515 672 sub
1541 648 1639 672 suam

107 701 216 749 ipsius
241 701 499 750 protectionem
526 714 590 737 nos
617 703 828 747 nostrasque
853 699 1028 736 Ecclesias
1053 699 1104 734 ita
1120 701 1300 746 receperat
1327 703 1470 746 propter
1488 696 1641 733 nominis

104 754 367 810 peregrinorum
398 761 579 805 iuvidiam,
613 763 656 797 ut
687 773 789 798 nemo
823 772 889 797 nos
923 759 1064 797 omnino
1098 759 1133 795 in
1159 758 1297 795 illarum
1323 758 1577 805 gubernatione
1602 770 1642 794 ac

107 823 303 860 ministerio
337 823 506 872 impedire
532 823 605 860 ullo
632 823 734 860 modo
760 823 1002 869 remorarique
1027 823 1157 870 posset.
1207 821 1305 857 Haec
1330 833 1413 856 sane
1438 820 1488 855 ita
1514 820 1641 863 omnia,

107 897 170 933 pro
196 897 260 921 sua
285 884 386 921 nobis
412 884 545 932 pietate
570 887 793 921 concesserat
819 884 897 919 Rex
923 883 982 919 ille
1014 881 1268 925 sanctissimus,
1301 881 1429 928 dignus
1454 881 1642 929 proculdu-

107 945 165 981 bio
196 944 254 982 vel
287 945 392 981 huius
424 945 534 992 ipsius
567 945 662 981 tanti
699 944 857 981 beneficii
890 944 1041 986 nomine,
1067 942 1169 980 cuius
1196 943 1232 978 in
1259 942 1460 989 peregrinos
1486 941 1644 977 homines

109 1007 294 1054 propensio
319 1019 358 1042 ac
384 1006 612 1043 beneficentia
638 1018 698 1054 per
724 1018 844 1042 omnes
871 1004 1042 1041 Ecclesias
1069 1003 1201 1039 Christi
1225 1002 1420 1040 celebretur
1462 1002 1643 1039 memoria-

114 1081 185 1115 que
220 1068 276 1104 suj
302 1068 454 1105 nominis
479 1068 573 1116 apud
606 1068 682 1116 pios
719 1080 839 1104 omnes
881 1070 1102 1103 sacrosancta
1127 1066 1227 1114 plane
1252 1065 1421 1102 habeatur
1446 1069 1481 1102 et
1506 1066 1644 1102 immor·

108 1130 241 1166 talitati
274 1133 510 1167 consecretur.
560 1131 688 1177 Neque
724 1142 808 1166 vero
842 1130 877 1165 id
912 1128 1013 1165 nobis
1046 1128 1258 1165 concessisse
1292 1128 1377 1164 satis
1410 1128 1534 1164 habuit
1568 1128 1646 1165 Rex

110 1191 363 1239 pientissimus,
400 1191 460 1227 sed
494 1204 569 1227 eam
603 1192 709 1238 ipsam
754 1189 1014 1226 concessionem
1046 1189 1146 1225 iuxta
1187 1188 1366 1237 praedicta
1391 1188 1506 1236 capita
1531 1189 1646 1225 omnia

112 1254 226 1302 Regio
260 1253 450 1302 diplomate
483 1266 523 1291 ac
558 1252 743 1301 privilegio
769 1265 844 1295 suo,
881 1251 976 1299 quod
1003 1251 1186 1288 nobiscum
1213 1251 1390 1294 habemus,
1416 1250 1649 1293 confirmavit,

111 1319 149 1354 et
180 1316 348 1353 adversus
381 1318 522 1353 nostros
557 1315 775 1352 adversarios
801 1327 922 1351 omnes
947 1313 1232 1351 constantissime
1258 1325 1393 1361 semper
1431 1313 1580 1361 ipsemet
1605 1312 1647 1349 ad

113 1377 307 1415 multorum
333 1390 447 1425 usque
472 1377 748 1420 admirationem,
774 1389 817 1412 ne
843 1376 954 1413 dicam
981 1375 1160 1419 invidiam,
1188 1375 1436 1423 propugnavit.

159 1439 211 1474 At
237 1451 320 1475 vero
345 1441 486 1474 tantum
513 1438 580 1474 Dei
604 1437 812 1474 beneficium
839 1436 942 1473 nobis
967 1436 1098 1473 invidit
1125 1437 1244 1480 Satan,
1270 1435 1384 1472 multo
1402 1435 1512 1482 magis
1529 1437 1649 1471 autem

117 1501 278 1535 autorem
304 1502 339 1534 et
365 1502 553 1546 patronum
578 1498 685 1542 illius,
711 1498 968 1547 pientissimum
994 1498 1136 1544 inquam
1162 1497 1295 1544 Regem
1320 1496 1432 1540 illum,
1466 1502 1574 1543 atque
1607 1496 1650 1532 ad

113 1573 192 1597 eum
226 1574 246 1598 e
280 1559 392 1596 medio
425 1559 621 1596 tollendum
654 1559 941 1607 dissipandasque
974 1558 1078 1594 simul
1114 1563 1254 1594 nostras
1286 1557 1457 1594 Ecclesias
1497 1561 1533 1593 et
1557 1561 1652 1593 artes

113 1621 292 1670 expedivit
331 1633 411 1657 suas
447 1633 567 1657 omnes
602 1622 638 1656 et
670 1623 818 1656 conatus
851 1633 935 1657 suos
980 1631 1101 1656 omnes
1132 1618 1299 1655 intendit.
1348 1618 1506 1654 Accessit
1532 1621 1650 1655 antem

116 1696 242 1730 magna
274 1682 379 1719 etiam
413 1681 530 1728 gentis
564 1694 645 1729 erga
680 1681 793 1717 Deum
831 1681 1051 1728 ingratitudo
1087 1693 1151 1729 pro
1177 1680 1306 1716 donata
1337 1679 1389 1715 illi
1423 1679 1590 1727 opulente
1623 1679 1653 1716 si

116 1754 264 1789 usquam
290 1741 374 1777 alibi
399 1740 585 1787 Euangelii
610 1740 700 1776 luce.
735 1740 813 1786 Qua
839 1739 999 1787 equidem
1025 1739 1281 1786 ingratitudine
1314 1741 1528 1786 provocatus
1556 1739 1654 1775 Deus

117 1806 154 1841 et
179 1803 377 1840 doctrinam
404 1802 502 1838 verbi
527 1802 583 1838 sui
609 1805 646 1838 et
672 1802 844 1849 optimum
870 1801 976 1837 simul
1001 1801 1076 1837 eius
1101 1800 1283 1837 custodem
1307 1799 1358 1836 illi
1383 1800 1523 1836 ademit.
1549 1800 1654 1836 Unde

118 1864 257 1900 demum
284 1863 415 1899 factum
441 1866 507 1906 est,
541 1865 584 1899 ut
610 1865 646 1899 et
671 1867 812 1899 nostrae
838 1863 942 1899 etiam
969 1861 1147 1898 Ecclesiae
1172 1861 1439 1909 dissiparentur,
1466 1860 1655 1897 interdicto

120 1924 222 1960 nobis
263 1936 374 1970 aeque
415 1926 524 1970 atque
563 1923 640 1960 aliis
680 1926 804 1960 nostro
845 1923 1041 1960 ministerio
1075 1923 1214 1971 publica
1246 1922 1403 1970 Reginae
1448 1922 1654 1959 autoritate.

121 1984 193 2021 Sub
226 1984 289 2020 hac
321 1997 427 2032 porro
461 1984 527 2020 tali
559 1983 796 2021 Ecclesiarum
821 1987 1023 2021 nostrarum
1049 1983 1289 2031 dissipatione,
1315 1995 1392 2018 cum
1420 1995 1533 2030 neque
1559 1995 1653 2030 spem

120 2044 270 2093 amplius
303 2044 412 2081 ullam
445 2045 585 2081 illarum
618 2045 690 2082 illic
715 2045 978 2082 retinendarum
1006 2044 1215 2088 videremus,
1242 2044 1378 2080 etiamsi
1404 2057 1468 2080 nos
1493 2044 1656 2081 omnibus

122 2105 287 2154 periculis
313 2118 487 2154 exponere
511 2106 579 2153 ipsi
603 2105 857 2143 voluissemus:
893 2106 963 2142 imo
989 2118 1072 2143 vero
1098 2105 1333 2141 ministerium
1360 2108 1520 2141 nostrum
1547 2105 1655 2142 rebel·

125 2168 229 2204 lionis
255 2180 295 2204 ac
320 2167 484 2215 perfidiae
509 2168 652 2205 crimine
677 2168 839 2216 protinus
864 2167 1103 2204 infamandum
1122 2168 1239 2211 etiam,
1265 2167 1397 2215 siquid
1414 2167 1517 2203 modo
1535 2171 1658 2204 contra

122 2229 300 2265 decretum
326 2228 483 2275 Reginae
508 2231 755 2272 tentassemus,
781 2241 915 2276 nosque
940 2229 1070 2276 pariter
1097 2241 1217 2265 omnes
1242 2241 1313 2265 non
1339 2232 1409 2264 tam
1438 2230 1581 2277 propter
1605 2242 1657 2265 re-

122 2284 265 2337 ligionis
290 2291 576 2334 controversiam,
602 2302 707 2337 quam
732 2295 875 2338 propter
899 2290 1126 2327 rebellionem
1152 2291 1271 2338 potius
1296 2290 1482 2338 capiendos
1508 2303 1582 2326 esse
1606 2291 1657 2327 in-

123 2350 372 2398 telligeremus,
410 2354 447 2387 et
479 2352 620 2388 interim
646 2351 746 2388 nobis
771 2356 889 2388 tamen
915 2364 978 2400 pro
1004 2351 1070 2388 fide
1095 2352 1208 2388 nostri
1233 2351 1424 2388 ministerii
1450 2351 1659 2388 deserendae

123 2426 194 2451 non
229 2416 346 2450 essent
378 2416 519 2450 nostrae
552 2413 742 2457 Ecclesiae,
774 2414 1045 2450 convocavimus
1077 2413 1231 2450 seniores
1264 2425 1303 2449 30
1337 2413 1502 2450 diaconos
1528 2426 1661 2457 omnes,

125 2474 341 2521 consiliaque
366 2477 486 2510 nostra
512 2473 650 2510 demum
677 2474 791 2511 omnia
817 2474 1129 2522 praestantioribus
1156 2487 1199 2510 ex
1225 2473 1356 2510 nostris
1382 2473 1548 2510 Ecclesiis
1576 2474 1661 2510 viris

126 2536 472 2579 communicavimus,
510 2539 552 2572 ut
578 2536 751 2583 quidquid
778 2536 921 2573 omnino
949 2536 1076 2573 facturi
1102 2548 1266 2579 essemus,
1292 2535 1327 2572 id
1353 2539 1469 2572 totum
1496 2536 1661 2573 invocato

127 2598 193 2634 Dei
218 2598 255 2634 in
281 2597 401 2644 primis
427 2597 577 2640 nomine,
603 2597 726 2634 deinde
752 2598 857 2634 etiam
882 2598 1039 2634 unanimi
1064 2597 1220 2634 oninium
1246 2610 1430 2641 consensu,
1455 2597 1497 2633 ad
1515 2597 1661 2645 gloriam

128 2659 250 2695 Divini
282 2658 434 2695 nominis
467 2661 504 2695 et
537 2658 772 2695 Ecclesiarum
800 2661 1002 2695 nostrarum
1029 2658 1178 2694 salutem
1213 2658 1416 2695 faceremus.
1469 2658 1664 2705 Visumque

132 2719 202 2755 fuit
238 2719 453 2755 unanimiter
487 2719 648 2755 omnibus
682 2719 807 2756 melius
842 2719 946 2768 longe
984 2722 1020 2756 et
1045 2719 1088 2755 ad
1115 2719 1359 2756 illustrandam
1386 2719 1454 2756 Dei
1480 2720 1516 2755 in
1541 2723 1663 2756 nostro

131 2779 326 2816 ministerio
352 2779 498 2826 gloriam
524 2781 762 2828 opportunius
789 2781 875 2824 fore,
901 2780 930 2816 si
956 2780 1020 2817 sub
1048 2782 1148 2816 tanta
1174 2779 1246 2816 illic
1273 2780 1468 2828 tyrannide,
1494 2780 1578 2817 alias
1604 2793 1663 2828 po-

132 2840 204 2876 tius
228 2840 346 2878 ubivis
369 2841 452 2877 alibi
478 2841 575 2878 sedes
603 2842 732 2878 nostris
758 2842 924 2879 Ecclesiis
950 2853 1197 2889 quaereremus
1224 2843 1310 2889 (qua
1327 2841 1487 2889 equidem
1505 2841 1542 2877 in
1562 2854 1667 2877 causa

132 2900 232 2937 nobis
257 2901 354 2938 Deus
380 2902 611 2950 proculdubio
638 2915 708 2939 uon
733 2909 826 2939 esset
852 2903 1070 2949 defuturus),
1097 2913 1202 2951 quam
1228 2901 1258 2939 si
1283 2914 1346 2938 nos
1372 2901 1443 2938 illic
1461 2913 1580 2939 omnes
1604 2913 1664 2938 no-
