1830 3147
230 125 302 171 126

280 245 352 283 Sed
382 245 469 296 quia
496 243 661 296 plerique
689 243 801 284 etiam
829 244 1076 298 reperiuntur,
1105 245 1180 298 qui,
1208 246 1256 285 ad
1280 248 1426 285 Coenae
1454 259 1561 285 usum
1590 259 1654 299 spe
1681 260 1761 285 ma·
1795 282 1797 285 .

226 309 318 348 ioris
347 310 445 347 circa
472 310 692 360 religionem
722 311 837 349 studii
855 311 1021 355 admissi,
1047 312 1237 361 segniores
1260 312 1507 351 nihilominus
1535 325 1615 351 esse
1632 316 1762 364 postea

228 376 401 415 videntur
433 376 473 414 in
502 376 711 415 ediscendis
738 377 1083 429 prae-(165)eipuis
1112 390 1218 416 verae
1234 378 1436 428 .religiouis
1465 377 1662 429 capitibus,
1698 390 1762 416 eos

229 454 317 478 sane
343 440 565 491 reprehensa
585 432 751 491 ipsorum
773 442 930 492 segnitie
949 455 992 480 ac
1012 436 1248 491 indiligentia
1268 456 1289 480 a
1311 443 1456 481 Coenae
1476 456 1546 481 usu
1565 442 1762 494 suspendi·

228 519 322 551 muS‚
341 506 459 543 donec
477 507 662 557 specimen
683 508 834 558 aliquod
854 508 970 546 studii
989 507 1047 545 sui
1066 507 1155 545 dent
1175 508 1272 545 circa
1291 509 1510 558 religionem
1521 512 1558 547 et
1568 509 1758 560 pietatem.

278 568 328 605 Et
371 568 521 619 publice
559 570 791 620 profitemur,
836 583 905 607 nos
942 582 1019 607 non
1055 569 1213 607 aliorum
1254 570 1529 608 Germanorum
1565 569 1763 608 Ministros

227 646 306 671 esse
342 633 380 670 in
411 633 549 672 nostris
579 634 769 680 Ecclesiis,
805 634 877 672 nisi
914 635 979 686 qui
1007 648 1095 672 suae
1122 635 1208 673 fidei
1236 635 1514 674 confessionem
1540 635 1761 674 aediderunt

227 706 264 736 et
291 712 370 737 sese
397 699 499 737 ultro
526 713 569 737 ac
597 705 730 751 sponte
758 700 1045 739 Ecclesiasticae
1072 700 1292 752 disciplinae
1319 701 1569 740 subiecerunt.
1611 700 1761 739 Horum

227 777 317 801 sane
359 764 526 802 omnium
562 778 631 803 nos
675 770 711 802 et
748 765 899 803 seminis
934 766 1102 816 ipsorum
1141 765 1339 804 Ministros
1384 779 1462 804 esse
1508 765 1761 816 agnoscimUS.

229 830 423 868 Caeterum
459 831 524 881 qui
561 844 598 868 se
635 831 775 869 nostris
810 831 857 868 ad
885 845 970 869 eum
998 831 1149 869 modum
1178 832 1358 870 Ecclesiis
1385 832 1589 881 adiungere
1616 832 1764 876 nolunt,

226 908 290 934 eos
319 899 497 934 testamur
524 895 644 934 Deum
673 897 764 934 olim
791 897 953 934 iudicem
983 910 1089 935 suum
1118 897 1315 935 habituros
1342 911 1434 944 esse,
1461 899 1525 949 qui
1554 911 1641 936 suae
1667 897 1762 935 alio-

227 961 291 1011 qui
319 960 509 999 Ecclesiae
537 967 791 1013 contcmptum
818 962 1007 1013 impunem
1035 976 1115 1001 esse
1142 976 1209 1001 suo
1237 968 1403 1014 tempore
1430 976 1508 1001 non
1535 963 1645 1001 sinet.

278 1025 395 1063 Porro
437 1026 613 1076 quoniam
653 1032 687 1064 et
724 1027 979 1065 adolescentes
1015 1027 1259 1066 tredecimum
1294 1041 1437 1066 annum
1483 1040 1762 1079 superegressos

228 1090 267 1128 in
306 1091 444 1128 nostris
480 1091 658 1129 Ecclesiis
696 1105 716 1129 a
754 1092 900 1130 Coenae
928 1106 999 1130 usu
1027 1106 1104 1131 non
1140 1106 1321 1138 arcemus,
1357 1106 1451 1144 quos
1478 1092 1695 1144 praesertim
1721 1093 1763 1131 in

227 1155 409 1204 religione
444 1168 510 1206 pro
546 1160 664 1193 aetate
699 1156 817 1207 probe
853 1157 1058 1195 instructos
1093 1171 1173 1195 esse
1210 1154 1369 1201 constet,
1413 1163 1448 1196 et
1484 1157 1527 1196 fit
1562 1158 1672 1196 etiam
1700 1157 1760 1196 in-

229 1218 319 1265 dies,
358 1224 395 1257 ut
430 1220 555 1270 plures
582 1231 672 1257 ‘sese
708 1221 848 1258 nostris
885 1221 1093 1271 adiungant
1128 1222 1321 1268 Ecclesiis‚
1348 1223 1414 1273 qni
1441 1223 1588 1261 Coenae
1615 1222 1764 1260 demum

230 1283 449 1321 Dominicae
476 1284 674 1322 nobiscum
703 1285 926 1336 participare
955 1286 1082 1332 velint,
1100 1299 1292 1324 —eorum
1322 1300 1410 1324 sane
1439 1292 1681 1338 utrorumque
1698 1300 1764 1338 pe·

228 1348 403 1386 culiarem
446 1349 760 1386 examinationem
798 1350 1053 1389 observamus.
1108 1353 1165 1388 Ao
1202 1351 1247 1388 de
1284 1351 1578 1389 adolescentium
1611 1352 1763 1403 quidem

227 1412 357 1450 talium
395 1413 817 1461 exami-(166)natione‚
856 1414 1074 1466 priusquam
1107 1415 1154 1453 ad
1184 1416 1347 1453 Coenam
1375 1416 1530 1454 Domini
1557 1416 1762 1455 admittan-

226 1482 300 1523 tur,
335 1476 477 1515 dictum
513 1483 570 1515 est
606 1477 679 1515 iam
716 1483 824 1516 antea
861 1479 901 1516 in
938 1479 1165 1517 Catechismi
1192 1480 1450 1531 explicatione.
1507 1481 1620 1519 Nunc
1646 1482 1762 1532 igitur

227 1541 273 1579 de
307 1554 434 1580 eorum
471 1542 728 1593 exploratione
765 1543 942 1589 dicemus,
978 1545 1042 1595 qui
1077 1545 1117 1583 in
1153 1545 1359 1584 Ecclesiam
1396 1547 1558 1597 primum
1595 1547 1762 1585 omnium

227 1606 457 1658 recipiuntur
486 1608 704 1658 Coenaeque
732 1607 953 1647 Dominicae
980 1609 1203 1662 participare
1232 1611 1381 1652 debent.

306 1726 473 1766 Forma
510 1727 830 1766 examinandi
866 1742 967 1774 eos,
1004 1729 1086 1780 qui
1123 1743 1290 1768 recens
1326 1729 1374 1768 in
1410 1730 1684 1769 Ecclesiam

519 1793 675 1844 recipi
713 1794 1001 1845 Coenaeque
1040 1794 1236 1832 Domini
1271 1795 1474 1846 primum

612 1857 823 1896 omnium
859 1858 1168 1909 participare
1197 1859 1380 1898 volunt.

282 1997 360 2037 Qui
396 2011 474 2036 sese
509 2010 635 2036 recens
664 1997 801 2036 nostris
829 1998 1043 2048 adiungunt
1072 1999 1249 2038 Ecclesiis
1282 2005 1394 2052 atque
1431 2000 1477 2038 ad
1506 2001 1652 2039 Coenae
1680 2001 1760 2039 Do-

231 2064 389 2102 minicae
415 2076 524 2101 usum
553 2064 701 2101 admitti
727 2064 933 2115 postulant,
961 2065 1137 2103 iubentur
1165 2070 1249 2117 post
1278 2067 1413 2104 factam
1444 2066 1588 2104 Coenae
1617 2067 1761 2105 denun-

230 2129 429 2167 ciationem
465 2131 564 2167 intra
593 2129 806 2180 quindecim
836 2130 913 2168 dies
940 2130 1040 2176 illos,
1073 2132 1290 2182 priusquam
1320 2133 1444 2170 Coena
1472 2132 1765 2178 administretur,

230 2193 355 2231 venire
391 2193 437 2231 ad
474 2193 671 2231 Ministros
708 2199 743 2232 et
781 2195 952 2233 seniores
988 2195 1180 2233 Ecclesiae
1207 2196 1246 2234 in
1274 2197 1410 2248 templo
1438 2197 1519 2248 ipso
1549 2197 1616 2235 sub
1650 2199 1763 2235 finem

229 2258 507 2308 pomeridianae
553 2257 708 2295 alicuius
748 2259 956 2298 concionis.
1010 2259 1088 2297 Ubi
1124 2265 1323 2312 postquam
1360 2266 1553 2308 venerunt,
1589 2261 1765 2300 Minister

231 2322 335 2360 verbi
363 2327 426 2360 aut
454 2323 649 2360 Seniorum
678 2323 812 2374 aliquis
838 2323 924 2362 illos
952 2324 1159 2376 alloquitur
1186 2325 1224 2362 in
1253 2339 1331 2363 eam
1361 2326 1595 2364 sententiam.

282 2385 370 2423 Non
409 2399 516 2436 posse
555 2385 637 2423 ullis
668 2387 789 2424 verbis
818 2387 996 2438 explicari
1025 2389 1321 2438 magnitudinem
1352 2389 1523 2427 beneficii
1550 2388 1632 2435 Dei,
1659 2389 1760 2440 quod

231 2462 374 2500 semper
408 2455 553 2488 coetum
582 2451 744 2501 aliquem
771 2456 896 2490 extare
922 2452 1060 2503 passim
1091 2453 1190 2499 velit,
1216 2454 1256 2491 in
1283 2467 1356 2504 quo
1386 2456 1497 2502 (167)
1524 2453 1671 2504 publice
1700 2465 1762 2490 so-

231 2517 293 2552 net
321 2527 394 2551 vox
421 2513 490 2552 Dei
517 2515 557 2552 in
587 2515 794 2565 Euangelio
824 2515 978 2560 Christi,
1004 2531 1069 2567 per
1097 2530 1207 2568 quam
1235 2518 1399 2555 mirabili
1428 2517 1497 2555 Dei
1524 2517 1763 2568 providentia

232 2589 408 2614 vocamur
440 2577 487 2614 ad
525 2591 647 2615 veram
687 2578 756 2616 Dei
792 2583 828 2616 et
856 2579 977 2616 nostri
1005 2580 1260 2629 cognitionem
1288 2585 1398 2632 atque
1425 2580 1472 2618 ad
1501 2581 1614 2619 vitam
1643 2584 1764 2619 aeter-

231 2655 317 2680 nam
344 2641 383 2678 in
412 2641 562 2679 Christo
583 2642 746 2680 Domino
775 2643 885 2681 nobis
912 2645 1075 2692 gratuito
1106 2645 1286 2684 delatam:
1312 2638 1426 2683 modo
1455 2659 1501 2683 ne
1524 2649 1673 2683 tantum
1696 2644 1766 2682 Dei

231 2705 453 2743 beneficium
491 2710 771 2745 contemnamus
809 2713 1011 2759 nostraque
1045 2709 1138 2747 illud
1171 2710 1361 2761 impietate
1387 2724 1407 2748 a
1437 2710 1546 2747 nobis
1575 2708 1760 2760 propella-

230 2782 326 2807 mus.
358 2768 449 2806 Esse
476 2774 599 2806 autem
627 2770 697 2808 hoc
726 2785 802 2809 non
828 2776 1060 2823 postremum
1089 2778 1324 2825 contemptus
1344 2775 1465 2812 nostri
1485 2777 1763 2823 argumentum,

232 2832 263 2871 si
290 2833 501 2871 institutam
529 2833 668 2871 alicubi
698 2835 904 2875 Ecclesiam
933 2836 1085 2885 Christi,
1112 2837 1153 2876 in
1180 2851 1253 2889 qua
1280 2851 1359 2876 eam
1388 2838 1507 2890 ipsam
1535 2838 1606 2877 Dei
1634 2852 1761 2878 vocem

232 2911 363 2939 Sonare
391 2898 572 2947 audimus,
602 2899 835 2950 negligamus
864 2915 1008 2952 nosque
1034 2901 1091 2940 illi
1117 2916 1194 2941 non
1230 2904 1416 2955 protinus,
1450 2904 1514 2942 ubi
1553 2917 1766 2956 possumne,
