1830 3147
50 235 134 267 Mar.
158 235 208 268 16.

49 277 168 309 Psalm.
192 279 218 309 5.

48 319 125 352 Luc.
151 320 201 351 14.

46 605 125 638 Mal.
149 606 177 637 1.

45 648 144 681 Daui,
166 649 197 680 9.

45 690 149 722 Collo.
174 691 203 722 2.

44 732 144 774 pre.
169 733 198 765 2.

45 774 116 806 Gal.
140 777 170 806 4.

45 818 118 849 Act.
142 817 192 849 15.

46 859 136 891 Colo.
160 860 190 892 2.

45 901 127 934 Heb.
150 899 179 939 7,
203 902 253 934 10.

44 943 133 975 Colo.
157 944 188 977 2.

43 1207 132 1238 Ioan.
157 1206 187 1238 8.

43 1250 155 1282 Roma.
179 1249 209 1280 8.

44 1292 60 1322 1
86 1291 159 1324 Cor.
184 1292 211 1323 1.

42 1334 143 1376 Ephe.
168 1334 196 1365 1.

43 1376 134 1408 Colo.
160 1376 189 1408 1,

43 1420 155 1451 Roma.
178 1418 208 1452 8.

41 2311 142 2352 Ephe.
165 2311 194 2342 1.
226 2296 229 2297 ⁷

43 2352 133 2384 Colo.
157 2353 186 2385 1.

44 2396 59 2426 1
86 2395 158 2426 Cor.
185 2396 213 2429 l.

336 107 411 143 400
814 116 988 145 carnea,
1016 117 1126 146 neon.
1154 117 1272 146 LoND.

337 216 458 256 Deum
493 217 703 256 Dominum
731 222 916 274 nostrum*
942 220 1215 260 declararemus
1243 225 1489 274 aeternaeque
1516 222 1747 263 elaberemur

337 282 656 329 condemnationi,
693 296 844 322 casurae
881 285 1096 336 ceteroquin
1134 286 1174 324 in
1212 300 1341 326 omnes
1367 287 1540 337 ingratos
1568 288 1746 328 Divinae-

335 358 409 396 que
435 346 717 386 misericordiae
744 352 1034 400 contemptores.

915 478 1058 517 Interr.
1089 481 1176 518 100.

386 541 474 580 Qua
509 542 549 580 in
584 556 624 581 re
658 556 748 593 ergo
785 543 859 581 iam
894 544 959 582 illa
995 544 1151 583 libertas
1188 559 1208 583 a
1244 546 1326 596 lege
1354 548 1539 593 consistit,
1566 561 1677 600 quam
1706 549 1746 587 in

334 604 486 643 Christo
516 606 725 645 habemus?

980 674 1093 726 Resp.

383 735 512 774 Priore
539 736 638 782 loco,
666 736 764 787 quod
797 737 971 776 Christus
1000 752 1068 777 nos
1098 739 1273 778 liberavit
1300 740 1348 778 ab
1377 741 1552 780 omnibus
1581 744 1745 781 externis

331 800 497 839 Iudaicis
525 805 563 839 et
591 802 906 840 eeremonialibus
934 803 1137 848 institutis,
1163 819 1258 855 quae
1276 806 1323 843 ad
1344 806 1534 845 internum
1554 808 1744 846 hominem

330 878 407 903 non
435 865 601 904 faciunt:
631 880 746 918 quum
782 868 882 905 enim
916 869 1038 918 figura
1067 869 1104 907 in
1137 870 1327 908 Christum
1356 876 1474 918 erant,
1502 873 1541 910 in
1568 872 1650 923 ipso
1679 886 1743 911 ex-

329 931 426 981 pleta
456 935 556 970 sunt.

908 997 1048 1037 Interr.
1078 1000 1163 1036 101.

383 1060 487 1098 Quid
517 1073 630 1110 porro
659 1060 706 1098 ad
735 1061 837 1099 illam
866 1062 1056 1112 pertinet?

975 1127 1088 1179 Resp.

380 1191 510 1228 Altero
549 1195 584 1228 et
622 1190 774 1241 quidem
810 1191 1011 1242 praecipuo
1050 1192 1134 1230 loco
1162 1194 1267 1241 (37³)
1303 1193 1459 1232 libertas
1496 1195 1586 1233 haee
1621 1195 1660 1233 in
1699 1209 1741 1233 eo

331 1255 517 1299 consistit,
552 1268 634 1301 nos,
667 1277 719 1283 -
752 1256 822 1293 etsi
858 1256 932 1306 legi
969 1257 1056 1294 fidei
1093 1262 1204 1308 atque
1233 1258 1447 1298 dilectionis
1475 1274 1495 1297 a
1524 1260 1634 1298 nobis
1665 1274 1741 1298 non

331 1321 488 1358 satisfiat
510 1343 558 1349 -
589 1321 836 1359 nihilominus
866 1326 991 1360 tamen
1020 1323 1058 1360 in
1087 1323 1225 1361 indicio
1255 1324 1326 1362 Dei
1352 1338 1417 1376 per
1440 1325 1631 1365 Christum
1664 1339 1742 1364 non

330 1386 438 1424 aliter
473 1386 649 1437 reputari,
687 1400 799 1438 quam
828 1387 859 1424 si
888 1387 1013 1425 omnia
1040 1388 1352 1439 implevissemus,
1380 1390 1547 1442 adeoque
1576 1404 1676 1429 nunc
1702 1392 1741 1429 in

330 1451 424 1501 legis
462 1451 679 1489 obedientia
716 1465 799 1497 nos,
836 1465 914 1489 non
950 1457 1127 1503 tanquam
1166 1467 1304 1499 servos,
1341 1455 1405 1492 sed
1446 1460 1625 1506 tanquam
1654 1456 1741 1494 hae-

331 1516 436 1554 redes
465 1517 560 1554 laete
588 1521 700 1567 atque
728 1516 897 1554 hilariter
925 1517 1130 1564 ambulare,
1159 1518 1300 1556 Christi
1328 1520 1488 1570 repletos
1517 1520 1663 1571 spiritu.

907 1645 1046 1684 Interr.
1078 1648 1162 1684 102.

380 1709 583 1747 Quomodo
613 1708 684 1746 hoc
712 1710 782 1747 fit?

970 1775 1085 1826 Resp.

378 1839 515 1876 Libere
550 1838 590 1876 in
625 1838 718 1888 legis
753 1838 968 1876 obedientia
1006 1838 1308 1885 obambulantes,
1335 1841 1636 1892 quandoquidem
1667 1843 1739 1880 sei-

328 1918 409 1942 mus
439 1917 586 1942 omnem
615 1903 695 1941 eius
725 1903 1090 1948 condemnationem,
1117 1917 1230 1942 omne
1256 1905 1498 1944 maledictum
1515 1920 1738 1958 omnemque

326 1981 483 2019 poenam
521 1981 585 2019 per
623 1967 814 2005 Christum
851 1967 962 2005 nobis
996 1967 1181 2006 ademtam
1216 1981 1308 2013 esse,
1343 1969 1488 2007 etiamsi
1526 1983 1605 2008 eam
1632 1971 1738 2020 (37¹¹)

326 2046 403 2071 non
432 2034 580 2084 plenam
607 2036 852 2084 praestemus.

905 2096 1044 2135 Interr.
1077 2099 1160 2136 103.

379 2160 451 2199 Sed
480 2160 671 2211 quomodo
699 2160 796 2197 laete
823 2172 867 2197 ac
894 2159 1064 2197 hilariter
1093 2161 1132 2197 in
1160 2160 1241 2210 leg-e
1269 2160 1534 2199 ambulamus?

978 2224 1092 2275 Resp.

378 2289 508 2328 Quum
538 2293 638 2327 certo
667 2288 816 2335 seimus,
846 2288 1037 2327 Christum
1065 2289 1320 2340 imperfectam
1352 2295 1518 2329 nostram
1556 2290 1736 2329 obedien-

326 2354 429 2399 tiam,
466 2367 541 2392 non
581 2367 686 2392 secus
722 2359 834 2404 atque
871 2354 903 2391 si
931 2354 1104 2391 absoluta
1132 2360 1240 2400 esset,
1268 2368 1447 2393 coronare
1474 2361 1585 2407 atque
1612 2368 1735 2394 remu-

328 2420 463 2465 nerari,
501 2431 657 2470 nosque,
693 2418 840 2456 etiamsi
877 2419 915 2456 in
953 2419 1064 2456 nobiS
1100 2425 1314 2470 peccatores
1344 2420 1475 2466 simus,
1504 2434 1629 2458 coram
1665 2420 1735 2458 Dei

327 2484 467 2521 iudicio
496 2497 562 2534 pro
592 2483 734 2521 sanctis
764 2483 984 2533 dilectisque
1013 2483 1100 2520 filiis
1130 2484 1306 2534 reputari,
1334 2489 1520 2535 quatenus
1546 2498 1614 2535 pro
1637 2484 1735 2522 virili

326 2548 500 2598 portione
535 2547 787 2585 obedientiam
826 2550 993 2584 nostram
1025 2560 1087 2598 per
1116 2548 1226 2585 fidem
1256 2548 1294 2586 in
1324 2549 1514 2586 Christum
1542 2549 1647 2586 omni
1674 2549 1732 2586 in-

327 2612 470 2651 dustria
497 2625 795 2668 promoveamus.
823 2613 928 2660 (38²²)
