1830 3147
189 114 235 149 92

180 224 246 275 qui
272 236 402 276 operas
430 226 510 262 tum
538 236 623 261 suas
651 235 726 261 non
755 227 913 272 exercet,
941 225 1038 263 diem
1066 225 1172 265 illum
1200 227 1239 265 in
1267 228 1343 265 otio
1370 229 1512 280 perdat,
1540 244 1615 269 non
1644 245 1711 270 au-

180 287 257 326 dita
293 302 337 326 ex
373 287 485 325 verbo
514 287 584 325 Dei
610 287 686 325 ulla
715 288 982 328 admonitione.
1036 289 1097 328 Fit
1134 294 1259 330 tamen
1295 306 1372 331 non
1408 307 1492 331 raro
1520 295 1643 341 etiam,
1671 301 1712 335 ut

181 356 216 390 et
259 352 363 390 festis
401 352 543 396 diebus,
580 353 764 403 siquando
800 353 839 391 in
877 354 1110 392 hebdomade
1143 355 1241 394 forte
1273 356 1457 403 incidant,
1500 363 1536 397 et
1580 359 1711 398 diebus

177 417 286 455 etiam
316 417 417 455 Iovis
445 417 691 455 nihilominus
720 418 851 456 concio
878 418 1029 469 publica
1056 419 1248 467 habeatur,
1277 435 1342 472 pro
1372 436 1414 460 eo
1442 436 1485 461 ac
1512 423 1550 460 id
1578 424 1710 463 Eccle-

177 483 252 521 siae
279 482 517 520 commodum
545 495 624 520 esse
653 482 811 522 videtur.

228 550 352 598 Atque
379 547 505 585 eadem
534 561 622 586 sane
650 548 769 585 forma
798 548 1023 587 concionum
1052 549 1184 588 diebus
1213 550 1312 589 Iovis
1340 552 1450 590 etiam
1476 553 1708 602 observatur,

173 626 266 664 quae
293 617 329 650 et
356 612 438 650 aliis
465 626 529 663 per
557 612 828 651 hebdomadem
858 613 988 651 diebus
1025 614 1214 652 observari
1242 617 1348 663 solet,
1377 618 1449 655 nisi
1477 619 1589 670 quod,
1618 633 1708 657 con-

173 678 280 715 cione
316 677 486 715 absoluta
523 682 558 716 et
593 677 766 729 precibus
811 677 922 715 etiarn
960 678 1150 717 Ecclesiae
1175 680 1337 731 publicis
1365 682 1559 728 absolutis,
1585 684 1709 735 prius-

171 755 283 793 quam
311 743 480 780 Psalmus
509 742 739 785 decantetur,
767 742 977 780 instituitur
1005 743 1154 794 publica
1182 745 1449 796 scripturarum
1475 747 1605 796 lingua
1625 749 1706 786 vul-

169 807 250 857 gari
286 807 448 853 collatio,
483 821 595 858 quam
631 807 866 858 Prophetiam
908 821 1095 854 vocamus,
1123 809 1162 846 in
1191 823 1263 860 qua
1292 811 1462 849 doctrina
1489 813 1706 863 praeterita-

170 885 252 909 rum
290 875 371 909 tota
406 885 447 909 ea
484 871 716 909 hebdomade
746 871 967 910 concionum
998 873 1185 911 excutitur
1221 874 1370 925 publice
1406 879 1442 913 et
1479 877 1707 927 approbatur

168 950 233 987 per
268 936 434 974 locorum
462 936 502 974 in
531 937 723 988 scripturis
751 941 961 974 accuratam
1001 938 1240 977 collationem
1276 939 1539 991 unanimisque
1566 940 1706 980 doctri-

168 1015 238 1039 nae
266 1014 467 1039 consensus
495 1014 559 1052 per
584 1005 702 1039 totam
732 1001 937 1038 Ecclesiam
965 1002 1158 1041 retinetur.
1214 1002 1435 1041 Extrahitur
1463 1008 1585 1042 autern
1615 1005 1706 1043 haec

167 1067 253 1104 talis
289 1066 488 1118 Prophetia
527 1080 590 1104 seu
629 1066 821 1104 doctrinae
862 1067 1088 1104 examinatio
1126 1067 1172 1105 ad
1202 1067 1313 1106 horae
1340 1068 1451 1107 unius
1480 1069 1641 1120 spatium
1669 1074 1705 1108 et

166 1131 445 1179 Psal-(84)mus
491 1130 625 1168 deinde
677 1130 834 1169 canitur.
890 1131 977 1168 Quo
1014 1131 1122 1168 finito
1162 1131 1362 1170 dimittitur
1399 1133 1566 1172 Ecclesia
1605 1148 1706 1173 more

167 1195 419 1247 suprascripto
458 1208 540 1233 cum
578 1195 852 1234 benedictione.
881 1195 952 1232 Sed
981 1196 1158 1246 quoniam
1190 1197 1373 1248 duplicem
1403 1198 1583 1236 habemus
1611 1200 1703 1236 Pro-

164 1260 311 1311 phetiae
346 1274 467 1304 usum,
501 1261 657 1298 alterum
696 1260 734 1297 in
765 1259 1001 1306 Germanica,
1029 1261 1186 1298 alterum
1215 1275 1300 1298 vero
1328 1262 1367 1299 in
1398 1262 1543 1300 Gallica
1572 1263 1703 1301 Eccle-

171 1324 237 1367 sia,
274 1328 462 1376 utrunque
499 1338 586 1362 sane
623 1327 658 1362 et
695 1324 822 1362 utilem
860 1324 1048 1361 Ecclesiae
1092 1330 1128 1362 et
1172 1325 1364 1377 scripturis
1402 1332 1705 1372 consentaneum,

169 1388 362 1439 utriusque
398 1389 493 1427 ratio
530 1388 640 1426 nobis
668 1388 888 1439 explicanda
917 1388 1026 1426 etiam
1055 1388 1136 1427 erit.
1190 1389 1352 1427 Primum
1383 1395 1506 1428 autem
1535 1391 1579 1429 de
1608 1392 1702 1430 Ger-

169 1453 347 1499 manicae,
384 1452 516 1490 deinde
553 1466 637 1490 vero
675 1453 720 1490 de
756 1452 923 1489 Gallicae
950 1452 1170 1503 Prophetiae
1196 1467 1265 1491 usu
1292 1458 1404 1505 atque
1430 1455 1574 1493 ratione
1603 1456 1701 1494 dice-

169 1531 265 1565 mus,
292 1518 356 1556 ubi
381 1518 484 1570 prius
511 1517 792 1570 exposuerimus
821 1517 1046 1556 Catechismi
1074 1531 1183 1556 usum
1210 1523 1247 1556 et
1274 1519 1600 1560 examinationem.

617 1649 675 1685 De
700 1660 768 1685 usn
795 1651 831 1685 et
850 1649 981 1697 forma
1013 1649 1248 1687 Catechismi.

219 1786 547 1826 Quemadmodum
583 1786 621 1823 in
658 1790 779 1823 vetere
814 1786 964 1824 Israelis
1002 1786 1169 1824 Ecclesia
1205 1787 1295 1824 satis
1324 1800 1399 1825 non
1427 1792 1506 1826 erat
1533 1788 1697 1827 infantes

167 1852 453 1896 circumcidisse,
488 1851 592 1889 iuxta
631 1850 806 1888 Divinam
835 1851 1121 1898 ordinationem,
1152 1851 1215 1889 sed
1244 1852 1423 1890 extabant
1450 1853 1696 1892 nihilominus

164 1918 352 1964 mandata,
385 1917 513 1955 multis
551 1916 764 1967 Scripturae
791 1916 883 1954 locis
912 1917 1080 1967 repetita,
1107 1917 1152 1955 de
1178 1917 1314 1968 pueris,
1341 1918 1406 1955 ubi
1434 1918 1696 1963 adolevissent,

165 1996 309 2020 summa
345 1981 539 2030 diligentia
575 1980 818 2018 instituendis
852 1980 892 2018 in
928 1980 1040 2030 Legis
1077 1980 1234 2018 Divinae
1272 1981 1486 2030 cognitione
1523 1987 1558 2021 et
1596 1996 1693 2021 cerc-

163 2045 374 2084 moniarum
410 2045 489 2082 eius
522 2044 701 2095 temporis
728 2044 990 2082 observatione
1020 2044 1062 2093 ¹),
1090 2045 1257 2096 adeoque
1283 2050 1319 2084 et
1345 2046 1441 2084 inter
1470 2060 1598 2084 causas
1625 2061 1694 2098 pu-

163 2111 344 2148 blicarum
381 2109 570 2147 Ecclesiae
598 2109 698 2146 illius
728 2109 980 2147 calamitatum
1016 2123 1097 2147 eam
1124 2123 1271 2161 quoque
1299 2111 1482 2149 recenseri
1508 2111 1692 2157 audimus,

162 2175 263 2227 quod
299 2178 469 2226 parentes
504 2175 588 2222 (85)
631 2173 726 2210 cirea
762 2187 961 2224 puerorum
996 2175 1034 2211 in
1063 2174 1244 2223 religione
1270 2175 1544 2213 institutionem
1572 2176 1692 2225 negli-

160 2240 350 2290 gentiores
384 2245 520 2284 essent,
545 2260 595 2268 —
621 2238 672 2276 ita
700 2242 735 2276 et
762 2238 802 2275 in
831 2238 969 2276 Christi
998 2247 1098 2276 nunc
1127 2239 1295 2277 Ecclesia
1324 2240 1414 2278 satis
1441 2240 1690 2291 proculdubio

161 2318 238 2342 non
274 2308 340 2348 est,
373 2304 537 2341 infantes
574 2307 722 2340 nostros
762 2302 953 2353 baptizari,
991 2303 1077 2347 nisi,
1114 2308 1355 2354 posteaquam
1400 2303 1579 2354 baptizati
1614 2305 1688 2342 iam

161 2369 370 2407 adolescere
412 2372 624 2419 coeperunt,
661 2380 804 2404 summa
850 2367 960 2404 etiam
999 2367 1071 2405 fide
1109 2381 1150 2405 ac
1187 2367 1379 2417 diligentia
1423 2368 1461 2405 in
1505 2368 1687 2419 Baptismi

161 2433 345 2483 mysteriis
379 2433 535 2483 aliisque
572 2445 677 2469 verae
713 2430 905 2479 religionis
943 2431 1129 2480 capitibus
1173 2432 1432 2470 instituantur.
1486 2432 1687 2470 Enimvero

158 2501 416 2547 praeterquam
453 2495 554 2546 quod
591 2495 707 2532 multa
744 2494 783 2531 in
820 2494 1059 2543 Euangelicis
1096 2500 1205 2546 atque
1245 2495 1470 2546 Apostolicis
1500 2495 1615 2534 literis
1644 2497 1688 2535 de

157 2561 282 2611 pueris
309 2564 406 2597 recte
433 2559 672 2598 instituendis
700 2557 877 2596 habemus
898 2560 941 2607 Ξ),
968 2559 1045 2609 ipse
1074 2560 1184 2597 etiam
1212 2560 1546 2610 Paedobaptismus
1566 2562 1686 2599 nostri

157 2638 227 2663 nos
264 2625 332 2662 hac
367 2625 405 2662 in
443 2630 545 2675 parte
581 2626 688 2662 officii
726 2626 1043 2662 commonefacere
1088 2627 1196 2676 plane
1242 2627 1398 2664 videtur.
1454 2629 1548 2664 Cum
1585 2628 1684 2665 enim

155 2690 322 2728 membra
357 2689 397 2727 in
432 2703 507 2727 uno
544 2690 745 2740 eodemque
773 2703 926 2740 corpore
954 2690 1079 2727 omnia
1119 2704 1194 2729 non
1221 2695 1379 2741 possunt
1406 2690 1477 2728 alia
1505 2705 1571 2742 pro
1601 2693 1683 2730 aliis

197 2829 222 2867 ¹)
247 2829 325 2859 Gen.
349 2828 397 2859 18.
421 2827 520 2859 Exodi
545 2828 593 2864 12,
619 2828 668 2859 13:
690 2828 809 2859 Denter
831 2829 861 2865 4,
885 2828 912 2864 6,
938 2827 986 2859 ll.
1011 2827 1094 2859 Psal.
1118 2827 1166 2866 78,
1192 2828 1218 2859 5.
1243 2827 1303 2859 Ier.
1326 2828 1356 2865 4,
1380 2827 1408 2861 7.
1432 2828 1547 2871 Ephes.
1571 2830 1599 2862 6.

194 2883 221 2925 2)
244 2883 359 2915 Matth.
387 2883 435 2922 18,
460 2883 508 2915 19.
532 2883 632 2916 Marc.
656 2883 684 2921 9,
709 2883 758 2914 10.
781 2882 858 2915 Luc.
884 2882 932 2914 18.
