1830 3147
71 748 175 783 Math.
198 748 249 782 15.

70 792 174 824 Levit.
198 792 249 824 24.

67 835 149 867 Mat.
173 834 201 866 5.

67 875 185 909 Leuiti.
210 876 260 910 19.

69 919 143 951 Esa.
166 919 218 950 48.

71 961 180 993 Iacob.
203 963 235 993 4.

70 1004 175 1036 Math.
198 1004 251 1037 12.

68 1046 170 1078 Exod.
193 1047 243 1079 20.

71 1089 189 1130 EpheS.
211 1091 242 1122 4.

68 1131 162 1170 Rom,
186 1132 215 1164 1.

81 1975 177 2009 Gene.
201 1975 251 2013 21,
267 1975 319 2008 25.

79 2019 193 2050 Ierem.
216 2020 244 2056 4,
269 2018 319 2050 12.

79 2062 152 2093 Esa.
175 2063 227 2095 45.

77 2105 178 2138 Exod.
202 2106 251 2137 22.

80 2148 198 2179 Hebre.
223 2148 251 2179 6.

78 2189 159 2221 Deu.
183 2190 212 2227 6,
236 2189 287 2221 10.

78 2231 173 2272 Esay.
198 2233 246 2264 55.

80 2274 184 2307 Math.
208 2276 239 2306 5.

82 2315 190 2351 Iacob.
215 2321 242 2351 5.

350 113 424 154 370
830 117 1005 149 onnon.
1034 119 1143 148 noct.
1172 118 1289 149 LoNn.

350 224 464 263 nibus
490 224 616 263 verbis
644 223 720 263 suis
750 224 929 274 [nostris]
958 227 995 262 et
1021 223 1237 262 actionibus
1258 236 1343 262 cum
1362 221 1466 260 omni
1483 221 1685 274 probitate,
1703 235 1766 260 ar-

352 289 441 326 dore
469 292 579 340 atque
606 289 815 328 reverentia
842 288 1128 335 annuntiamus,
1155 289 1391 335 confitemur,
1418 286 1678 325 collaudamus
1704 291 1763 324 at-

353 367 423 404 que
450 366 675 393 reveremur.

940 545 1079 584 Interr.
1109 546 1172 584 34.

406 610 610 652 Quomodo
639 613 878 662 praeceptum
904 609 1002 648 illud
1028 609 1219 648 violatur?

999 674 1114 726 Resp.

407 741 539 780 Quum
567 747 699 779 sancto
726 740 798 779 Dei
825 739 979 778 nomine
1005 739 1046 777 in
1074 739 1170 777 falsa
1197 738 1360 789 quadam
1387 737 1571 788 religione
1590 741 1627 777 et
1645 738 1769 776 idolo-

355 806 467 844 latria
502 806 707 851 abutimur,
752 818 787 844 v.
818 817 850 843 c.
888 803 960 842 Dei
996 803 1152 842 verbum
1180 803 1220 841 in
1248 802 1394 849 Mettis,
1427 802 1617 853 Vesperis,
1644 803 1769 841 Exor-

358 869 474 908 cismo
511 869 692 907 adhibere
725 872 760 906 et
796 867 837 906 in
874 867 1044 919 qualibet
1071 880 1110 904 re
1138 879 1212 917 qua
1238 865 1310 904 Dei
1337 864 1490 904 nomine
1517 869 1663 916 praeter
1690 865 1769 904 eius

356 934 578 973 mandatum
605 934 825 972 abutuntur.
874 932 970 970 Item
997 931 1037 969 in
1065 931 1229 983 periurio
1259 931 1337 969 sive
1365 930 1605 968 iureiurando
1630 934 1771 969 temere

356 999 467 1046 dato,
504 1000 542 1038 in
588 999 813 1043 maledicto,
848 997 1044 1036 mendacio
1081 1009 1125 1034 ac
1164 996 1318 1042 fraude,
1353 996 1444 1034 item
1481 996 1521 1034 in
1557 995 1770 1047 praestigiis

356 1061 485 1114 (10¹¹),
523 1064 779 1111 divinatione,
823 1062 1079 1101 incantatione
1123 1062 1343 1113 artibusque
1393 1060 1605 1100 diabolicis.
1671 1060 1770 1099 Item

356 1142 472 1181 quum
510 1128 630 1166 Deum
658 1133 788 1167 contra
816 1131 984 1166 sanctam
1013 1127 1092 1165 eius
1121 1126 1365 1172 voluntatem,
1392 1139 1487 1177 quae
1515 1125 1626 1163 nobis
1654 1125 1768 1163 verbo

357 1195 435 1232 eius
471 1195 658 1246 patefacta
694 1198 763 1240 est,
801 1193 1037 1238 invocamus,
1074 1191 1389 1242 quemadmodum
1427 1191 1484 1228 illi
1519 1191 1678 1236 faciunt,
1704 1191 1770 1241 qui

357 1273 435 1298 non
472 1263 619 1297 tantum
655 1271 720 1309 per
756 1271 895 1296 nomen
930 1257 1085 1302 Christi,
1123 1255 1187 1294 sed
1215 1269 1280 1307 per
1308 1255 1550 1293 testationem
1578 1255 1770 1306 quandam

358 1323 499 1362 sanctis
526 1323 716 1361 addictam
743 1325 958 1374 precantur.
987 1321 1083 1359 Item
1113 1320 1178 1371 qui
1206 1333 1270 1371 per
1298 1332 1434 1358 nomen
1463 1319 1605 1357 Christi
1630 1323 1691 1368 (ut
1710 1333 1770 1358 ar-

356 1387 564 1434 bitrantur)
603 1385 666 1424 sed
693 1389 839 1436 praeter
866 1388 902 1422 et
932 1388 1062 1422 contra
1091 1384 1323 1421 voluntatem
1352 1387 1387 1421 et
1416 1383 1626 1421 doctrinam
1651 1383 1770 1434 ipsius

357 1451 462 1488 iuxta
491 1463 595 1488 suam
623 1449 864 1500 phantasiam
892 1452 928 1485 et
956 1447 1152 1485 libidinem
1182 1446 1327 1497 aliquid
1355 1450 1549 1497 expetunt.
1591 1445 1654 1483 Ad
1682 1445 1773 1483 haec

358 1529 472 1567 quum
509 1514 662 1552 nomine
699 1513 777 1551 eius
812 1513 851 1550 in
889 1513 1053 1563 aliquam
1097 1512 1346 1550 temeritatem
1392 1511 1598 1554 abutimur,
1634 1510 1773 1548 alicubi

358 1580 582 1632 proferimus
610 1578 754 1630 aliquid
783 1578 858 1615 sive
886 1578 1103 1621 retinemus,
1133 1589 1207 1628 quo
1236 1576 1412 1614 maiestas
1438 1575 1557 1626 ipsius
1578 1588 1656 1613 non
1677 1575 1773 1613 cele-

359 1646 500 1692 bretur,
527 1644 590 1683 sed
619 1643 811 1681 contemni
838 1646 875 1681 et
904 1641 1153 1681 scandalizari
1181 1640 1311 1692 possit.

948 1706 1087 1745 Interr.
1116 1708 1178 1744 35.

412 1775 499 1813 Hoc
527 1787 641 1812 unum
670 1772 784 1811 etiam
812 1784 947 1821 rogare
974 1770 1036 1808 hic
1056 1772 1160 1819 (14²¹)
1190 1769 1329 1808 debeo:
1359 1768 1515 1807 Licetne
1542 1781 1607 1819 per
1635 1781 1773 1807 nomen

361 1838 432 1878 Dei
459 1838 633 1888 religiose
659 1836 812 1874 iurare?

1007 1899 1120 1950 Resp.

415 1969 583 2007 Omnino
621 1967 786 2019 quidem,
822 1979 937 2016 quum
974 1965 1047 2002 hoc
1085 1978 1104 2001 a
1142 1963 1252 2001 nobis
1289 1962 1531 2012 magletratus
1568 1961 1674 2000 iuxta
1704 1960 1773 1999 Dei

363 2035 640 2072 ordinationem
667 2032 802 2083 poscit,
831 2030 907 2068 sive
934 2043 1049 2080 quum
1077 2029 1116 2066 in
1144 2028 1255 2066 rebus
1284 2027 1423 2065 divinis
1450 2027 1592 2078 alioqui
1618 2039 1686 2078 pro
1714 2040 1774 2064 ra-

363 2099 466 2137 tione
495 2096 703 2135 vocationis
732 2099 881 2133 nostrae
910 2094 954 2132 ad
985 2093 1022 2131 id
1052 2092 1336 2142 adstringimur,
1376 2097 1418 2130 ut
1446 2105 1489 2129 eo
1508 2096 1618 2142 pacto
1641 2091 1776 2129 veritas

363 2163 402 2201 in
441 2163 510 2201 Dei
545 2161 703 2211 gloriam
744 2164 779 2198 et
816 2159 979 2211 proximi
1008 2157 1246 2195 commodum
1276 2157 1508 2206 salutemque
1535 2157 1776 2194 confirmetur

363 2233 476 2279 atque
501 2229 778 2279 promoveatur.
834 2223 919 2261 Hac
946 2223 1092 2261 ratione
1120 2221 1343 2273 praestitum
1371 2220 1491 2258 divini
1519 2220 1683 2258 nominis
1713 2234 1774 2258 ve-

363 2292 507 2332 neratio
545 2296 580 2329 et
608 2304 717 2329 verus
744 2289 815 2327 Dei
843 2289 966 2327 cultus
994 2291 1062 2335 est,
1089 2286 1231 2337 alioqui
1259 2285 1519 2324 iusiurandam
1549 2285 1637 2324 dare
1665 2297 1775 2336 pror-

365 2371 428 2396 sus
454 2355 697 2396 interdictum
726 2353 837 2392 nobis
865 2356 933 2392 est.
1691 2350 1693 2352 ’

950 2480 1087 2519 Interr.
1117 2483 1178 2518 36.

419 2549 524 2587 Quid
551 2552 607 2587 est
633 2550 808 2599 quartum
836 2545 1086 2583 mandatum?

949 2609 1064 2660 Resp.
1093 2604 1198 2657 (14¹³)

419 2676 638 2716 Memineris
665 2675 739 2714 diei
766 2673 979 2720 sabbaothi‚
1008 2682 1049 2711 ut
1078 2672 1290 2711 sanctifices
1319 2683 1415 2710 eum.
1444 2671 1518 2708 Sex
1538 2669 1670 2708 diebus
1687 2682 1776 2720 ope·

367 2741 510 2780 raberis
538 2746 573 2779 et
600 2739 768 2792 perficies
797 2751 909 2777 omne
937 2750 1029 2788 opus
1057 2740 1178 2784 tuum,
1207 2736 1362 2787 septimo
1391 2737 1515 2773 autem
1537 2733 1595 2772 die
1614 2733 1776 2772 sabbao-

366 2807 476 2849 thum
502 2810 558 2846 est
582 2805 738 2845 Domini
764 2803 836 2843 Dei
860 2802 916 2843 tui
941 2823 992 2831 —
1020 2804 1089 2841 cet.
