1830 3147
1531 132 1603 174 173

62 262 172 301 etiam
211 259 431 311 disciplinae
466 255 622 299 abolito,
660 253 897 292 dominatum
936 251 1010 289 sibi
1048 249 1174 288 nescio
1212 261 1323 300 quem
1356 247 1397 284 in
1424 245 1608 284 Ecclesiis

62 330 305 379 usurparunt,
347 328 383 363 et
419 321 604 361 haeresim
642 333 721 359 esse
749 320 1060 370 interpretantur,
1087 316 1118 354 si
1146 315 1230 366 quis
1256 314 1344 352 illos
1372 312 1420 350 ad
1447 311 1608 363 primae-

63 407 150 433 vum
185 404 316 430 rursus
353 388 546 427 Ecclesiae
574 386 745 424 ordinem
773 396 949 423 revocare
977 386 1013 420 et
1041 381 1234 419 Ecclesiae
1263 379 1442 429 cuiusque
1470 377 1610 427 guber-

62 458 252 496 nationem
298 453 477 504 legitimis
522 452 625 490 illius
671 449 908 500 Presbyteris
958 461 1022 485 seu
1069 445 1290 484 Senioribus
1327 442 1476 481 restitui
1511 441 1613 486 velit,

64 522 164 574 quod
202 526 326 559 tamen
365 518 440 557 nisi
467 519 545 561 fiat,
573 529 693 567 neque
722 515 889 565 legitima
919 526 1008 550 sane
1035 510 1308 556 Ecclesiarum,
1335 508 1436 560 quod
1465 507 1514 544 ad
1541 505 1608 544 Di-

63 589 152 627 vina
196 585 346 629 attinet,
391 581 632 633 gubernatio,
676 594 798 632 neque
843 592 931 617 usus
967 578 1059 616 item
1107 575 1331 627 disciplinae
1366 573 1499 611 haberi
1533 572 1612 609 ullo

64 652 178 691 modo
206 653 342 701 potest.
398 647 475 686 Eos
503 659 631 698 porro,
658 646 723 696 qui
752 648 840 682 sunt
867 648 971 681 extra
1001 640 1225 683 Ecclesiam,
1253 638 1350 676 nihil
1378 637 1514 675 attinet
1542 636 1612 673 sub

66 715 287 767 disciplinae
316 727 423 752 usum
453 726 597 761 cogere.
629 711 814 748 Dominus
843 709 943 747 enim
970 708 1057 745 illos
1079 705 1276 751 iudicabit,
1296 703 1613 755 quemadmodum

66 781 205 819 Paulus
234 779 356 818 docet.
410 777 663 815 Praetermitti
690 780 816 814 tamen
846 775 884 812 in
914 773 1026 811 nobis
1054 785 1131 810 non
1161 771 1298 808 debent
1325 769 1475 807 interim
1506 781 1615 805 occa-

67 847 193 885 siones
221 849 257 884 et
284 846 379 882 istos
407 842 685 887 lucrifaciendi,
713 842 745 879 si
771 841 872 878 ullae
902 853 939 877 se
966 837 1078 877 modo
1110 837 1277 883 offerant,
1307 835 1381 874 nisi
1409 834 1510 886 quod
1529 847 1617 884 gra·

69 912 140 949 dus
171 910 449 961 suprascriptos
478 907 785 946 admonitionum
813 904 913 956 apud
941 917 1005 941 eos
1034 916 1109 941 non
1139 905 1312 953 oporteat
1337 898 1541 937 observari.

124 979 157 1018 7.
212 975 403 1020 Diximus,
440 987 501 1012 eas
539 972 820 1011 admonitiones
848 971 950 1008 inter
977 982 1108 1006 omnes
1135 967 1297 1006 invicem
1327 967 1462 1003 fratres
1491 965 1619 1002 obser-

70 1042 213 1082 vandas
249 1043 360 1090 (276)
406 1053 499 1085 esse,
544 1042 585 1077 ut
630 1037 889 1086 intelligamus
925 1048 1037 1073 usum
1074 1033 1296 1084 disciplinae
1333 1030 1622 1069 Ecclesiasticae

71 1120 151 1145 non
178 1110 326 1144 tantum
353 1105 393 1142 in
423 1103 618 1150 faciendis,
648 1102 710 1141 sed
739 1102 851 1140 ctiam
879 1102 916 1139 in
946 1100 1172 1151 recipiendis
1200 1098 1527 1137 admonitionibus
1554 1110 1623 1148 po·

73 1172 185 1210 situm
225 1184 317 1215 esse,
355 1176 404 1214 et,
441 1169 505 1220 qui
542 1169 805 1214 admonentur,
842 1172 918 1206 tam
955 1180 992 1204 se
1020 1178 1175 1217 peccare
1203 1164 1418 1214 intelligant
1445 1163 1484 1201 in
1515 1163 1625 1201 Chri-

72 1242 173 1275 stum
215 1236 420 1274 Dominum
458 1240 494 1272 et
531 1234 742 1272 Ecclesiam
779 1233 910 1284 ipsius,
948 1231 980 1269 si
1016 1232 1204 1268 fraternae
1240 1229 1520 1267 admonitiones
1549 1240 1624 1265 non

73 1305 255 1345 amanter,
293 1305 335 1338 ut
374 1300 524 1345 debent,
561 1312 605 1337 ac
642 1301 854 1336 reverenter
890 1296 1076 1348 recipiant
1112 1295 1216 1333 iuxta
1254 1307 1362 1332 usum
1393 1292 1627 1344 disciplinae,

75 1380 188 1418 quam
224 1365 282 1403 illi
319 1365 432 1403 etiam
467 1365 507 1402 in
545 1364 739 1402 Christum
777 1367 813 1401 et
847 1363 927 1401 eius
963 1361 1173 1399 Ecclesiam
1208 1354 1380 1411 peccant,
1407 1358 1472 1409 qui
1499 1357 1627 1395 fratris

80 1432 139 1469 sui
178 1444 319 1476 curam,
354 1444 422 1482 pro
451 1443 527 1481 quo
557 1430 731 1468 Christus
760 1433 816 1467 est
844 1433 1015 1466 mortuus
1044 1432 1080 1464 et
1108 1425 1173 1477 qui
1199 1439 1267 1477 pro
1296 1423 1463 1463 eiusdem
1493 1436 1627 1474 corpo-

77 1497 129 1534 ris
165 1497 335 1534 membro
375 1495 546 1542 habetur,
590 1493 772 1544 neglectis
810 1490 1153 1537 admonitionibus,
1190 1488 1405 1528 habendam
1442 1487 1515 1525 sibi
1551 1499 1628 1524 non

77 1576 158 1601 esse
184 1566 303 1613 putat.

131 1631 167 1666 8.
220 1626 275 1665 Ut
320 1627 414 1663 fines
454 1625 676 1677 disciplinae
714 1622 1002 1662 Ecclesiasticae
1038 1634 1323 1673 exponeremus,
1363 1619 1529 1658 diximus
1567 1631 1629 1656 eas

78 1706 208 1730 omnes
243 1692 535 1737 admonitiones,
571 1704 665 1742 quae
703 1690 749 1728 ad
787 1703 893 1728 usum
933 1688 1154 1740 disciplinae
1189 1686 1392 1738 pertinent,
1418 1685 1472 1723 ita
1500 1684 1629 1722 obser-

81 1758 223 1795 vandas
252 1771 344 1804 esse,
385 1761 426 1795 ut
454 1771 590 1808 corpus
617 1757 837 1794 universum
865 1754 1060 1792 Ecclesiae
1087 1757 1123 1791 et
1152 1752 1303 1803 singula
1330 1751 1434 1789 illius
1462 1749 1630 1788 membra

78 1823 119 1862 in
155 1836 223 1861 suo
260 1822 380 1860 officio
421 1822 698 1866 contineantur,
734 1825 777 1858 ut
809 1819 1081 1868 intelligamus,
1119 1830 1223 1856 usum
1263 1815 1484 1866 disciplinae
1518 1812 1630 1851 insti-

80 1893 205 1927 tutum
234 1901 313 1926 esse
340 1887 380 1925 in
410 1886 551 1925 Christi
581 1886 763 1929 Ecclesia.
791 1898 867 1923 non
899 1883 1070 1936 equidem
1100 1883 1140 1920 in
1169 1879 1537 1921 condemnationem,
1566 1877 1630 1915 sed

78 1954 119 1992 in
155 1953 361 1991 remedium
398 1953 526 2003 potius
562 1950 797 1989 infirmitatis
835 1954 988 1987 nostrae
1017 1948 1200 1992 omnium,
1237 1951 1279 1983 ut
1308 1959 1387 1983 eam
1416 1958 1488 1982 usu
1517 1943 1631 1980 disci·

84 2019 211 2071 plinae
249 2019 366 2056 veluti
401 2019 508 2055 freno
546 2017 709 2068 quodam
747 2016 1000 2062 cohibeamus,
1037 2019 1114 2052 tam
1155 2014 1194 2051 in
1222 2013 1399 2050 universo
1428 2011 1467 2048 in
1495 2022 1632 2059 genere

81 2084 274 2122 Ecclesiae
303 2096 471 2135 corpore,
499 2097 610 2134 quam
639 2083 678 2120 in
707 2082 867 2132 singulis
895 2081 1133 2133 peculiariter
1163 2079 1275 2117 etiam
1304 2078 1355 2127 (si
1383 2075 1571 2128 quomodo
1592 2074 1630 2111 id

81 2149 163 2186 fieri
191 2150 322 2199 queat)
351 2149 529 2186 membris
558 2147 672 2192 illius,
702 2147 781 2185 sine
810 2147 884 2184 ulla
913 2147 1026 2194 (277)
1056 2145 1277 2195 cuiusquam
1308 2141 1539 2193 exceptione.
1579 2139 1630 2176 Et

80 2228 139 2252 res
175 2214 255 2264 ipsa
292 2214 474 2264 loquitur,
511 2226 619 2251 usum
658 2213 880 2263 disciplinae
916 2212 955 2249 in
991 2210 1162 2248 Ecclesia
1190 2222 1269 2247 non
1297 2208 1418 2245 solum
1445 2219 1525 2244 esse
1553 2205 1628 2242 fre-

88 2292 178 2317 num
214 2278 379 2316 salutare
413 2277 646 2315 infirmitatis
685 2282 835 2315 nostrae
862 2277 901 2313 in
931 2274 1144 2326 corruptela
1173 2274 1243 2311 hac
1273 2276 1429 2310 naturae
1458 2274 1630 2308 nostrum

82 2344 265 2389 omnium,
304 2357 350 2381 ne
376 2343 434 2381 illi
462 2343 621 2381 nimium
649 2343 927 2392 indulgeamus,
956 2340 1019 2379 sed
1048 2353 1128 2378 esse
1155 2339 1268 2377 etiam
1297 2337 1489 2375 vinculum
1517 2336 1632 2384 longe

84 2408 355 2447 solidissimum
392 2408 560 2459 adeoque
587 2412 623 2445 et
650 2407 765 2444 veluti
794 2407 976 2458 pabulum
1004 2405 1194 2456 quoddam
1223 2403 1263 2441 in
1293 2402 1460 2440 Ecclesia
1479 2405 1631 2439 mutuae

81 2474 245 2512 invicem
274 2474 443 2512 omnium
473 2474 667 2511 charitatis
696 2478 732 2511 et
760 2472 946 2511 libertatis
976 2471 1225 2509 Christianae.
1282 2469 1364 2506 Nec
1391 2468 1458 2506 abs
1487 2480 1526 2505 re
1554 2466 1631 2504 dis-

84 2541 223 2592 ciplina
267 2540 533 2578 Ecclesiastica
570 2539 668 2576 idem
707 2552 786 2576 esse
815 2538 954 2576 dicitur
981 2537 1020 2574 in
1050 2536 1219 2574 Ecclesia
1248 2535 1294 2573 ad
1322 2534 1401 2572 eius
1431 2546 1630 2571 conserva·

83 2607 239 2651 tionem,
268 2607 370 2657 quod
400 2610 486 2643 sunt
516 2604 621 2644 nervi
648 2605 687 2642 in
718 2618 897 2656 compage
923 2603 1006 2654 ipsa
1036 2602 1203 2653 corporis
1231 2600 1401 2640 humani.

137 2674 172 2709 9.
229 2671 416 2716 Diximus,
464 2684 524 2708 eas
561 2673 752 2721 praeterea
789 2668 1069 2707 admonitiones
1105 2667 1191 2704 ideo
1228 2666 1341 2704 etiam
1378 2663 1632 2702 obssrvandas

84 2749 177 2782 esse,
205 2740 258 2782 ut,
285 2736 350 2787 qui
377 2736 462 2773 illas
491 2735 683 2773 obstinato
713 2735 837 2772 animo
868 2732 1162 2771 contemnendas
1191 2745 1272 2770 esse
1297 2734 1443 2783 putant,
1471 2730 1632 2766 Satanae

85 2801 133 2838 ad
169 2805 377 2838 extremum
413 2800 624 2845 tradantur,
659 2803 702 2837 ut
746 2799 1042 2843 ostenderemus,
1084 2809 1278 2848 quousque
1313 2794 1631 2847 progrediendum

86 2864 135 2902 sit
169 2864 209 2903 in
247 2878 320 2902 usu
356 2864 645 2910 Ecclesiasticae
683 2864 917 2916 disciplinae.
973 2862 1120 2913 Nempe
1158 2860 1380 2899 cessandum
1415 2858 1527 2897 nobis
1556 2870 1632 2895 nou

86 2942 179 2976 esse,
217 2930 363 2968 etiamsi
399 2930 497 2982 apud
535 2944 611 2976 eos,
650 2929 716 2982 qui
750 2930 1013 2978 admonentur,
1041 2932 1281 2980 praereptum
1307 2925 1420 2965 nobis
1447 2923 1632 2978 quodam-
