1830 3147
226 86 300 122 234

224 195 428 234 admodum
465 197 509 233 de
546 196 884 247 Superintendente
921 197 1061 234 (lictum
1100 203 1175 245 cst,
1201 203 1237 236 et
1272 198 1431 247 singulis
1467 209 1615 234 rursum
1641 195 1756 235 totius

224 265 353 299 coetus
396 260 559 306 nomine,
605 260 693 298 dum
735 260 780 298 ad
829 265 973 299 coetum
1018 266 1251 309 revocantur,
1287 262 1500 314 exponitur,
1535 270 1608 312 qua
1641 261 1680 298 in
1717 273 1757 298 re

223 337 527 376 unumquemque
554 325 713 362 fratrum
741 325 1022 364 admonendum
1037 327 1430 378 reprehendendumve
1451 330 1517 364 aut
1534 325 1644 364 etiam
1666 338 1755 364 con-

227 388 424 426 solandum
452 400 531 425 esse
558 387 786 428 iudicarunt.

275 452 425 491 Quodsi
460 453 543 503 quis
582 452 842 491 Ministrorum
879 454 919 492 in
945 467 1081 502 genere
1108 454 1276 493 omnium
1305 454 1601 493 admonitionem
1630 457 1757 492 coetus

223 519 324 557 illius
351 518 429 555 ullo
457 520 569 566 (532)
597 518 709 556 modo
738 524 952 557 contemnat
990 524 1052 557 aut
1087 520 1143 557 illi
1169 520 1346 558 reluctari
1373 533 1526 572 quoquo
1554 520 1665 557 modo
1694 533 1756 557 ve-

221 584 278 627 lit,
321 588 402 621 tum
438 597 540 630 sane,
575 583 747 635 quisquis
781 584 846 622 ille
881 584 1037 622 omnino
1074 585 1122 623 sit
1155 598 1423 636 quavecunque
1457 586 1658 624 autoritate
1692 588 1757 622 aut

222 648 434 687 eruditione
460 649 665 699 praeditus,
693 663 714 687 a
741 649 944 688 ministerii
971 651 1145 701 protinus
1172 650 1231 688 sui
1260 651 1454 689 sanctione
1482 656 1608 689 coetus
1637 650 1753 688 totius

221 713 424 751 autoritate
463 714 718 764 suspenditur,
756 714 876 751 donec
903 721 968 752 aut
996 715 1142 766 culpam
1171 719 1407 766 contemptus
1436 715 1493 752 sui
1511 715 1613 753 illius
1633 727 1756 752 coram

222 778 352 817 eodem
380 778 463 829 ipso
492 782 600 816 coetu
629 783 810 828 agnoscat
838 792 881 816 ac
910 779 1140 830 deprecetur,
1168 784 1234 817 aut
1260 793 1306 817 ex
1334 780 1447 817 verbo
1478 780 1547 818 Dei
1573 779 1758 826 ostendat,

223 856 263 881 su
288 856 366 881 non
394 848 491 881 recte
519 848 631 893 atque
658 833 791 881 merito
820 843 1058 881 admonitum
1086 844 1400 896 reprehensumve
1427 845 1554 883 fuisse.
1593 846 1756 895 Suspen-

223 907 326 945 ditur
361 907 450 945 item
486 912 522 945 et
557 920 579 944 a
617 920 754 945 coenae
791 908 1014 946 Dominicae
1041 922 1124 952 usu,
1153 909 1272 947 donec
1302 910 1461 947 alterum
1489 910 1636 954 horum,
1663 923 1758 960 quae

222 972 297 1010 iam
326 976 413 1010 sunt
441 972 552 1018 dicta,
578 973 618 1009 in
647 977 756 1010 coetu
783 972 865 1024 ipso
894 974 1022 1012 faciat.
1076 974 1117 1011 Si
1153 987 1238 1012 vero
1274 975 1314 1012 in
1351 978 1569 1026 contemptu
1596 988 1663 1012 suo
1690 975 1757 1012 illo

222 1041 374 1088 perstet,
409 1051 530 1088 neque
563 1038 682 1075 ullum
718 1038 998 1088 resipiscentiae
1032 1038 1216 1077 indicium
1250 1040 1364 1077 faciat
1414 1039 1454 1077 in
1492 1040 1758 1091 subsequentis

224 1101 471 1139 hebdomadis
500 1106 608 1139 coetu
647 1101 908 1139 Ministrorum
939 1115 983 1139 ac
1011 1102 1221 1149 Saniorum,
1248 1107 1342 1148 tum,
1370 1103 1402 1141 si
1437 1108 1521 1155 post
1550 1117 1664 1141 unam
1691 1103 1758 1141 ad-

223 1166 297 1203 huc
333 1170 397 1204 aut
432 1167 587 1203 alteram
624 1166 921 1204 admonitionem
949 1166 988 1204 in
1017 1180 1084 1204 suo
1113 1167 1361 1206 nihilominus
1389 1172 1606 1219 contemptu
1633 1181 1758 1219 perse·

224 1234 324 1268 veret
359 1244 443 1268 cum
478 1231 620 1268 maiore
652 1231 775 1269 indies
813 1231 1013 1269 ministerii
1049 1232 1106 1269 sui
1150 1232 1332 1270 dedecore
1377 1233 1591 1283 maioreque
1636 1232 1757 1270 indies

222 1295 414 1333 Ecclesiae
442 1295 666 1333 offendiculo
693 1309 737 1333 ac
762 1296 1058 1347 perturbatione,
1085 1297 1126 1334 in
1155 1297 1337 1335 concione
1363 1298 1515 1349 publica
1535 1311 1659 1335 coram
1678 1303 1757 1336 tota

223 1360 393 1398 Ecclesia
428 1360 630 1411 exponitur
666 1364 904 1411 contemptus
942 1361 1060 1412 ipsius
1106 1375 1191 1399 cum
1227 1362 1484 1400 obstinatione
1521 1363 1758 1407 coniunctus,

222 1438 426 1476 rursusque
461 1438 584 1463 coram
613 1429 693 1463 tota
721 1425 890 1463 Ecclesia
919 1425 965 1463 ad
994 1426 1291 1477 resipiscentiam
1318 1427 1514 1465 invitatur.
1564 1427 1626 1472 Et,
1653 1428 1685 1464 si
1712 1440 1759 1464 ne

224 1492 278 1529 sic
306 1490 456 1542 quidem
486 1490 702 1528 admonitus
730 1491 949 1541 resipiscere
976 1491 1100 1528 adhuc
1129 1492 1228 1537 velit,
1256 1496 1335 1529 tum
1365 1492 1672 1543 se-(533)quenti
1699 1492 1759 1530 die

223 1555 424 1594 Dominico
460 1556 610 1606 publice
647 1569 772 1593 coram
801 1560 880 1594 tota
909 1556 1079 1594 Ecclesia
1109 1570 1194 1594 cum
1223 1569 1376 1595 assensu
1411 1557 1526 1603 illius,
1554 1557 1648 1609 quae
1676 1558 1756 1595 eius

221 1621 268 1658 ad
306 1625 479 1658 octavum
515 1626 602 1658 ante
639 1621 736 1658 diem
773 1621 1008 1667 admonetur,
1045 1622 1254 1659 ministerio
1284 1635 1351 1659 suo
1379 1622 1594 1661 destituitur
1621 1623 1661 1660 in
1687 1637 1756 1674 pu-

221 1687 320 1724 blica
348 1687 643 1725 antemeridiana
672 1687 865 1726 concione.
920 1687 980 1725 Ad
1009 1691 1218 1726 extremum
1246 1701 1346 1732 vero,
1375 1688 1405 1725 si
1434 1689 1557 1726 adhuc
1585 1688 1756 1726 obstina-

222 1756 282 1790 tus
310 1766 390 1791 esse
416 1757 558 1803 pergat,
585 1752 801 1803 proceditur
828 1752 875 1789 ad
897 1753 974 1790 eius
1002 1753 1446 1791 excommunicationem.
1481 1753 1557 1790 «Ad
1584 1752 1755 1790 ministe-

222 1818 320 1855 rium
364 1830 451 1855 vero
490 1830 599 1854 suum
635 1827 713 1854 non
750 1817 860 1854 facile
895 1817 1087 1869 recipitur,
1117 1818 1148 1854 si
1183 1817 1296 1854 semel
1325 1817 1571 1862 destituatur,
1607 1816 1755 1854 etiamsi

224 1886 465 1932 posteaxeum
494 1887 603 1919 coetu
632 1881 900 1919 Ministrorum
927 1895 970 1919 ac
999 1886 1076 1919 tota
1105 1882 1274 1919 Ecclesia
1303 1895 1366 1932 per
1393 1881 1664 1932 poenitentiam
1684 1894 1754 1932 pu·

224 1943 363 1982 blicam
406 1944 682 1988 reconcilietur,
728 1949 984 1994 praeterquam
1032 1944 1064 1981 si
1114 1943 1263 1993 insigne
1308 1943 1462 1994 aliquod
1506 1943 1755 1994 poenitentiae

223 2009 411 2058 specimen
448 2008 567 2053 aedat,
604 2009 713 2059 quale
747 2008 787 2046 in
815 2009 924 2046 Petro
963 2009 1149 2059 Apostolo
1185 2013 1221 2046 et
1259 2008 1401 2046 Davide
1436 2009 1607 2058 legimus.
1644 2009 1756 2059 inque

221 2073 321 2112 illius
361 2075 455 2111 seria
490 2074 791 2125 perseveratione
826 2087 891 2125 per
927 2068 1066 2111 iustum
1094 2074 1248 2124 aliquod
1276 2079 1419 2124 tempus
1447 2074 1673 2125 exploretur,
1693 2075 1755 2112 sic

220 2144 261 2177 ut
297 2139 466 2177 Ecclesia
502 2139 596 2190 ipsa,
632 2139 783 2187 cognita
817 2139 936 2190 ipsius
964 2152 1048 2176 vera
1075 2139 1249 2190 iustoque
1276 2149 1443 2190 tempore
1472 2139 1658 2177 declarata
1697 2153 1754 2177 re-

223 2204 451 2255 sipiscentia,
486 2203 632 2242 restitui
667 2203 775 2241 illum
802 2216 933 2241 rursus
959 2204 1136 2255 postulet,
1164 2217 1210 2241 ne
1236 2204 1276 2241 in
1304 2217 1370 2241 sua
1397 2204 1463 2241 illa
1490 2204 1752 2255 pudefactione

223 2269 482 2308 absorbeatur.

277 2335 473 2372 Caeterum
501 2333 533 2371 si
557 2333 613 2371 ita
640 2332 785 2371 incidat
813 2332 932 2384 (quod
953 2333 1102 2380 absitl),
1129 2338 1169 2371 ut
1189 2333 1508 2384 Superintendens
1527 2333 1607 2385 ipse
1626 2338 1752 2371 coetus

223 2399 324 2437 illius
351 2397 674 2436 admonitionibus
701 2410 830 2448 parere
858 2397 964 2443 nolit,
1000 2401 1082 2434 tum
1118 2411 1205 2435 sane
1233 2397 1278 2434 de
1303 2398 1371 2434 illo
1398 2411 1419 2435 a
1447 2397 1656 2435 ministerio
1685 2410 1751 2434 suo

225 2463 283 2501 vel
311 2462 583 2512 suspendendo,
611 2462 667 2499 vel
693 2461 815 2510 magis
842 2461 962 2500 multo
998 2460 1247 2508 destituendo,
1277 2462 1386 2499 unius
1419 2461 1606 2500 Ecclesiae
1635 2460 1751 2498 Mini-

224 2524 305 2569 stri,
333 2525 504 2562 seniores
532 2538 575 2562 ac
602 2524 762 2562 Diaconi
789 2523 885 2561 nihil
912 2524 985 2561 sibi
1014 2525 1251 2562 statuendum
1280 2530 1443 2570 sumunt,
1471 2525 1544 2563 nisi
1572 2525 1751 2562 coniunc-

224 2589 273 2627 tis
301 2590 411 2637 (534)
440 2589 512 2626 sibi
540 2589 695 2627 aliarum
724 2589 837 2626 etiam
863 2589 1144 2639 peregrinarum
1173 2589 1427 2627 Ecclesiarum
1457 2588 1642 2626 Ministris
1670 2603 1751 2627 om·

225 2654 349 2692 nibus.
405 2653 605 2691 Coniuncti
651 2658 773 2691 autem
820 2653 930 2691 simul
975 2653 1142 2691 omnium
1177 2655 1457 2705 peregrinarum
1495 2654 1747 2693 Ecclesiarurn

228 2717 396 2756 Ministri
433 2731 475 2754 ac
511 2718 683 2756 Seniores
711 2718 890 2755 adversus
919 2721 1175 2768 contemptum
1205 2713 1555 2769 Superintendentis
1581 2718 1634 2756 ita
1661 2732 1751 2770 pro-

227 2781 363 2820 cedunt
404 2781 444 2819 in
486 2781 642 2830 singulis
678 2782 844 2832 ipsorum
880 2781 1061 2819 Ecclesiis
1107 2782 1154 2819 ad
1198 2782 1277 2820 eius
1323 2781 1602 2832 suspensionem
1639 2787 1751 2834 atque

227 2846 339 2887 etiam
375 2845 654 2900 destitutionem
692 2852 729 2886 et
764 2846 811 2886 ad
847 2852 1052 2886 extremum
1081 2847 1128 2885 ad
1156 2847 1236 2885 eius
1263 2859 1411 2900 quoque
1446 2848 1749 2887 excommunica-
