1830 3147
94 418 175 449 Deu.
199 416 251 454 27,
275 417 326 448 28.

92 459 180 491 Levi.
203 460 254 492 26.

94 503 174 534 Exo.
198 503 248 534 20.
271 502 321 533 34.

93 811 211 853 Ephes.
236 811 264 843 1.

92 854 109 884 1
134 853 223 885 Ioan.
245 854 277 886 4.

93 896 206 928 Roma.
231 897 260 927 5.

94 938 206 970 Roma.
230 939 259 971 3.

97 981 114 1011 1
138 980 241 1013 Timo.
266 980 294 1013 1.

97 1022 177 1056 Gen.
202 1023 233 1058 3.

95 1331 199 1363 Math.
223 1331 253 1364 7.

95 1373 172 1405 LUC.
196 1374 226 1406 8.

95 1415 201 1447 Iacob.
224 1415 253 1447 2.

94 1458 191 1490 Dent.
214 1458 244 1491 6.

99 1708 116 1738 1
141 1707 214 1740 Cor.
238 1707 288 1739 16.

96 1749 203 1781 Colos.
226 1750 256 1782 3.

95 1791 182 1824 Psal.
205 1793 255 1825 10.

98 1834 164 1868 Ma.
189 1836 238 1867 10.

97 2229 189 2261 Rom.
212 2229 242 2262 7.

100 2272 172 2303 Psa.
195 2272 246 2303 91.

101 2314 175 2345 Esa.
198 2314 225 2351 8,
241 2314 270 2351 6,
290 2314 338 2345 53.

100 2356 119 2387 2
142 2355 224 2387 Tim.
248 2356 277 2387 3.

101 2397 199 2431 Deut.
220 2398 250 2430 4.

99 2681 200 2713 Exod.
223 2682 274 2713 21.

101 2723 198 2755 Deut.
222 2725 252 2756 5.

99 2765 201 2799 Exod.
230 2766 280 2804 24,
313 2765 363 2804 31,

101 2804 195 2847 Εῑ32,
219 2808 269 2840 34.

101 2844 197 2883 Dent.
220 2851 249 2884 9.

378 103 450 140 358
854 108 1026 137 carncfl.
1054 108 1163 137 Ech.
1191 107 1307 138 LoND.

963 213 1103 253 Interr.
1133 216 1194 254 10.

429 278 544 318 Unde
570 277 846 317 immutabilem
873 278 952 317 eius
978 278 1161 317 iustitiam
1190 278 1433 329 colligimus?

1023 343 1136 394 Resp.

428 409 460 446 E
496 408 799 446 remuneratione
832 407 1068 446 obedientiae
1103 411 1139 445 et
1166 407 1363 459 punitione
1389 410 1643 459 peccatorum,
1671 420 1784 458 quam

378 477 574 525 utramque
608 472 712 511 Deus
748 472 936 510 Dominus
964 472 1004 510 in
1032 476 1225 510 aeternum
1253 471 1354 511 haud
1380 472 1614 511 mutabiliter
1642 471 1784 510 consti·

376 538 461 578 tuit.

962 601 1100 640 Interr.
1131 603 1192 640 11.

432 668 519 707 Qua
547 666 586 705 in
614 679 654 705 re
680 666 802 705 elucet
829 664 1032 704 ineffabilis
1061 666 1139 704 eius
1166 665 1452 705 misericordia?

975 731 1089 782 Resp.
1117 728 1199 779 (ῧῦ)

428 798 477 836 In
514 810 569 843 ec,
607 795 709 847 quod
745 795 846 834 Deus
873 796 1025 847 proprio
1054 800 1170 841 motu,
1196 795 1308 834 nobis
1335 808 1405 833 nec
1433 795 1689 845 cogitantibus
1716 809 1786 835 nec

377 861 604 914 petentibus,
631 861 706 898 imo
736 873 819 898 cum
848 864 927 899 nos
944 860 1089 897 inimici
1117 860 1241 898 adhuc
1261 873 1440 906 essemus,
1455 874 1556 898 mera
1573 861 1695 910 gratia
1719 874 1785 899 sua

379 940 423 964 ac
449 925 707 964 misericordia
736 925 899 963 humano
926 925 1056 975 generi
1083 928 1168 976 post
1196 925 1339 976 lapsum
1358 925 1512 963 unicum
1529 939 1637 963 suum
1656 925 1788 973 fillum,

378 992 504 1030 Iesum
543 990 747 1035 Christum,
772 990 813 1028 in
841 990 1065 1029 salvatorem
1093 990 1140 1028 sit-
1167 990 1358 1042 pollicitus
1386 994 1497 1042 atque
1525 1004 1591 1029 suo
1619 995 1786 1043 tempore

379 1054 590 1094 tradiderit.

965 1118 1103 1157 Interr.
1133 1121 1194 1157 12.

430 1185 535 1223 Num
563 1185 655 1223 haec
683 1183 728 1222 de
754 1183 833 1222 Deo
863 1183 1051 1221 confessio
1080 1184 1245 1223 sufficit?

1024 1248 1137 1299 Resp.

432 1315 518 1353 Hoc
544 1327 622 1352 non
650 1313 741 1351 satis
769 1316 837 1359 est,
864 1313 1035 1351 confiteri
1062 1326 1132 1352 nos
1161 1312 1279 1351 Deum
1308 1326 1400 1359 esse,
1420 1312 1484 1351 sed
1505 1312 1622 1351 debiti
1639 1326 1788 1365 quoque

379 1379 501 1417 nostri
537 1381 604 1424 est,
640 1377 759 1415 Deum
795 1381 971 1427 tanquam
1009 1377 1130 1415 Deum
1167 1381 1336 1415 nostrum
1375 1377 1541 1428 diligere,
1580 1378 1717 1415 referre
1752 1378 1787 1416 ei

379 1444 531 1494 gratias,
558 1443 710 1481 laudare
735 1441 870 1493 ipsum,
896 1441 1040 1488 timere,
1067 1441 1209 1480 honore
1236 1442 1413 1493 prosequi
1440 1446 1476 1481 et
1512 1442 1679 1482 adorare.
1708 1444 1786 1492 (4³)

963 1505 1102 1544 Interr.
1132 1507 1192 1545 13.

432 1570 635 1610 Quomodo
663 1570 736 1608 hoc
762 1569 997 1619 intelligam?

1026 1634 1140 1685 Resp.

432 1699 515 1738 Nos
543 1712 672 1738 omnes
700 1702 848 1738 nostras
867 1698 1102 1751 cupiditates,
1123 1697 1383 1748 cogitationes,
1402 1697 1516 1736 verba
1534 1701 1645 1749 atque
1664 1710 1787 1749 opera,

382 1763 562 1814 quicquid
599 1763 781 1800 faciamus
817 1763 875 1800 vel
903 1762 1132 1808 omittamus,
1162 1774 1298 1812 corpus
1325 1774 1370 1799 ac
1398 1761 1513 1798 vitam
1541 1764 1577 1798 et
1606 1760 1786 1811 quicquid

381 1829 537 1866 omnino
566 1833 735 1865 nostrum
766 1827 825 1873 sit,
853 1827 900 1865 ad
929 1827 1078 1865 laudem
1106 1826 1226 1864 divini
1254 1826 1332 1864 eius
1352 1826 1517 1863 nominis
1535 1825 1731 1863 instituere
1750 1829 1786 1864 et

381 1893 429 1931 ab
458 1893 561 1930 omni
587 1896 692 1943 parte
718 1892 759 1931 in
786 1905 872 1930 vera
900 1891 1114 1930 obedientia
1141 1891 1258 1942 ipsius
1285 1890 1471 1929 voluntati
1497 1890 1732 1941 profundere.

965 1956 1102 1994 Interr.
1131 1956 1192 1994 14.

435 2021 638 2060 Quomodo
675 2021 791 2071 igitur
826 2021 1059 2059 voluntatem
1094 2020 1211 2072 ipsius
1248 2020 1389 2071 optime
1425 2032 1709 2069 cognoscamus,
1744 2023 1787 2058 ut

383 2099 580 2138 sequamur
608 2099 700 2133 eam,
729 2099 848 2138 neque
874 2085 914 2125 in
942 2085 1013 2124 Dei
1043 2085 1144 2123 cultu
1170 2099 1192 2123 a
1220 2089 1321 2123 recta
1347 2085 1407 2123 via
1435 2085 1677 2123 aberremus?

1029 2150 1141 2201 Resp.

433 2216 492 2254 Ex
527 2217 609 2267 lege
644 2215 775 2267 ipsius,
810 2228 906 2266 quae
941 2218 997 2253 est
1035 2215 1172 2266 scripta
1209 2213 1339 2263 regula
1375 2217 1411 2251 et
1438 2213 1609 2251 absoluta
1637 2213 1785 2251 divinae

382 2281 588 2319 voluntatis
624 2280 809 2325 doctrina,
845 2280 886 2317 in
923 2293 996 2330 qua
1025 2278 1212 2316 Dominus
1239 2277 1424 2329 expressis
1453 2279 1533 2326 (4¹³)
1562 2278 1785 2329 disertisque

385 2345 507 2383 verbis
541 2345 653 2383 nobis
690 2344 815 2382 omnia
843 2344 1042 2395 praecepit,
1071 2356 1166 2394 quae
1193 2342 1370 2380 faciunda
1399 2343 1458 2380 vel
1485 2342 1689 2381 omittenda
1715 2355 1784 2380 no-

383 2409 443 2448 bis
473 2408 560 2448 sint.

968 2471 1106 2509 Interr.
1135 2473 1195 2510 15.

437 2537 634 2575 Quaenam
661 2539 716 2575 est
742 2536 802 2574 lex
828 2535 907 2580 illa,
934 2534 979 2572 de
1006 2547 1079 2586 qua
1106 2534 1334 2572 mentionem
1361 2533 1481 2572 iacis?

1026 2599 1139 2649 Resp.

436 2663 573 2702 Decem
615 2666 812 2715 praecepta
847 2662 1002 2700 Domini
1038 2662 1158 2700 incisa
1195 2662 1341 2699 duabus
1378 2660 1534 2711 lapideis
1579 2659 1719 2698 tabulis
1746 2661 1783 2698 in

385 2732 513 2767 monte
558 2728 740 2765 Sinaitico
779 2727 905 2777 Moysi
939 2726 1101 2771 traditis,
1138 2740 1294 2777 quarum
1332 2726 1445 2764 altera
1478 2724 1661 2762 iustitiam
1696 2738 1784 2775 ergo

386 2793 506 2830 Deum
544 2795 579 2829 et
614 2791 809 2842 proprium
845 2804 971 2829 verum
1012 2790 1079 2827 Dei
1107 2790 1250 2828 cultum
1280 2789 1458 2835 continet,
1486 2792 1562 2826 tam
1591 2792 1783 2827 externum

386 2868 497 2909 quam
524 2854 728 2902 internum,
754 2858 916 2906 quatuor
941 2853 1132 2892 inclusum
1158 2853 1376 2905 praeceptis,
1401 2873 1452 2882 -
1472 2852 1588 2891 altera
1606 2852 1787 2891 iustitiam
