1830 3147
176 128 250 164 200

176 240 256 276 tam
291 235 496 275 admonent
533 233 755 280 Ecclesiam,
786 236 829 271 ut
857 232 930 271 sibi
957 232 1065 270 iuxta
1094 231 1236 270 Christi
1262 236 1299 270 et
1325 230 1599 283 Apostolorum
1626 230 1716 269 doc-

179 302 320 341 trinam
349 315 369 338 a
396 304 473 338 tam
500 298 617 337 noxio
646 299 832 337 fermento
861 302 1004 337 caveat.

231 369 267 405 5.
331 363 500 415 Exponit
526 364 671 401 fructus
698 363 890 413 legitimae
915 362 1338 400 excommunicationis:
1376 375 1520 413 nempe,
1553 361 1716 413 primum

182 431 252 470 Dei
288 443 428 468 nomen
453 442 519 480 per
544 429 650 467 illam
678 429 898 474 honoratur,
925 432 1112 479 quatenus
1139 441 1227 465 sane
1265 427 1433 477 legitimo
1461 426 1718 465 excommuni-

181 494 340 533 cationis
367 507 439 532 usu
466 497 659 541 testamur,
686 506 755 531 nos
782 494 896 542 longe
923 493 970 530 ab
999 492 1075 530 illis
1101 491 1244 538 abesse,
1268 492 1336 544 vqui
1363 491 1622 541 indulgentiae
1648 490 1717 529 fia-

177 560 360 611 gitiorum
386 558 458 597 Dei
485 562 521 597 et
548 558 607 596 sui
633 558 836 608 Euangelii
863 570 1001 595 nomen
1028 557 1287 609 praetendunt,
1323 570 1417 608 quae
1455 570 1545 594 sane
1572 570 1629 594 res
1657 556 1714 594 fa·

182 624 244 671 cit,
273 630 313 662 ut
338 624 436 662 male
463 636 565 661 nunc
591 623 732 674 passim
761 622 890 660 audiat
917 621 1090 660 doctrina
1118 621 1316 672 Euangelii
1335 621 1488 666 Christi,
1505 621 1595 659 dum
1615 620 1718 658 illam

182 687 441 738 indulgentiae
478 691 628 726 nostrae
664 691 880 738 praetexere
916 699 1107 725 conamur.
1162 685 1307 724 Deinde
1342 700 1414 724 usu
1439 686 1629 735 legitimae
1655 698 1720 724 ex-

184 752 539 792 communicationis
576 755 818 790 conservatur
854 751 1025 790 Ecclesia
1059 751 1100 789 in
1137 764 1205 789 suo
1243 752 1375 799 officio,
1412 752 1523 789 discit
1560 751 1720 789 sollicita

184 832 265 858 esse
305 831 374 870 pro
420 818 541 857 salute
584 817 839 855 membrorum
887 829 1054 864 suorum,
1083 817 1238 855 docetur
1276 830 1388 868 quam
1423 830 1481 855 rcs
1518 817 1566 855 sit
1599 816 1722 854 invisa

186 883 267 922 Deo
295 883 480 934 planeque
505 881 757 920 intolerabilis
784 881 1086 920 admonitionum
1108 881 1459 920 Ecclesiasticarum
1476 885 1724 932 contemptus,

189 949 421 987 coadunatur
457 947 577 986 indies
606 947 726 997 magis
753 960 796 985 ac
823 947 944 997 magis
970 961 1039 999 per
1073 947 1313 999 quotidianas
1347 947 1508 985 invicem
1535 960 1580 984 ex
1607 947 1721 985 verbo

187 1013 259 1052 Dei
299 1013 398 1051 inter
435 1026 514 1050 sese
548 1013 660 1061 (346)
698 1011 975 1050 admonitiones
1012 1025 1055 1050 ac
1092 1012 1370 1050 consolationes
1414 1016 1527 1063 atque
1562 1011 1723 1049 assiduis

187 1077 404 1116 istiusmodi
431 1076 621 1115 exercitiis
649 1076 688 1114 in
716 1076 887 1114 unanimi
915 1090 1060 1128 semper
1081 1090 1267 1115 consensu
1288 1078 1543 1116 confirmatur.
1571 1077 1722 1115 Postre-

187 1157 249 1182 mo
286 1142 492 1182 remedium
527 1142 641 1180 etiam
676 1141 879 1180 adhibetur
917 1142 977 1188 iis,
1011 1143 1075 1194 qui
1115 1149 1203 1181 sunt
1239 1142 1604 1189 excommunicandi,
1631 1142 1723 1192 legi·

186 1207 279 1246 timo
317 1220 388 1245 usu
414 1206 832 1245 excommunicationis,
886 1205 1031 1255 Negari
1057 1206 1158 1244 enim
1185 1219 1263 1244 non
1290 1210 1413 1257 potest
1441 1219 1567 1243 curam
1595 1205 1725 1243 haberi

187 1285 329 1317 eorum,
373 1271 438 1322 qui
473 1274 561 1308 sunt
598 1270 952 1309 excommunicandi
987 1271 1035 1308 ab
1072 1271 1255 1310 Ecclesia.
1311 1270 1586 1309 suffunduntur
1621 1271 1722 1309 enim

188 1337 343 1390 pudore,
389 1343 428 1374 ut
472 1349 536 1387 per
581 1335 774 1387 publicam
810 1336 1113 1387 pudefactionem
1152 1337 1294 1387 peccati
1331 1336 1389 1374 sui
1425 1336 1723 1386 magnitudinem

189 1406 411 1453 agnoscant,
445 1401 485 1439 in
519 1401 661 1453 illoque
695 1401 767 1439 sibi
802 1401 1026 1453 displiceant
1063 1415 1107 1440 ac
1141 1402 1294 1441 tandem
1321 1403 1555 1454 resipiscant.
1610 1402 1725 1441 Rese-

191 1472 323 1521 cantur
362 1480 384 1505 a
418 1467 564 1518 reliquo
600 1470 681 1505 toto
718 1467 910 1505 Ecclesiae
947 1480 1102 1519 corpore
1130 1480 1213 1506 cum
1241 1469 1346 1506 luctu
1372 1468 1536 1520 publico,
1570 1472 1611 1506 ut
1639 1482 1723 1507 cum

190 1532 343 1585 publica
379 1544 529 1569 rursum
565 1531 820 1581 gratulatione
855 1545 920 1583 per
955 1531 1301 1571 reconciliationem
1337 1533 1577 1584 recipiantur.
1632 1534 1724 1571 Tra·

193 1597 334 1636 duntur
363 1597 536 1643 Satanae,
566 1599 606 1634 ut
634 1595 764 1646 agnita
793 1595 942 1634 demum
971 1610 1037 1635 sua
1063 1597 1214 1636 miseria
1241 1597 1313 1636 Dei
1341 1598 1636 1636 misericordiam
1654 1598 1727 1636 im·

190 1663 352 1714 plorent.
405 1660 588 1708 Breviter,
623 1660 939 1711 quemadmodum
967 1662 1134 1700 membra
1168 1662 1208 1700 in
1245 1675 1400 1714 corpore
1428 1663 1606 1709 humano,
1633 1676 1727 1715 quae

190 1739 407 1778 gangraena
450 1725 660 1777 occupavit,
713 1729 886 1764 secantur
932 1731 1094 1764 uruntur
1129 1727 1177 1765 ad
1212 1727 1376 1765 hominis
1411 1728 1728 1771 revalescentiam,

192 1796 228 1831 ct
264 1804 338 1843 quo
365 1790 508 1829 maiore
533 1790 573 1828 id
602 1802 690 1828 cura
717 1790 797 1836 fiat,
821 1790 894 1828 hoc
922 1794 977 1828 est
1003 1791 1124 1828 maior
1152 1804 1235 1843 spes
1263 1792 1514 1830 restituendae
1542 1792 1725 1830 valetudi-

193 1856 266 1902 nis,
292 1877 344 1885 —
370 1856 424 1893 ita
449 1854 498 1892 ad
524 1853 807 1906 propellendam
833 1867 855 1892 a
881 1855 993 1893 nobis
1019 1869 1277 1905 gangraenam
1297 1856 1466 1894 omnium
1483 1857 1646 1895 maxime
1663 1871 1728 1896 ex-

190 1921 334 1960 itialem
370 1933 413 1958 ac
448 1919 663 1970 pestiferam
699 1921 977 1971 (contemptum
1010 1920 1165 1971 inquam
1211 1921 1442 1959 obstinatum
1476 1935 1520 1959 ac
1552 1923 1728 1961 rebellem

196 1985 547 2024 Ecclesiasticarum
576 1984 746 2022 omnium
774 1984 1096 2034 admonitionum)
1122 1986 1340 2025 institutum
1369 1987 1548 2025 habemus
1576 2002 1596 2025 a
1620 1988 1727 2026 Chri-

195 2056 252 2090 sto
298 2049 464 2088 Domino
509 2049 549 2087 in
596 2062 663 2087 sua
705 2048 876 2087 Ecclesia
912 2055 1122 2088 extremum
1158 2051 1261 2089 illius
1295 2051 1514 2098 remedium,
1550 2055 1729 2101 ex-(347)

197 2114 589 2154 communicationem.

251 2182 286 2218 6.
341 2176 519 2216 Ostendit
546 2176 808 2224 Ecclesiastes‚
837 2190 949 2228 quam
979 2178 1027 2216 sit
1056 2178 1171 2216 noxia
1198 2178 1390 2217 Ecclesiae
1416 2179 1643 2218 intermissio
1674 2180 1730 2218 di-

199 2242 379 2295 sciplinae
413 2245 449 2279 et
484 2240 640 2292 perinde
667 2240 778 2279 etiam
806 2242 1222 2282 excommunicationis.
1259 2243 1427 2282 Primum
1453 2244 1501 2282 ab
1528 2257 1604 2283 una
1629 2258 1732 2283 mer·

199 2308 288 2347 bida
323 2306 464 2359 pecude
497 2305 607 2344 facile
641 2305 747 2344 infici
781 2310 903 2344 totum
938 2321 1102 2357 gregem,
1137 2308 1169 2345 si
1204 2321 1280 2347 non
1313 2308 1370 2346 illi
1406 2309 1534 2360 aliquo
1568 2310 1731 2348 remedio

197 2372 359 2424 tempori
389 2375 623 2410 occurratur.
676 2370 821 2408 Deinde
858 2372 1055 2422 provocari
1089 2372 1183 2410 iram
1211 2372 1282 2411 Dei
1309 2373 1486 2411 adversus
1511 2378 1630 2412 totam
1657 2374 1732 2412 Ec-

199 2437 350 2475 clesiam
385 2449 450 2487 per
487 2434 708 2486 disciplinae
745 2435 1025 2485 negligentiam,
1062 2437 1230 2488 adeoque
1266 2441 1302 2475 et
1329 2437 1468 2475 Divina
1493 2437 1640 2489 punitio
1669 2452 1730 2476 ac·

201 2501 368 2548 cersitur,
388 2499 703 2553 quemadmodum
722 2500 862 2538 Paulus
881 2500 991 2539 docet
1008 2503 1051 2550 ¹).
1082 2502 1215 2553 Neque
1234 2507 1369 2541 desunt
1387 2503 1555 2553 exempla
1574 2502 1734 2542 Divinae

199 2565 407 2604 severitatis
433 2565 655 2616 gravissiina
683 2564 862 2603 adversus
890 2565 1110 2617 disciplinae
1137 2567 1424 2605 Ecclesiasticae
1451 2567 1730 2617 negligentiam.

202 2630 407 2674 Nimirum,
446 2634 486 2668 ut
515 2643 592 2668 non
618 2643 703 2667 raro
734 2629 965 2668 declinamus
993 2630 1169 2669 Divinam
1200 2632 1394 2676 ultionem,
1420 2631 1510 2669 dum
1537 2645 1606 2669 nos
1635 2633 1731 2670 diiu-

201 2695 382 2740 dicamus,
409 2694 472 2739 ita,
501 2695 587 2732 dum
615 2694 727 2732 nobis
754 2694 827 2745 ipsi
854 2695 1024 2743 neglecto
1055 2695 1276 2747 disciplinae
1301 2709 1372 2744 usu
1390 2695 1644 2745 indulgemus,
1664 2697 1732 2735 Dei

197 2758 239 2797 in
278 2771 346 2796 nos
374 2758 578 2796 vindictam
604 2771 867 2810 provocamus.
897 2758 1001 2797 Hinc
1028 2759 1126 2797 enim
1155 2765 1191 2799 et
1219 2759 1429 2810 tyrannidis
1457 2760 1671 2800 immanitas
1699 2767 1732 2800 et

243 2887 267 2927 ¹)
293 2886 309 2918 1
335 2886 409 2918 Cor.
435 2885 484 2919 ll.
