1830 3147
47 436 116 467 Esa.
139 435 190 465 42.
212 433 263 464 48.

45 881 121 913 Luc.
145 880 174 914 1.

46 1131 157 1162 Roma.
180 1131 209 1161 4.

49 1280 63 1310 l
91 1279 164 1309 Cor.
189 1279 217 1310 6.

47 1322 135 1352 loan.
160 1321 209 1352 11.

45 1365 136 1394 Aeto.
160 1362 188 1394 1.

47 1406 136 1437 Ioan.
161 1405 210 1437 14.

48 1447 148 1488 Ephe.
176 1447 202 1479 l.

47 1489 128 1520 Hel).
152 1488 181 1521 7.
207 1489 255 1520 10.

48 1532 64 1562 1
89 1531 171 1561 Tim.
196 1531 225 1563 2.

47 1575 137 1604 Aeto.
161 1574 190 1604 3.

47 1617 138 1646 Aeto.
162 1616 190 1646 1.

51 1658 65 1688 l
91 1657 204 1689 Thess,
226 1659 256 1688 4.
280 1658 308 1688 5.

328 119 400 154 :322
827 123 939 150 ooNr.
972 123 1077 149 noct.
1108 122 1221 150 tono,

381 227 486 265 Haec
533 239 620 263 sane
668 238 747 262 cum
795 225 864 262 soli
910 224 988 262 Deo
1026 228 1111 262 sunt
1148 224 1300 275 propria
1336 222 1475 269 omnia,
1510 226 1546 261 et
1582 223 1733 262 Christo

330 292 492 329 Domino
520 290 669 328 interim
699 290 837 341 pariter
862 289 1097 333 tribuuntur,
1126 294 1266 326 certum
1293 291 1362 334 est,
1387 287 1494 325 illum
1517 300 1597 325 esse
1614 287 1732 327 Deum

330 368 455 393 verum
486 354 531 391 dc
558 353 637 391 Deo
667 366 766 399 vero,
792 353 913 390 filium
941 351 1012 389 Dei
1039 352 1126 390 vivi.
1165 352 1254 389 Non
1282 351 1382 389 enim
1410 350 1588 388 mentitur
1617 351 1734 402 scrip-

328 424 420 465 tura,
466 432 560 469 quae
597 418 688 455 haec
724 417 839 454 solius
877 416 947 454 Dei
983 416 1145 467 propria,
1182 430 1300 467 neque
1335 415 1404 453 ulli
1441 415 1594 455 omnino
1631 420 1735 454 extra

327 483 505 522 Divinam
534 483 735 520 Monadem
765 485 953 519 creaturae
982 481 1179 519 tribuenda
1208 494 1287 519 esse
1315 481 1434 519 docet.

379 613 449 650 Est
482 613 600 662 igitur
638 625 722 649 vera
761 610 829 648 Dei
864 609 1033 647 Ecclesia
1071 610 1189 660 (quod
1217 610 1262 647 ad
1293 610 1493 647 secundam
1520 609 1636 660 ipsius
1666 621 1736 646 no-

329 683 418 724 tam,
453 690 585 728 nempe
621 677 746 722 fidem,
783 675 935 723 attinet)
971 687 1099 712 eorum
1139 675 1333 712 hominum
1372 688 1453 711 cum
1483 674 1650 725 ipsorum
1681 687 1737 711 se·

329 743 428 781 mine
466 747 604 785 coetus,
640 741 704 791 qui
746 753 835 777 voce
865 739 934 776 Dei
961 745 1137 776 evocatus
1166 739 1295 783 credit,
1322 738 1490 787 Virginis
1518 739 1625 775 illum
1654 737 1738 775 Ma-

329 807 406 844 riae
453 807 571 843 filium
618 818 697 843 esse
743 818 826 841 vere
870 804 993 840 Iesum
1032 803 1232 844 Christum.
1269 803 1388 839 filium
1427 802 1496 839 Dei
1531 802 1617 847 vivi,
1652 803 1738 849 (27)

330 872 449 909 Deum
479 885 522 909 ex
552 871 631 908 Deo
659 870 706 908 ab
735 874 885 907 aeterno
913 868 1095 917 genitum,
1123 872 1158 905 et
1181 867 1367 904 hominem
1388 881 1432 904 ex
1453 866 1604 904 homine
1622 871 1739 904 matre

330 936 475 985 virgine
514 936 593 973 sine
630 934 774 972 macula
812 933 888 971 ulla
925 932 1058 970 virtute
1096 931 1232 968 Divina
1271 937 1493 982 conceptum
1528 938 1564 968 et
1599 934 1740 975 natum,

329 1005 369 1038 ut
407 1000 503 1037 mori
538 1000 577 1036 in
617 1012 725 1036 carne
761 1001 890 1035 nostra
927 1010 994 1048 pro
1033 995 1142 1033 nobis
1179 1001 1305 1046 posset
1340 1008 1563 1046 omnemque
1591 999 1740 1032 nostrae

330 1064 586 1114 conceptionis
632 1075 675 1100 ac
729 1061 936 1099 nativitatis
980 1060 1234 1110 impuritatem
1276 1060 1450 1110 expiaret,
1494 1081 1546 1089 ·—
1592 1059 1740 1096 demum

330 1143 414 1168 vero
453 1142 521 1180 pro
558 1127 719 1179 peccatis
748 1127 887 1164 nostris
915 1132 1104 1163 mortuum
1134 1138 1176 1162 ac
1205 1125 1390 1175 sepultum
1419 1124 1547 1169 fuisse,
1574 1128 1610 1161 et
1636 1137 1739 1161 resu-

330 1194 470 1231 rexisse
497 1198 647 1243 propter
674 1191 794 1228 nostri
823 1190 1137 1233 iustificationem,
1168 1189 1272 1226 cuius
1300 1189 1471 1239 equidem
1501 1202 1587 1225 suae
1615 1201 1739 1225 resur·

330 1259 509 1297 rectionis
548 1259 696 1301 virtute,
736 1256 869 1294 merito
898 1262 1007 1306 atquc
1036 1255 1204 1305 exemplo
1234 1267 1302 1292 nos
1340 1267 1488 1305 quoque
1523 1254 1563 1291 in
1600 1253 1739 1291 nostris

334 1323 554 1374 corporibus
581 1334 830 1370 resurgemus,
857 1343 906 1349 —
933 1326 1121 1370 postremo
1151 1324 1275 1356 antem
1304 1319 1348 1356 ad
1380 1319 1502 1355 coelos
1531 1318 1643 1355 etiam
1671 1317 1738 1355 ad-

332 1387 530 1433 scendisse,
560 1391 601 1424 ut
627 1385 737 1423 nobis
765 1385 907 1422 aditum
936 1385 1014 1421 illic
1042 1388 1201 1435 pararet,
1229 1383 1429 1433 sedereque
1455 1383 1529 1419 iam
1556 1382 1596 1419 in
1630 1395 1739 1419 carne

331 1457 459 1490 nostra
504 1452 551 1489 ad
591 1451 712 1488 Patris
750 1450 807 1487 sui
845 1450 1046 1493 dexteram,
1083 1454 1123 1485 ut
1161 1461 1288 1485 verum
1323 1446 1571 1498 proculdubio
1612 1446 1739 1484 Iesum

333 1517 535 1560 Christum,
573 1516 643 1552 hoc
680 1518 734 1552 est
778 1517 1001 1552 servatorem
1032 1513 1349 1562 mediatoremque
1376 1516 1544 1549 nostrum
1573 1510 1740 1557 unicum,

331 1581 465 1619 deinde
502 1581 652 1618 unicum
689 1579 802 1618 etiam
838 1579 991 1627 Regem,
1019 1577 1243 1628 Prophetain
1275 1590 1317 1614 ac
1347 1577 1569 1614 Pontificem
1596 1576 1739 1614 anima·

331 1660 413 1683 rum
450 1649 675 1690 nostrarum,
711 1648 821 1694 atque
858 1643 946 1688 illic,
986 1642 1071 1679 dato
1109 1641 1218 1678 nobis
1248 1641 1396 1678 interim
1430 1641 1572 1691 Spiritu
1600 1642 1737 1678 Sancto

332 1724 411 1756 suo,
447 1713 640 1761 expectare
676 1713 821 1760 tempus
860 1706 1109 1745 restitutionis
1145 1706 1325 1749 omnium,
1363 1709 1401 1743 ut
1437 1719 1585 1743 rursum
1614 1705 1739 1743 redeat

331 1776 497 1813 iudicare
526 1775 630 1812 vivos
658 1787 702 1812 ac
728 1778 909 1818 mortuos,
937 1771 1252 1823 quemadmodum
1283 1770 1474 1821 Scriptura
1504 1770 1623 1809 docet.

382 1971 463 2008 Iam
509 1969 573 2020 qui
617 1982 700 2005 vere
737 1967 906 2011 credunt,
944 1967 1065 2004 facere
1099 1964 1209 2003 etiam
1247 1977 1324 2002 non
1360 1967 1530 2015 possunt,
1575 1963 1666 2014 quin
1700 1963 1738 2000 id

332 2048 481 2086 quoque
508 2034 754 2084 profiteantur
782 2030 882 2082 quod
912 2030 1080 2068 credunt.
1126 2029 1277 2066 Exserit
1304 2028 1402 2065 enim
1432 2041 1509 2065 sese
1530 2027 1622 2065 fides
1642 2040 1739 2072 vera,

332 2113 450 2150 neque
485 2099 600 2135 latere
636 2101 770 2148 potest.
824 2096 884 2132 Ita
911 2102 947 2132 et
975 2093 1143 2131 Ecclesia
1173 2107 1266 2144 quae
1294 2093 1384 2130 haec
1413 2106 1495 2130 vere
1524 2092 1653 2137 credit,
1682 2093 1738 2129 fa-

332 2177 412 2200 cere
439 2176 514 2200 non
544 2163 788 2212 po-(28)test,
816 2159 904 2210 quin
933 2172 974 2196 ea
1003 2171 1096 2209 quae
1125 2157 1253 2202 credit,
1283 2157 1430 2196 credere
1458 2171 1496 2195 se
1523 2157 1633 2194 etiam
1652 2156 1738 2193 fidei

330 2227 562 2279 professione
589 2229 756 2263 testetur.
812 2224 880 2260 Est
908 2223 1024 2272 igitur
1053 2223 1159 2260 tertia
1189 2235 1295 2259 verae
1325 2221 1394 2259 Dei
1420 2221 1610 2259 Ecclesiae
1638 2225 1739 2265 nota,

333 2297 372 2329 ut
399 2291 438 2328 id
467 2289 566 2342 quod
597 2289 727 2333 credit,
754 2288 864 2326 simul
891 2287 1003 2325 etiam
1032 2286 1075 2324 ad
1107 2285 1175 2323 Dei
1201 2286 1360 2334 gloriam
1388 2287 1618 2336 profiteatur.
1663 2334 1665 2337 ι

384 2483 450 2521 Est
490 2487 611 2520 autem
643 2481 780 2531 duplex
807 2479 989 2530 professio
1018 2479 1057 2516 in
1085 2479 1266 2521 Ecclesia,
1292 2477 1437 2529 privata
1465 2477 1593 2519 altera,
1620 2475 1736 2512 altera

333 2548 494 2598 publica.
549 2545 699 2583 Privata
727 2548 795 2588 est,
832 2556 925 2593 quae
953 2542 997 2579 ad
1029 2542 1175 2591 singula
1202 2541 1376 2592 privatim
1404 2540 1518 2577 totius
1548 2538 1736 2575 Ecclesiae

332 2610 510 2654 membra,
548 2622 656 2646 usum
692 2607 850 2644 rationis
889 2607 1077 2651 habentia,
1113 2606 1267 2643 omnino
1294 2604 1466 2655 pertinet,
1500 2602 1654 2654 perinde
1681 2608 1734 2640 at-

333 2688 404 2725 que
441 2673 532 2710 fides
567 2674 660 2723 ipsa,
696 2674 955 2722 praeterquam
992 2670 1023 2707 si
1058 2670 1104 2707 ab
1143 2670 1205 2707 illa
1242 2674 1395 2707 naturae
1424 2672 1572 2704 nostrae
1599 2667 1734 2704 adnata

333 2738 444 2777 nobis
481 2737 709 2781 infirmitate,
745 2735 812 2772 sub
852 2747 961 2784 quam
999 2734 1166 2771 conclusi
1195 2741 1333 2775 sumus,
1361 2732 1615 2774 excludamur,
1643 2744 1735 2782 qua·
1820 2743 1822 2783 g

332 2805 403 2840 lem
450 2802 486 2838 in
525 2801 662 2838 nostris
699 2799 921 2843 infantibus,
958 2798 996 2835 in
1037 2798 1157 2835 surdis
1194 2799 1281 2835 item
1318 2809 1360 2833 ac
1386 2796 1499 2833 mutis
1527 2800 1674 2841 natura,
1702 2801 1736 2833 et

332 2868 370 2906 in
400 2867 445 2903 iis
473 2865 536 2916 qui
566 2867 698 2902 natura
728 2861 861 2901 mentis
891 2861 1030 2899 iudicio
1062 2865 1188 2899 carent
1218 2860 1397 2898 videmus.
1428 2859 1581 2910 Alioqui
1607 2872 1736 2897 omnes
