1830 3147
186 122 259 158 190

185 230 380 270 decoretur
407 232 442 267 et
477 228 647 267 Ecclesia
683 231 760 273 tua,
793 227 834 265 in
871 229 1109 264 sacrosancto
1139 228 1205 263 tuo
1234 224 1386 263 nomine
1415 224 1582 270 collecta,
1609 222 1719 260 dissi-

184 302 303 347 petur.
331 296 442 343 (319)
490 294 550 331 Ab
588 292 802 331 istiusmodi
838 292 990 340 flagitiis
1027 291 1144 328 libera
1181 303 1250 327 nos
1287 302 1523 340 quaesumus,
1559 287 1720 325 Domine

186 361 288 399 Deus
324 361 471 397 noster!
500 362 652 409 propter
689 358 807 394 filium
845 361 953 394 tuum
989 355 1102 405 inque
1141 360 1268 392 nostra
1296 353 1515 391 infirmitate
1542 352 1719 390 Divinam

186 426 360 464 virtutem
397 430 498 462 tuam
535 424 712 462 adversus
751 423 869 460 diram
910 422 949 458 in
987 433 1056 458 nos
1085 422 1245 458 Satanae
1272 433 1315 457 ac
1342 419 1486 470 peccati
1512 418 1634 456 nostri
1660 422 1719 468 ty-

186 491 379 529 rannidem
420 504 549 528 exeras
586 494 698 540 atque
734 489 911 533 illustres,
947 491 989 524 ut
1024 486 1064 523 in
1103 487 1302 523 sanctitate
1330 491 1364 523 et
1392 485 1534 522 iustitia
1564 497 1719 533 regnum

186 557 255 595 filii
282 556 338 593 tui
366 556 404 592 in
431 555 549 606 ipsius
581 552 747 591 Ecclesia
774 565 1072 603 promoveamus,
1101 550 1160 588 cui
1188 556 1311 588 tecum
1331 564 1402 588 una
1424 554 1460 588 et
1485 563 1567 586 cum
1589 552 1719 587 sancto

189 621 331 671 Spiritu
375 620 414 657 in
451 618 569 656 triade
605 624 642 656 et
682 617 844 655 monade
883 616 1022 654 Divina
1073 615 1122 653 sit
1163 616 1243 653 laus
1287 615 1409 652 honor
1456 618 1491 652 et
1527 614 1648 663 gloria
1680 613 1720 650 in

187 690 392 723 aeternum.
424 683 585 722 Amen''.

238 749 426 787 Absoluta
453 749 522 785 hac
548 747 764 798 precatione
793 745 1039 783 Ecclesiastes
1069 745 1179 782 vertit
1208 758 1312 782 suam
1341 744 1551 782 orationem
1578 744 1625 781 ad
1645 744 1720 781 fra-

187 820 281 853 trem
316 815 422 852 illum
460 814 606 864 lapsum
644 825 687 850 ac
723 812 976 862 poenitentem
1024 823 1183 861 eumque
1218 810 1394 848 audiente
1437 814 1516 848 tota
1553 809 1720 847 Ecclesia

188 878 389 930 alloquitur
417 879 463 915 ad
493 878 591 915 hunc
619 877 793 914 modum:

242 1008 532 1063 Adm'onitio
559 1008 615 1046 ad
640 1008 827 1058 lapsum
855 1018 908 1044 ac
936 1005 1273 1056 poenitentem
1301 1004 1517 1042 fratrem.

245 1136 466 1175 nAudivisti
493 1136 580 1181 iam,
608 1135 742 1173 dilecte
768 1135 900 1172 frater!
930 1134 1119 1185 quodnam
1149 1134 1197 1172 sit
1224 1138 1329 1171 tuum
1356 1146 1445 1183 ergo
1465 1132 1641 1170 offensam
1661 1145 1725 1183 per

191 1207 227 1241 te
254 1202 462 1240 Ecclesiam
491 1200 665 1245 officium,
693 1213 825 1250 nempe
853 1204 895 1237 ut
920 1200 1064 1250 peccati
1086 1199 1140 1237 tui
1168 1199 1315 1250 culpam
1341 1199 1441 1236 ultro
1469 1198 1547 1249 ipse
1562 1197 1662 1248 apud
1679 1197 1725 1234 il-

190 1268 262 1304 lam
292 1267 331 1304 in
360 1269 564 1316 conspectu
590 1264 661 1302 Dei
688 1277 873 1314 agnoscas
901 1277 944 1301 ac
973 1263 1330 1315 depre·(321)ceris,
1358 1268 1469 1314 atque
1496 1263 1548 1300 ita
1576 1263 1724 1300 demum

189 1338 226 1371 te
252 1332 472 1369 reconcilies
500 1330 661 1368 offensae
686 1329 727 1367 in
755 1335 791 1366 te
819 1329 1010 1366 Ecclesiae
1039 1329 1193 1367 Christi.
1240 1328 1432 1366 Audivisti
1460 1328 1587 1372 etiam,
1612 1341 1724 1378 quae-

191 1412 276 1435 nam
306 1397 379 1434 sint
407 1397 486 1433 eius
515 1394 679 1432 vicissim
706 1399 830 1445 partes
858 1407 946 1443 erga
973 1399 1022 1438 te,
1048 1394 1194 1444 lapsum
1224 1407 1266 1430 ac
1294 1393 1725 1444 poenitentemfratrem

191 1473 312 1504 suum,
349 1474 479 1511 nempe
517 1464 556 1497 ut
593 1472 703 1497 suum
738 1462 931 1509 peccatum
972 1471 1053 1495 cum
1106 1458 1178 1495 tuis
1214 1457 1377 1509 peccatis
1413 1471 1486 1495 una
1523 1457 1727 1506 coniungat

190 1527 410 1577 lapsumque
437 1530 543 1563 tuum
572 1538 677 1562 suum
707 1524 824 1575 ipsius
851 1525 999 1574 lapsum
1028 1537 1107 1561 esse
1136 1524 1286 1572 cogitet,
1306 1546 1356 1553 —
1378 1523 1580 1572 coniungat
1599 1535 1725 1574 preces

193 1605 278 1629 suas
306 1604 389 1628 cum
417 1591 491 1628 tuis
519 1603 586 1641 pro
613 1594 680 1627 tuo
708 1593 862 1640 peccato
889 1589 1077 1639 precibus,
1105 1589 1309 1638 coniungat
1338 1593 1373 1626 et
1403 1602 1487 1626 suas
1514 1588 1726 1638 lachrymas

185 1670 278 1694 cum
312 1657 389 1694 tuis
425 1655 640 1706 lachrymis,
678 1668 715 1692 se
752 1658 874 1692 tecum
913 1667 986 1691 una
1024 1658 1173 1691 accuset
1200 1658 1235 1691 et
1263 1659 1385 1691 tecum
1417 1667 1488 1691 una
1517 1653 1628 1691 etiam
1656 1653 1726 1690 Dei

192 1721 351 1770 gratiam
379 1720 565 1771 imploret.
622 1719 726 1756 Haec
755 1731 841 1756 vero
871 1718 995 1755 omnia
1025 1732 1045 1755 a
1073 1723 1201 1755 nostra
1232 1717 1301 1755 hac
1328 1718 1496 1755 Ecclesia
1524 1718 1623 1754 facta
1650 1717 1722 1754 iam

193 1799 273 1823 esse
302 1785 403 1822 vides
431 1786 469 1821 in
498 1784 648 1835 publica
676 1783 778 1820 illius
804 1782 1032 1833 precatione.
1088 1782 1200 1819 Nunc
1228 1783 1353 1833 itaque
1380 1787 1487 1819 tuum
1514 1781 1584 1818 erit
1618 1794 1724 1831 prae-

196 1854 293 1888 stare
329 1849 454 1894 etiam,
491 1848 590 1899 quod
628 1848 685 1885 tui
721 1847 831 1884 oflicii
869 1860 948 1884 esse
985 1847 1136 1890 audisti.
1165 1860 1297 1897 nempe
1323 1851 1365 1883 ut
1393 1846 1535 1897 peccati
1563 1846 1616 1883 tui
1645 1845 1724 1882 cul-

194 1928 293 1966 pam,
329 1927 406 1951 non
441 1913 481 1950 in
521 1916 687 1949 nostram
723 1911 885 1948 ulliusve
926 1911 1090 1948 hominis
1127 1912 1301 1960 gratiam,
1338 1911 1399 1948 sed
1438 1910 1484 1947 ad
1512 1910 1582 1947 Dei
1608 1910 1726 1960 ipsius

199 1979 358 2029 gloriam
394 1983 429 2015 et
457 1990 562 2015 verae
590 1981 677 2014 tuae
703 1976 982 2027 resipiscentiae
1009 1976 1269 2014 testimonium
1308 1976 1404 2013 ultro
1433 1988 1476 2013 ac
1504 1979 1637 2026 sponte
1663 1980 1727 2013 tua

195 2055 378 2092 agnoscas
405 2054 449 2078 ac
478 2040 696 2091 depreceris.

252 2124 270 2142 a
282 2107 406 2157 Igitur
442 2106 540 2144 intra
576 2105 749 2156 teipsum,
785 2105 836 2142 mi
873 2106 1006 2143 frater!
1036 2104 1218 2142 descende
1245 2108 1425 2155 tuumque
1451 2104 1568 2155 ipsius
1597 2116 1661 2141 cor
1687 2103 1726 2141 in

198 2177 401 2224 conspectu
429 2171 508 2218 Dei,
538 2171 597 2208 cui
626 2178 715 2208 nota
745 2175 832 2208 sunt
859 2171 997 2216 omnia,
1026 2170 1195 2208 intueare
1222 2175 1257 2207 et
1294 2171 1475 2220 explores.
1532 2169 1665 2219 Cogita
1691 2174 1727 2206 te

198 2252 321 2277 coram
348 2238 427 2275 Deo
457 2241 564 2280 stare,
592 2249 669 2274 non
698 2248 824 2273 coram
852 2235 1069 2273 hominibus
1098 2239 1257 2273 tantum.
1314 2235 1445 2284 Cogita
1472 2238 1509 2272 te
1537 2248 1620 2272 cum
1647 2234 1725 2272 Deo

197 2305 278 2354 ipso
315 2304 354 2340 in
391 2307 520 2340 nostro
559 2300 781 2347 ministerio,
817 2313 894 2338 non
923 2305 1046 2338 autem
1074 2299 1271 2337 nobiscum
1299 2287 1447 2337 tantum
1475 2302 1728 2348 a—(322)gere,
1752 2338 1757 2342 ,

198 2382 240 2405 ac
279 2381 347 2405 nos
384 2366 546 2418 quidem,
580 2368 620 2403 ut
650 2365 831 2410 homines,
858 2364 939 2402 falli
967 2365 1034 2401 abs
1062 2368 1098 2402 te
1126 2377 1244 2415 posse,
1274 2363 1339 2401 sed
1366 2363 1485 2400 Deum
1515 2376 1591 2400 non
1618 2375 1727 2412 posse

199 2434 280 2470 falli
316 2433 393 2470 ullo
431 2431 555 2476 modo,
598 2443 717 2480 neque
753 2429 820 2467 abs
857 2434 893 2467 te
921 2442 1039 2480 neque
1066 2429 1113 2466 ab
1142 2429 1215 2466 alio
1243 2441 1443 2478 quoquam,
1470 2431 1505 2465 et
1533 2440 1726 2477 nunquam

198 2498 349 2547 impune
384 2495 610 2547 permittere,
647 2494 679 2531 si
714 2494 798 2545 quis
834 2494 942 2530 illum
978 2494 1017 2530 in
1056 2493 1132 2530 suis
1173 2492 1359 2530 Ministris
1396 2491 1522 2528 fallere
1559 2495 1726 2528 conetur.

199 2562 296 2598 Vide
323 2574 423 2608 ergo,
451 2560 501 2597 mi
527 2560 660 2597 frater!
691 2572 736 2596 ne
765 2558 844 2595 Deo
872 2558 944 2608 ipsi
972 2562 1007 2595 et
1044 2558 1200 2608 Spiritui
1229 2560 1360 2594 sancto
1387 2556 1426 2593 in
1454 2559 1583 2592 nostro
1611 2555 1725 2592 mini-

201 2625 312 2663 sterio
340 2624 522 2674 imponas.
562 2624 643 2660 Nos
671 2622 821 2673 quidem
851 2635 892 2659 ea
921 2622 1117 2667 duntaxat,
1145 2634 1239 2672 quae
1265 2621 1402 2658 extime
1429 2619 1608 2663 videmus,
1636 2632 1726 2656 con-

200 2693 392 2731 testamur,
430 2691 612 2724 caeterum
641 2686 743 2723 Deus
770 2685 851 2736 ipsa
880 2685 987 2722 etiam
1021 2685 1143 2733 cordis
1171 2684 1289 2722 nostri
1316 2683 1518 2745 penetralia
1547 2682 1726 2728 intuetur,

200 2759 236 2792 et
273 2766 438 2791 severum
468 2767 506 2790 se
532 2754 693 2790 ultorem
723 2765 801 2790 esse
829 2752 967 2802 pluries
1005 2752 1207 2789 declaravit
1234 2763 1373 2794 eorum,
1402 2749 1467 2799 qui
1493 2749 1550 2786 illi
1576 2750 1612 2787 in
1652 2749 1725 2786 Ec-

202 2819 409 2856 clesiastico
438 2818 555 2868 ipsius
582 2817 791 2855 ministerio
819 2817 1010 2867 imponere
1038 2818 1249 2855 voluerunt.
1286 2815 1342 2853 Da
1370 2816 1495 2865 itaque
1522 2820 1558 2853 et
1585 2820 1626 2852 tu
1652 2814 1724 2852 iam

201 2884 360 2936 gloriam
399 2882 561 2922 Domino
597 2882 677 2920 Deo
714 2887 779 2920 tuo
816 2882 854 2919 in
894 2896 976 2919 vera
1015 2885 1078 2919 tua
1116 2895 1215 2920 nunc
1243 2881 1386 2932 peccati
1429 2880 1662 2932 displicentia
1692 2883 1727 2918 et
