1830 3147
221 132 285 180 [A.
310 133 361 170 D.
385 132 498 181 1543]
953 134 1022 170 562

222 242 283 278 sed
319 241 423 288 paulo
449 243 551 278 antea
585 253 685 289 quam
719 243 801 278 tuus
827 243 1030 281 adserretur.
1059 242 1117 278 illa
1142 242 1206 277 iam
1235 241 1355 277 similis
1380 240 1623 288 propemodum
1651 241 1755 287 panni

221 307 359 338 tantum
393 306 537 344 emerat,
574 307 741 350 quantum
780 303 862 339 mihi
889 304 974 339 satis
1000 306 1079 339 erit.
1126 304 1303 339 Offerebat
1328 303 1465 339 interim
1489 303 1564 339 aliis
1588 302 1752 338 emendos

221 375 355 410 pannos
388 363 492 398 hosce
523 366 612 404 tuos,
637 376 822 411 suppresso
847 367 963 400 tamen
986 367 1021 399 et
1045 369 1106 400 tuo
1130 367 1167 400 et
1189 376 1255 399 suo
1279 363 1429 404 nomine,
1455 362 1515 399 sed
1539 375 1640 398 nemo
1665 366 1754 403 erat.

222 424 281 471 qui
305 423 382 459 illos
409 423 498 458 tanti
521 423 627 459 vellet
652 437 775 460 emere.
801 424 899 460 Uxor
924 424 1070 460 Comitis
1096 425 1238 460 Ioannis
1264 424 1320 460 hic
1355 435 1416 470 pro
1450 423 1555 470 panni
1588 422 1754 458 tenuioris

221 483 304 519 ulna
338 496 409 519 non
433 483 581 530 amplius
606 496 708 532 quam
735 485 854 520 decem
880 485 1019 521 stiferos
1046 484 1265 521 brabanticos
1300 483 1477 521 offerebat.
1527 484 1614 531 Agit
1637 487 1753 519 autem

222 543 286 579 tibi
322 556 462 591 magnas
493 545 624 591 gratias
659 557 746 581 uxor
781 557 866 587 mea,
900 545 992 592 quod
1025 546 1068 580 ad
1095 558 1131 581 se
1157 558 1306 592 pannum
1332 545 1424 581 hunc
1448 544 1498 580 ita
1522 545 1667 586 miseris,
1695 542 1756 579 sed.

220 604 317 640 dolet
340 605 391 640 ita
414 617 491 641 sero
514 604 657 641 allatum
684 610 720 641 et
744 605 834 652 quod
861 605 924 641 tibi
948 606 984 641 in
1009 618 1050 642 eo
1076 606 1256 642 vendendo
1282 619 1352 642 non
1387 606 1541 653 potuerit
1554 605 1755 652 gratificari.

268 663 376 701 Quod
408 663 450 698 ad
482 677 534 699 me
559 665 698 705 attinet,
728 677 800 700 mea
826 665 940 701 soror!
965 664 1057 712 quod
1082 665 1146 701 tibi
1169 666 1275 701 semel
1300 678 1375 701 sum
1402 665 1586 712 pollicitus,
1610 664 1646 700 id
1671 677 1758 700 sem-

222 737 283 773 per
316 738 379 771 pro
405 726 497 762 virili
523 738 597 762 mea
624 726 819 773 praestabo,
845 728 909 763 hoc
936 731 1003 769 est,
1031 732 1071 763 ut
1095 728 1270 775 intelligas
1296 740 1348 763 me
1374 728 1477 762 rebus
1503 727 1572 762 tuis
1596 725 1756 762 omnibus

221 800 396 835 nunquam
422 799 496 823 esse
521 788 734 829 defuturum,
763 791 865 835 teque
891 801 961 824 non
987 789 1055 824 alio
1081 788 1171 835 apud
1197 800 1250 824 me
1275 801 1376 835 quam
1396 788 1521 824 sororis
1536 788 1754 823 charissimae

220 847 296 884 loco
320 859 395 882 esse
421 848 589 882 futuram·
640 847 746 886 Quod
771 848 902 891 scribis,
927 861 1000 884 esse
1025 849 1059 884 iu
1096 861 1165 896 quo
1190 849 1334 884 consilio
1359 860 1434 884 meo
1459 849 1511 884 uti
1536 848 1756 883 vehementer

221 910 355 956 cupias,
393 908 559 956 quidquid
597 907 699 945 huius
743 913 809 950 est,
847 912 901 946 fac
933 911 1035 946 modo
1071 915 1110 945 ut
1148 911 1271 952 sciam,
1304 910 1387 946 nihil
1421 910 1483 945 tibi
1518 909 1756 957 denegabitur,

223 969 316 1015 quod
343 969 445 1004 modo
471 970 635 1016 praestari
661 981 681 1004 a
706 982 759 1005 me
785 973 901 1017 queat.
928 970 1064 1006 Vellem
1091 974 1206 1006 tamen
1228 971 1292 1006 abs
1318 974 1353 1006 te
1378 972 1452 1007 fieri
1477 971 1614 1013 certior,
1637 983 1755 1006 annon

219 1032 254 1065 te
280 1032 375 1065 certo
399 1030 465 1065 iam
490 1030 556 1065 sub
582 1029 765 1066 Michaelis
790 1035 969 1077 expectare
994 1031 1192 1067 debeamus.
1228 1032 1276 1067 Et
1299 1031 1438 1073 vellem,
1465 1030 1754 1078 quemadmodum

219 1094 322 1126 antea
347 1102 483 1138 queque
508 1091 641 1137 scripsi,
668 1091 776 1137 primo
801 1104 937 1139 quoque
963 1094 1116 1139 tempore
1149 1093 1251 1128 istinc
1278 1096 1312 1127 te
1346 1092 1551 1139 explicares,
1576 1092 1646 1128 imo
1671 1103 1754 1127 vero

217 1151 302 1186 alias
336 1163 470 1198 quoque
495 1154 608 1187 tecum
635 1151 811 1195 liberares,
837 1153 867 1188 si
892 1165 1025 1199 posses.
1074 1154 1282 1200 Quanquam
1309 1154 1398 1188 enim
1424 1166 1489 1202 ego
1513 1153 1648 1189 alienae
1673 1165 1754 1188 con-

220 1212 386 1248 scientiae
424 1212 584 1248 dominus
609 1225 649 1248 ac
675 1212 779 1249 iudex
805 1225 881 1249 esse
907 1226 1019 1262 neque
1045 1226 1183 1260 possum
1209 1227 1319 1262 neque
1344 1215 1435 1258 volo,
1471 1219 1586 1250 tamen
1609 1227 1679 1251 non
1704 1216 1754 1251 vi-

219 1272 299 1313 deo,
332 1284 400 1319 quo
437 1276 541 1319 pacto
576 1273 618 1314 is,
649 1273 707 1320 qui
740 1273 890 1321 aliquam
917 1274 1076 1310 veritatis
1101 1275 1335 1321 cognitionem
1360 1275 1476 1317 habet,
1506 1278 1542 1310 et
1565 1275 1753 1322 impietatis

220 1334 431 1370 monasticae
466 1335 628 1382 mysteria
663 1335 835 1381 agnoseit,
869 1336 1120 1372 conscientiam
1143 1349 1239 1372 suam
1263 1337 1340 1373 Deo
1363 1336 1553 1384 approbare
1580 1338 1699 1384 possit,
1724 1337 1754 1374 si

216 1395 308 1431 inter
333 1407 390 1430 eos
415 1395 568 1434 haereat,
595 1408 615 1431 a
641 1394 765 1442 quibus
791 1395 923 1431 Christi
948 1396 1088 1432 Domini
1114 1398 1273 1432 meritum
1298 1409 1338 1434 ac
1362 1397 1506 1444 gloriam
1528 1397 1754 1445 blasphemari

216 1456 327 1491 indies
353 1456 447 1491 videt
472 1463 507 1492 et
533 1457 644 1493 audit.
693 1457 771 1492 Seio
798 1457 850 1492 hic
878 1458 1010 1492 variare
1036 1458 1223 1494 multorum
1250 1459 1388 1500 iudicia,
1416 1459 1476 1494 sed
1502 1461 1664 1506 quoniam
1691 1460 1754 1495 sci-

217 1529 292 1552 mus
316 1517 470 1553 infinitas
496 1517 620 1565 ubique
646 1530 666 1552 a
691 1518 818 1553 Satane
844 1518 949 1553 saluti
973 1523 1112 1555 nostrae
1136 1520 1274 1555 insidias
1300 1521 1398 1562 strui,
1424 1521 1534 1556 tutius
1560 1532 1634 1556 esse
1654 1523 1753 1567 puto,

218 1578 320 1614 etiam
357 1591 396 1613 ea
421 1590 507 1625 quae
533 1582 626 1613 certa
652 1591 725 1614 esse
752 1579 934 1620 credimus,
959 1579 1076 1616 haberi
1104 1592 1163 1627 pro
1188 1581 1315 1624 dubiis,
1340 1593 1383 1616 ne
1407 1582 1550 1618 nimium
1576 1581 1686 1618 securi
1711 1581 1756 1617 si-

219 1651 306 1680 mus,
339 1651 439 1684 quam
475 1652 562 1686 quae
599 1639 703 1675 dubia
740 1643 821 1675 sunt
854 1652 915 1686 pro
942 1640 1045 1675 certis
1072 1644 1242 1688 reputare,
1268 1642 1294 1678 si
1321 1645 1436 1678 tamen
1462 1654 1523 1690 pro
1547 1642 1661 1678 dubiis
1685 1643 1756 1678 sint

221 1699 392 1741 habenda,
427 1712 514 1746 quae
548 1701 621 1735 siue
658 1701 868 1736 offendiculo
901 1704 1004 1748 atque
1038 1703 1216 1749 impietate
1246 1715 1323 1738 esse
1354 1716 1423 1739 non
1457 1707 1616 1751 possunt.
1663 1703 1753 1738 Vale

218 1760 417 1796 charissima
444 1762 559 1797 seror!
586 1766 620 1797 et
644 1762 678 1797 in
704 1763 772 1798 tuis
797 1763 952 1809 precibus
982 1764 1090 1799 nostri
1116 1777 1253 1812 quoque
1278 1765 1483 1807 memineris,
1509 1777 1605 1812 rogo.
1653 1765 1753 1801 Uxor

217 1833 293 1856 mea
326 1825 361 1856 te
395 1821 488 1857 brevi
525 1823 614 1858 viset
646 1823 802 1859 fortassis
834 1829 870 1858 et
907 1824 970 1860 tibi
1003 1824 1128 1861 clarius
1159 1825 1271 1861 omnia
1298 1829 1458 1873 exponet.
1507 1825 1638 1862 Iterum
1666 1826 1756 1862 vale.

218 1881 398 1918 Aembdae
422 1883 481 1918 xvi
508 1885 602 1930 Aug.
629 1884 732 1920 1543.

1182 1947 1211 1983 I.
1238 1947 1258 1983 a
1283 1948 1416 1985 LAsco.
1446 1961 1491 1985 m.
1516 1961 1565 1996 pr.

271 2002 337 2048 [ln
359 2003 479 2040 dorso:
505 2005 576 2039 Der
602 2006 803 2052 αγιᾶεσῆίιῃε
828 2007 963 2052 Izcnffer
991 2008 1128 2054 Yruylje
1151 2009 1301 2056 Sys-einye
1326 2011 1360 2045 in
1387 2013 1411 2045 ’t
1430 2013 1536 2047 eerste
1553 2011 1752 2059 Baqhyrzen·

217 2064 294 2108 hoff
312 2065 344 2098 le
367 2065 556 2111 Groninym
582 2068 634 2100 ter
659 2067 824 2113 handen]

219 2287 281 2324 ΝΟ.
308 2288 366 2324 13,
949 2294 1053 2339 [Gord.
1080 2309 1099 2328 x.
1126 2309 1149 2329 a.
1168 2296 1215 2332 lib.
1236 2309 1261 2339 p.
1286 2299 1337 2331 ¹289.
1366 2301 1525 2332 flattena.
1541 2301 1602 2332 ssent.
1619 2302 1652 2334 ΙΙΙ.
1670 2300 1748 2346 istm]

882 2414 941 2450 Ad
967 2415 1013 2451 N·
1040 2415 1087 2451 N.

335 2530 463 2568 Postea
493 2531 559 2579 legi
594 2534 840 2570 correctionem
869 2538 960 2571 tuam
988 2537 1024 2573 in
1050 2537 1207 2585 Epistola
1230 2537 1274 2574 ad
1300 2539 1495 2577 Albertum.
1543 2538 1618 2587 Ego
1642 2552 1705 2576 nec
1731 2554 1751 2577 a

219 2589 439 2640 Philosophia
465 2594 597 2629 alienus
624 2607 709 2636 sum,
735 2607 798 2631 nce
823 2595 910 2632 adeo
937 2609 1074 2644 prorsus
1099 2599 1192 2635 rudis
1217 2602 1368 2636 omnium
1394 2600 1684 2647 disputationum,
1711 2605 1753 2638 ut

220 2663 287 2686 non
321 2651 362 2687 de
401 2654 604 2700 religionum
632 2656 799 2691 varietate
824 2656 935 2703 deque
960 2657 1021 2692 illa
1045 2659 1181 2695 infinita
1206 2660 1429 2696 multitudine
1453 2661 1627 2698 homiuum
1653 2668 1750 2699 extra

220 2710 410 2747 Ecclesiam
455 2725 556 2760 saepe
591 2716 755 2761 cogitem.
804 2716 900 2754 Quid
938 2717 1074 2769 videtur
1106 2719 1300 2761 absurdius,
1333 2734 1432 2768 quam
1467 2726 1565 2758 tanta
1611 2727 1749 2773 agmina

219 2774 323 2807 etiam
359 2774 488 2809 virtute
520 2776 759 2811 excellentium
786 2777 927 2813 condita
953 2790 1026 2814 esse
1052 2792 1071 2815 a
1097 2780 1173 2817 Deo
1198 2782 1242 2817 ad
1267 2786 1424 2818 aeternas
1451 2783 1629 2822 miserias?
1681 2787 1750 2823 Sed

219 2844 478 2880 compescamus
515 2834 575 2870 has
612 2837 844 2883 cogitationes
872 2838 1145 2887 Philosophicas,
1197 2842 1366 2889 Magnum
1389 2846 1425 2878 et
1452 2845 1622 2890 peculiare
1648 2847 1751 2883 bene-

219 2893 334 2929 ficium
369 2894 434 2930 Dei
468 2894 650 2937 ducamus,
685 2898 777 2944 quod
814 2910 850 2934 se
875 2910 937 2935 sua
963 2911 1048 2935 voce
1074 2903 1239 2948 patefecit
1266 2902 1471 2940 hominibus.
1519 2906 1595 2943 Nec
1621 2908 1751 2945 frustra
