1830 3147
788 127 858 164 ¹735
1311 128 1378 175 [A.
1403 128 1452 165 D.
1477 129 1592 178 1556]

64 247 136 272 mas
160 254 196 261 —
212 247 289 272 nam
315 235 379 270 hoe
396 236 531 279 tempus
543 233 584 269 ad
603 246 674 270 eam
694 246 763 270 rein
792 236 857 271 iam
883 234 984 271 breve
1003 235 1074 270 fore
1099 256 1134 262 —
1149 235 1208 271 sed
1228 236 1454 279 autumnales,
1479 249 1597 274 mense

59 297 265 344 Septembri.
313 296 418 335 Quod
457 296 486 331 si
523 297 569 331 ita
593 296 691 331 nobis
717 308 852 344 quoque
879 295 1064 334 videretur,
1090 299 1162 332 tum
1191 308 1226 333 se
1252 296 1316 332 hoc
1341 297 1406 333 iam
1432 297 1597 344 pedeten-

59 360 121 395 tim
147 363 344 396 curaturum
371 369 457 395 esse.
483 362 520 392 ut
546 362 581 392 et
606 357 678 403 ipsc
704 369 762 394 eos
788 369 902 395 secum
927 356 1088 398 adducat,
1114 370 1199 405 quos
1225 358 1267 394 ad
1295 370 1412 405 pacem
1438 358 1523 394 bene
1548 360 1596 396 af·

61 420 170 456 sectos
213 431 288 455 esse
324 418 437 454 novit.
488 417 554 452 Sed
597 422 724 459 tamen,
763 419 796 454 id
833 431 902 454 non
927 430 1000 454 esse
1023 417 1115 465 apud
1141 419 1314 466 quoslibet
1347 419 1593 467 evulgandum,

62 494 139 518 nam
180 482 209 518 si
249 480 330 529 quid
371 480 472 516 huius
509 480 703 526 intelligant
743 480 937 516 turbulenti
975 481 1180 518 clamatores
1206 481 1269 524 illi,
1307 494 1385 518 mox
1411 482 1495 518 nihil
1521 495 1594 519 esse

62 542 372 589 praetermissnros.
397 541 426 576 si
450 553 520 588 quo
547 541 648 576 niodo
673 541 872 577 institutum
898 545 1052 577 nostrum
1079 543 1280 589 impediant.
1329 543 1426 580 Haec
1452 544 1501 579 ita
1527 555 1595 579 me·

61 615 139 638 cum
161 602 356 648 Philippus,
383 613 470 648 quae
495 600 592 637 vobis
617 612 682 648 ego
707 601 862 637 indicare
887 602 993 641 volui,
1019 606 1056 638 ut
1080 601 1123 638 de
1148 607 1262 639 vestra
1284 604 1388 639 etiam
1415 604 1595 641 voluntate

59 663 186 700 certior
224 662 297 699 fieri
331 674 371 697 ac
404 662 530 698 deinde
563 663 668 698 etiam
700 662 898 710 Philippum
931 664 1222 700 commonefacere
1261 666 1396 710 possim.
1444 666 1534 701 Nam
1560 670 1597 702 et

59 724 132 770 ipse
168 736 188 759 a
223 722 287 758 tali
319 725 420 758 coetu
447 722 568 758 abesse
594 722 718 758 nollem
757 726 794 758 et
819 724 907 758 sorte
931 722 1064 770 aliquos
1089 724 1193 759 etiam
1220 735 1355 760 meeum
1376 724 1593 761 adducerem.

60 783 234 819 Poterunt
265 787 380 819 autern
417 783 536 819 literae
573 786 708 818 vestrae
732 782 844 818 adhuc
869 784 1058 819 transmitti
1081 783 1122 818 ad
1150 796 1258 820 meam
1285 796 1422 820 uxorem
1448 785 1596 822 Franco·

60 843 200 885 tortum,
235 855 322 890 quae
358 842 429 878 illic
466 843 509 878 ad
547 843 702 889 Aprilem
737 855 845 890 usque
885 847 941 878 est
966 855 1198 889 permansura,
1235 846 1265 880 si
1294 845 1463 881 Dominus
1486 846 1594 882 volet.

58 903 209 939 Tantum
251 915 333 949 rogo
371 915 414 939 ne
452 903 668 950 quibuslibet
706 904 890 946 indicetur,
930 904 1216 951 quemadmodum
1257 909 1294 941 et
1321 905 1499 953 Philippus
1524 907 1594 953 ipse

62 969 190 1000 monet.

108 1025 236 1060 Postea
266 1036 350 1060 vero
384 1036 487 1071 quum
524 1025 573 1060 ita
607 1037 726 1060 sumus
763 1024 943 1069 collocuti,
971 1025 1110 1061 volebat
1145 1026 1337 1074 Philippus,
1363 1030 1403 1062 ut
1428 1027 1594 1073 postridie

59 1086 167 1132 ipsius
192 1086 338 1121 conviva
365 1097 492 1126 essem,
519 1097 650 1132 unaque
675 1089 711 1120 et
736 1085 966 1122 Utenhovius.
1000 1087 1171 1123 Postridie
1196 1088 1312 1135 itaque
1329 1100 1427 1123 mane
1444 1089 1593 1125 adiimus

59 1146 258 1192 collegium,
286 1147 319 1181 in
345 1158 415 1192 quo
442 1146 624 1193 Philippus
652 1147 882 1193 praelegebat,
910 1153 947 1184 ut
973 1148 1067 1184 illum
1095 1148 1276 1184 docentem
1301 1149 1508 1192 audiremus,
1532 1150 1592 1186 ibi-

60 1219 126 1255 que
153 1208 227 1253 ipso
252 1219 314 1242 nos
341 1206 533 1242 deducente
559 1206 702 1253 ingressi
731 1219 850 1243 sumus
869 1209 1077 1244 auditorium
1098 1209 1424 1256 frequentissimum,
1439 1210 1530 1257 quod
1549 1209 1593 1245 ad

60 1271 154 1307 mille
187 1277 226 1305 ut
258 1270 435 1306 minimum
472 1275 508 1305 et
533 1271 746 1316 quingentos
771 1271 949 1307 auditores
974 1271 1089 1313 habet,
1116 1272 1184 1314 ubi,
1210 1274 1302 1308 facta
1327 1273 1436 1308 nostri
1460 1273 1594 1309 honori·

59 1331 280 1368 ficentissima
305 1330 491 1370 mentione,
530 1331 793 1376 praelectionem
821 1343 918 1367 suam
943 1332 1097 1367 nonnihil
1124 1333 1310 1374 contraxit,
1336 1336 1376 1368 ut
1400 1345 1420 1368 a
1442 1333 1593 1379 praelec-

58 1393 152 1428 tione
179 1391 255 1438 plus
281 1391 344 1428 otii
369 1390 413 1426 ad
439 1390 707 1438 colloquendum
734 1403 867 1428 rursum
891 1392 1105 1429 haberemus.
1130 1393 1218 1429 Post
1234 1393 1426 1429 absolutam
1446 1393 1594 1441 praelec-

60 1453 186 1488 tionem
212 1452 324 1488 sccuti
345 1463 463 1488 sumus
490 1451 688 1499 Philippum
715 1451 760 1488 ad
785 1453 886 1489 aedes
912 1453 1034 1499 ipsius,
1058 1456 1163 1500 atque
1188 1454 1258 1490 illic
1284 1456 1327 1489 de
1346 1454 1446 1490 rebus
1465 1455 1594 1502 patriae

60 1525 155 1549 meae
179 1512 334 1548 nonnihil
359 1511 536 1550 collocuti,
561 1511 604 1547 de
630 1523 733 1548 causa
757 1524 894 1548 rursum
921 1514 1185 1549 sacramentaria
1211 1517 1334 1549 mutuo
1357 1515 1487 1561 egimus
1512 1527 1593 1561 ego-

59 1584 128 1620 que
167 1573 218 1609 illi
242 1572 380 1608 exhibui
411 1572 592 1619 legendum
620 1573 787 1619 scriptum
813 1578 969 1609 nostrum
997 1574 1039 1609 de
1064 1573 1290 1609 consessione
1316 1576 1524 1622 Augustana
1547 1578 1589 1619 6),

57 1634 149 1682 quod
184 1638 220 1668 et
252 1633 423 1669 Dominus
457 1632 624 1668 Calvinus
661 1634 881 1669 Franeoforti
917 1634 1046 1682 legerat
1070 1639 1106 1670 et
1130 1635 1295 1682 quaedam
1322 1635 1357 1671 in
1382 1635 1442 1671 illo
1466 1637 1592 1674 mutari

58 1693 208 1733 volebat.
243 1704 332 1740 quae
370 1693 473 1729 etiam
509 1696 643 1729 mutata
677 1705 718 1728 ex
742 1697 838 1741 parte
865 1696 1021 1740 protinus
1044 1695 1195 1734 fuerunt,
1220 1694 1373 1742 legitque
1398 1696 1482 1732 illud
1509 1697 1592 1733 Phi·

57 1754 171 1801 lippus
196 1757 230 1788 et
257 1753 360 1788 etiam
384 1752 602 1800 approbavit.
642 1753 716 1789 Iani
742 1764 808 1800 que
833 1753 1017 1789 excuditur
1042 1754 1196 1790 Basileae
1221 1757 1356 1801 opinor,
1381 1757 1473 1803 apud
1499 1757 1591 1804 Opo-

58 1815 181 1855 rinum,
211 1825 288 1849 narn
320 1812 355 1848 id
381 1813 511 1861 negotii
537 1813 686 1849 Domino
714 1813 911 1850 Vaterando
936 1814 1026 1852 dedi.
1075 1815 1198 1851 Pransi
1223 1820 1345 1863 postea
1369 1828 1487 1853 sumus
1511 1830 1590 1854 cum

57 1875 218 1922 Philippo
252 1875 464 1921 adsuerequc
497 1875 656 1910 convivio
681 1873 867 1911 doctissimi
891 1875 1019 1923 quique
1044 1876 1252 1913 Academiae
1280 1878 1506 1921 Professores,
1529 1880 1589 1927 qui

57 1950 175 1974 omnes
210 1937 443 1973 amantissime
481 1948 542 1973 nos
579 1940 804 1983 exceperunt,
842 1941 878 1973 et
910 1949 996 1984 quos
1022 1949 1087 1985 ego
1111 1949 1244 1974 rursum
1271 1951 1390 1976 omnes
1416 1952 1487 1976 una
1511 1952 1590 1976 eum

60 1999 221 2046 Philippo
253 2001 289 2034 et
323 1997 366 2033 D.
392 1998 543 2045 Georgio
569 1997 703 2033 Maiore
727 1997 761 2034 in
786 2009 862 2033 meo
885 1997 1074 2035 diversorio
1099 2010 1207 2035 coena
1231 2000 1389 2037 familiari
1412 2002 1531 2047 excepi
1554 2001 1591 2038 in

57 2059 233 2107 publicum
257 2058 430 2095 amicitiae
455 2062 490 2094 et
514 2058 691 2094 societatis
715 2061 853 2094 mutuae
881 2059 1127 2097 testimonium.

104 2120 261 2168 Cumque
298 2120 363 2156 iam
397 2120 490 2166 apud
525 2131 578 2155 me
613 2130 733 2154 omnes
759 2119 1016 2161 convenissent,
1041 2120 1227 2157 veniebant
1250 2122 1354 2158 etiam
1379 2135 1497 2160 omnes
1524 2124 1589 2160 mei

55 2181 281 2222 conterranei,
306 2180 365 2228 qui
392 2184 478 2216 tunc
502 2179 549 2215 ibi
574 2181 682 2218 erant.
707 2179 824 2226 plures
849 2179 1001 2225 triginta,
1025 2181 1177 2228 optimae
1201 2183 1357 2228 profecto
1382 2182 1508 2220 indolis
1533 2184 1589 2220 iu-

58 2254 172 2283 venes,
205 2245 248 2276 ut
272 2241 354 2277 milii
379 2241 567 2277 adventum
595 2252 709 2276 meum
736 2240 822 2276 illuc
849 2244 884 2276 et
908 2240 1057 2277 reditum
1085 2242 1249 2289 imprimis
1283 2243 1318 2278 in
1343 2244 1486 2290 patriam
1511 2256 1587 2291 gra·

56 2304 264 2340 tutarentur.
315 2301 488 2338 Veniebat
522 2308 697 2348 praeterea
733 2301 896 2348 publicus
930 2303 1138 2339 Academiae
1175 2304 1339 2346 minister,
1364 2305 1526 2342 Rectoris
1552 2308 1589 2342 et

57 2365 167 2401 totius
203 2363 412 2400 Academiae
447 2363 594 2404 nomine,
627 2365 687 2410 qui
714 2363 812 2399 nobis
839 2363 972 2403 vinum,
1000 2367 1043 2398 ut
1066 2365 1118 2405 fit,
1145 2363 1363 2401 honorarium
1390 2365 1585 2409 adferebat,

56 2437 137 2461 cum
174 2424 314 2472 publiea
345 2423 519 2460 amicitiae
555 2428 590 2458 et
625 2423 805 2459 societatis
831 2424 1088 2466 testificatione,
1112 2428 1147 2460 et
1172 2425 1306 2466 orabat,
1333 2437 1443 2462 unum
1469 2426 1585 2464 adhuc

57 2488 146 2523 diem
183 2486 252 2523 illic
283 2497 498 2521 maneremus
542 2484 806 2532 adessemusque
840 2485 876 2520 et
909 2486 1118 2522 ordinationi
1152 2486 1307 2533 publicae
1343 2487 1584 2526 Ministrorum

59 2546 233 2584 Ecclesiae
266 2545 301 2581 et
326 2546 485 2581 convivio
511 2544 646 2580 deinum
677 2545 898 2587 Academico,
941 2545 1113 2592 siquidem
1139 2558 1192 2582 res
1217 2550 1356 2582 nostrae
1381 2548 1456 2583 ullo
1482 2549 1584 2585 modo

58 2609 144 2644 serre
170 2611 321 2652 possent,
346 2606 567 2651 addebatque
593 2605 788 2653 Philippus.
812 2617 849 2641 se
875 2605 992 2642 eadem
1019 2606 1062 2641 de
1087 2618 1122 2642 re
1149 2605 1310 2642 mandata
1334 2607 1377 2643 ad
1405 2621 1492 2644 mea
1510 2612 1585 2646 tota

59 2667 244 2705 Academia
277 2667 413 2703 habere.
467 2666 543 2713 Ego
575 2670 690 2702 nutem
718 2671 754 2702 et
777 2666 870 2712 apud
900 2667 1098 2714 Philippum
1125 2670 1161 2703 et
1186 2667 1278 2715 apud
1304 2669 1501 2706 ministrum
1525 2682 1583 2706 ex-

55 2729 175 2764 emavi
213 2740 338 2764 morani
377 2727 580 2775 longiorem,
615 2739 694 2763 eum
722 2732 862 2775 propter
887 2729 1112 2764 necessariam
1138 2729 1270 2765 itineris
1303 2729 1337 2765 in
1369 2731 1514 2777 patriam
1540 2731 1583 2767 ad

57 2790 206 2825 Comitia
231 2791 264 2824 in
293 2789 432 2835 primam
461 2788 658 2825 Decembris
683 2788 789 2824 dilata
805 2790 835 2834 ⁷)
859 2789 1150 2828 accelerationem.
1187 2793 1263 2826 tum
1288 2794 1427 2838 propter
1450 2795 1583 2829 metum

57 2848 167 2885 morbi
191 2849 267 2888 mei,
293 2862 335 2884 ne
361 2861 413 2884 me
439 2848 474 2884 in
499 2848 622 2884 itinere
645 2848 784 2884 haerere
809 2852 962 2896 cogeret,
986 2861 1064 2886 cuin
1094 2849 1174 2885 mihi
1199 2851 1246 2886 sit
1270 2854 1472 2888 menstruus
1499 2854 1581 2889 fere.

58 2909 174 2950 Quam
211 2921 318 2946 meam
356 2909 612 2945 exeusationem
649 2908 830 2957 Philippus
855 2909 991 2957 aceepit
1028 2912 1063 2946 et
1095 2922 1129 2946 se
1167 2910 1210 2946 ad
1238 2911 1425 2950 Rectorem
1451 2913 1585 2954 Acade·
