1830 3147
831 97 900 132 613
1358 91 1419 140 [A.
1445 88 1490 126 D.
1517 89 1627 137 1548]

83 209 179 246 illam
204 210 242 246 in
267 211 390 245 nostra
413 207 710 255 interpretatione
735 207 922 244 manifeste
946 203 1232 246 indicaverimus,
1256 200 1365 249 idque
1388 211 1460 237 non
1484 211 1528 237 ex
1552 198 1616 235 hu·

83 273 177 310 mani
208 271 343 319 ingenii
372 268 569 307 rationibus
594 268 677 305 ullis
703 269 764 306 sed
788 281 832 306 ex
858 266 1012 315 Spiritus
1037 264 1158 302 Sancti
1183 263 1390 306 autoritate,
1415 261 1480 297 hoc
1505 262 1573 304 est,
1598 271 1618 296 e

84 334 348 382 perspicuorum
381 331 579 379 scripturae
610 329 769 367 locorum
793 330 830 366 in
857 328 979 366 eodem
1003 328 1080 374 ipso
1104 326 1314 373 argumento
1340 322 1618 360 Sacramentario

81 395 178 431 iusta
210 393 440 441 legitimaque
474 391 677 435 collatione,
702 403 854 439 aequum
880 401 962 426 sane
988 388 1069 432 erit,
1093 391 1136 423 ut
1161 386 1222 422 isti
1248 384 1454 433 quicunque
1477 382 1619 419 tandem

81 455 156 492 sint
180 454 318 498 cedant,
344 452 519 501 siquidem
546 452 738 489 Christiani
763 464 839 489 esse
864 450 1006 494 volunt,
1031 461 1104 486 non
1129 447 1292 495 equidem
1317 445 1431 489 nobis,
1461 443 1522 481 sed
1538 444 1619 492 ipsi-

80 517 154 553 met
186 514 338 564 Spiritui
372 514 503 551 Sancto
537 514 650 550 omnis
682 513 845 550 veritatis
877 511 1028 555 doctori,
1055 510 1118 558 qui
1143 521 1226 546 sane
1251 507 1393 556 syllabis
1417 510 1526 553 atque
1551 505 1618 541 ele-

81 577 209 614 mentis
245 577 321 613 sive
353 575 509 625 apicibus
540 575 723 612 literarum
748 588 821 612 non
854 574 1033 621 alligatur,
1066 569 1360 620 quemadmodum
1392 567 1622 615 Augustinus

78 638 209 677 alicubi
243 638 358 683 docet,
395 638 457 674 sed
492 638 528 674 in
561 638 718 674 unanimi
751 638 865 674 totius
899 636 1095 684 scripturae
1129 635 1226 670 recte
1257 633 1396 669 secatae
1427 632 1546 667 mente
1576 641 1618 666 ac

81 713 188 738 sensu
211 700 443 748 conquiescit.
468 701 591 748 Atque
614 700 750 736 utinam
774 699 812 736 id
835 698 1024 747 aliquando
1055 697 1128 740 fiat,
1153 698 1197 732 ut
1220 694 1360 743 publice
1384 705 1424 730 ea
1448 692 1492 729 de
1516 704 1554 729 re
1580 692 1618 729 in

82 763 255 801 charitate
280 766 316 800 et
340 762 505 799 libertate
530 762 730 799 Christiana
755 761 893 798 omissis
919 759 1141 809 praeiudiciis
1166 757 1327 795 omnibus
1352 757 1540 793 tractetur.

123 825 219 872 Quid
251 837 336 862 vero
370 825 400 860 si
433 836 498 861 nos
533 835 553 859 e
577 824 720 872 regione
744 822 984 865 ostendamus,
1009 820 1105 858 nuda
1128 819 1190 856 illa
1214 817 1364 866 simplici
1387 829 1428 854 ac
1453 812 1617 853 substan-

80 887 168 931 tiva,
201 898 309 934 quam
342 885 404 922 isti
438 886 574 922 iactant
607 889 646 922 et
668 885 826 933 proferre
850 884 992 921 interim
1016 883 1186 919 hactenus
1211 892 1284 917 non
1308 880 1515 927 potuerunt,
1541 889 1618 914 ver-

81 948 205 986 borum
244 959 372 985 coenae
403 946 698 996 interpretatione
731 947 768 983 in
800 945 946 983 dubium
972 944 1091 982 vocari
1115 946 1152 981 et
1175 943 1363 991 ipsiusmet
1388 940 1521 978 Christi
1546 940 1618 977 Do-

82 1009 169 1046 mini
202 1008 415 1056 dignitatem
447 1010 485 1045 et
519 1011 677 1045 nostram
711 1007 755 1044 de
788 1007 903 1044 salute
936 1006 1039 1043 fidem
1071 1007 1109 1041 et
1141 1016 1279 1042 omnem
1313 1003 1400 1040 adeo
1426 1003 1622 1051 scripturae

79 1069 335 1106 autoritatem?
384 1069 550 1106 Etiamne
583 1069 621 1104 in
650 1068 853 1105 istiusmodi
885 1067 1178 1115 interpretatione
1211 1067 1366 1102 mentem
1395 1063 1620 1100 voluntatem

81 1135 190 1178 atque
215 1130 474 1167 ordinationem
507 1130 641 1166 Christi
673 1129 928 1178 agnoscemus?
977 1128 1141 1165 Etiamne
1165 1127 1260 1164 illam
1285 1139 1307 1163 a
1330 1125 1466 1174 Spiritu
1489 1125 1620 1162 Sancto

80 1190 256 1240 proditam
289 1202 365 1227 esse
396 1190 581 1228 dicemus?
629 1191 680 1227 At
714 1203 798 1227 vero
822 1190 860 1226 id
884 1202 954 1226 non
979 1192 1053 1226 tam
1077 1187 1216 1226 difficile
1241 1187 1350 1224 fuerit
1372 1186 1527 1223 indicare
1551 1185 1620 1222 for-

81 1254 186 1296 tasse,
220 1264 328 1299 quam
359 1264 456 1289 nunc
488 1252 668 1300 plerisque
699 1251 905 1288 incredibile
939 1250 1052 1287 videri
1084 1252 1216 1298 potest.
1264 1248 1381 1295 Quare
1413 1246 1541 1284 vellem
1564 1246 1621 1283 hic

80 1315 169 1352 istos
194 1314 301 1362 paulo
325 1313 557 1351 modestiores
581 1326 668 1351 esse.
693 1313 743 1350 Et
767 1326 848 1350 cum
873 1325 938 1349 nos
963 1311 1105 1348 illorum
1130 1310 1373 1347 infirmitatem
1396 1308 1435 1345 in
1461 1307 1618 1344 fraterno

81 1376 354 1424 Christianaque
387 1377 536 1414 caritate
567 1376 719 1413 libenter
761 1375 916 1419 ferimus,
942 1386 1149 1422 cuperemus
1175 1373 1292 1416 etiam,
1318 1375 1361 1407 ut
1385 1372 1543 1408 nostram
1567 1368 1621 1405 illi

81 1437 323 1474 infirmitatem
358 1437 514 1474 vicissim
544 1436 590 1473 ad
624 1436 773 1474 eundem
797 1436 940 1473 modum
966 1435 1099 1472 ferrent
1124 1437 1233 1481 atque
1257 1445 1278 1469 a
1303 1432 1378 1469 suis
1402 1432 1439 1468 in
1456 1443 1521 1468 nos
1538 1442 1621 1467 con·

81 1497 183 1535 viciis
207 1498 439 1541 abstinerent,
463 1497 576 1535 donec
599 1509 655 1534 res
680 1497 821 1545 publica
848 1496 1086 1534 Ecclesiarum
1103 1493 1353 1543 disquisitione
1370 1492 1619 1529 discuteretur.

83 1559 129 1596 Id
159 1558 189 1595 si
222 1571 294 1596 non
327 1559 568 1607 impetramus,
602 1559 753 1596 iudicem
788 1558 955 1595 habemus
987 1557 1185 1595 doctrinam
1218 1555 1352 1592 Christi
1377 1554 1436 1591 cui
1461 1552 1620 1596 nitimur,

83 1634 188 1670 quam
213 1624 250 1657 et
274 1620 501 1669 appellamus
526 1621 625 1658 Haec
650 1633 714 1657 nos
738 1620 910 1658 iudicabit
936 1619 1030 1663 olim,
1056 1632 1136 1656 cum
1161 1622 1245 1654 ante
1269 1617 1367 1653 illius
1392 1614 1548 1652 tribunal
1574 1614 1619 1650 si-

79 1688 226 1719 stemur.
260 1681 410 1719 Interim
443 1681 595 1719 feremus
629 1682 779 1718 humana
813 1681 1037 1730 praeiudicia,
1072 1680 1223 1717 feremus
1257 1681 1294 1716 et
1326 1677 1486 1715 convicia
1510 1678 1620 1724 atque

81 1743 169 1780 adeo
204 1743 242 1780 in
276 1742 347 1779 illis
372 1742 600 1791 gloriabimur
625 1743 742 1787 etiam,
768 1755 813 1780 ne
837 1742 921 1779 dum
946 1745 989 1778 ut
1013 1741 1085 1777 illis
1109 1751 1402 1783 commoveamur,
1427 1737 1542 1786 parati
1566 1739 1619 1773 ta-

84 1819 164 1843 men
197 1818 332 1854 semper
365 1805 509 1842 reddere
541 1805 636 1842 omni
660 1804 821 1853 poscenti
846 1803 1028 1841 doctrinae
1052 1815 1092 1840 ac
1116 1802 1197 1839 fidei
1222 1802 1259 1838 in
1276 1801 1339 1837 hac
1355 1802 1456 1847 parte
1473 1800 1617 1835 nostrae

80 1868 211 1905 iustam
245 1866 510 1915 legitimamque
544 1879 587 1903 ex
619 1866 727 1903 verbo
762 1866 830 1902 Dei
862 1866 1034 1902 rationem
1067 1864 1106 1901 in
1142 1863 1238 1901 omni
1272 1859 1543 1900 mansuetudine
1580 1860 1618 1896 et

86 1929 248 1966 caritate.

130 1989 177 2025 In
210 1991 274 2025 tua
305 1989 495 2032 sententia,
521 1988 753 2036 Magistratui
777 1988 921 2032 tradita,
945 1986 1086 2035 placent
1107 1997 1198 2033 quae
1223 1984 1324 2020 iuxta
1347 1981 1504 2019 Nicenae
1530 1980 1617 2028 Syn-

84 2049 154 2094 odi,
188 2052 232 2087 ut
264 2049 401 2094 scribis,
432 2052 586 2086 mentem
619 2049 799 2097 professus
834 2061 888 2085 es:
921 2061 986 2085 nos
1018 2046 1184 2084 videlicet
1209 2058 1270 2082 ore
1293 2043 1425 2081 carnali
1449 2042 1487 2078 in
1511 2053 1621 2078 coena

85 2123 224 2148 sumere
248 2123 372 2159 panem
399 2113 436 2147 et
461 2111 597 2154 vinum,
622 2110 730 2159 idque
754 2110 954 2158 mysticum,
979 2109 1045 2146 hoc
1070 2111 1136 2153 est,
1161 2107 1291 2144 habens
1316 2105 1524 2142 adiunctum
1542 2115 1619 2139 coe-

83 2173 174 2211 leste
205 2173 424 2221 mysterium,
457 2173 554 2220 quod
579 2172 647 2209 fide
671 2172 879 2220 percipitur,
905 2183 1029 2220 nempe
1054 2183 1172 2207 veram
1197 2168 1272 2205 veri
1297 2166 1454 2215 corporis
1479 2169 1517 2202 et
1541 2177 1620 2201 san-

83 2235 202 2284 guinis
235 2235 368 2271 Christi
400 2235 692 2272 communionem.
740 2234 879 2282 Estque
913 2234 996 2270 haec
1030 2234 1192 2270 veterum
1223 2230 1374 2267 Patrum
1400 2228 1557 2265 omnium
1583 2230 1620 2263 et

83 2297 276 2336 catholicae
301 2296 434 2333 Christi
457 2296 635 2334 Ecclesiae
660 2296 832 2340 doctrina,
858 2308 963 2344 quam
989 2298 1026 2332 et
1050 2308 1116 2332 nos
1140 2294 1334 2342 sequimur.
1359 2291 1481 2328 Placet
1500 2290 1619 2332 etiam,

83 2359 179 2407 quod
212 2359 322 2403 addis,
354 2358 398 2395 ad
431 2358 580 2395 eundem
614 2358 756 2395 modum
793 2358 892 2406 panis
924 2369 965 2395 ac
989 2357 1110 2406 poculi
1142 2355 1287 2393 Domini
1320 2355 1355 2391 in
1381 2365 1489 2390 coena
1512 2363 1618 2387 usum

83 2433 159 2458 esse
183 2433 311 2469 corpus
337 2419 480 2463 Christi,
506 2419 550 2456 ad
575 2432 679 2467 quem
704 2419 846 2456 modum
871 2420 1019 2468 ipsemet
1045 2418 1210 2454 Christus
1236 2415 1410 2452 Dominus
1429 2412 1522 2460 apud
1539 2410 1619 2448 Iob.

82 2494 158 2530 cap.
186 2482 220 2525 6,
245 2493 384 2517 carnem
419 2493 517 2517 suam
551 2480 668 2518 cibum
694 2483 730 2517 et
754 2493 879 2528 panem
905 2493 980 2517 esse
1003 2482 1170 2517 testatur.
1195 2476 1351 2514 Tametsi
1376 2474 1472 2523 quod
1497 2471 1620 2509 subdis

85 2539 129 2576 de
159 2539 377 2576 exhibitione
411 2539 448 2574 in
473 2551 581 2575 coena
607 2538 694 2582 eius,
719 2538 816 2586 quod
840 2538 933 2586 apud
960 2538 1129 2575 Ioannem
1154 2534 1389 2584 promittitur,
1415 2531 1508 2568 haud
1534 2530 1620 2573 scio,

85 2610 131 2637 an
163 2604 318 2648 quatuor
354 2600 500 2648 pedibus
533 2612 685 2644 currere,
711 2600 808 2647 quod
833 2600 977 2644 dicitur,
1003 2600 1068 2636 hoc
1093 2602 1159 2641 est,
1184 2609 1229 2633 an
1254 2607 1399 2644 prorsus
1425 2593 1618 2631 consistere

86 2662 212 2711 possit.
260 2661 450 2700 Promittit
491 2661 654 2698 Christus
686 2662 780 2709 apud
812 2662 982 2698 Ioannem
1014 2660 1180 2697 daturum
1213 2671 1250 2696 se
1285 2669 1361 2695 esse
1391 2668 1455 2704 pro
1495 2653 1620 2691 mundi

87 2724 162 2760 vita
194 2736 330 2772 panem,
363 2724 426 2772 qui
459 2724 506 2760 sit
543 2736 624 2761 caro
659 2736 735 2760 sua.
784 2724 864 2761 Hoc
896 2723 926 2759 si
962 2723 1000 2759 in
1036 2735 1145 2759 coena
1178 2719 1370 2770 praestitit,
1401 2718 1467 2755 hoc
1491 2719 1557 2760 cst,
1590 2715 1620 2751 si

86 2798 209 2833 panem
240 2785 341 2823 illum
373 2785 488 2823 carnis
523 2798 608 2822 suae
640 2798 704 2834 pro
736 2785 858 2822 mundi
893 2785 969 2821 vita
1000 2784 1101 2820 nobis
1137 2783 1174 2819 in
1199 2794 1307 2819 coena
1331 2778 1502 2822 exhibuit,
1528 2775 1615 2824 quid

85 2845 153 2882 iam
186 2859 274 2894 opus
309 2850 385 2884 erat
417 2859 518 2884 cruce
548 2859 587 2883 ac
622 2849 735 2883 morte
767 2846 854 2883 sna?
880 2846 1046 2882 nimirum
1071 2846 1190 2882 actum
1216 2843 1356 2890 egisset,
1381 2839 1477 2889 quod
1501 2838 1614 2875 aiunt.

87 2906 203 2953 Quare
237 2920 301 2946 nos
335 2907 383 2952 id,
415 2907 511 2955 quod
543 2907 634 2955 apud
667 2907 837 2945 Ioannem
869 2906 1104 2955 promittitur,
1137 2917 1210 2943 non
1243 2903 1405 2952 equidem
1439 2901 1476 2938 in
1507 2911 1615 2937 coena
