1830 3147
230 118 304 156 144

227 229 418 275 mactatio,
450 229 614 280 postium
645 229 828 279 sanguine
863 231 943 269 eius
980 231 1191 269 cruentatio
1225 235 1262 270 et
1287 232 1539 284 praescriptus
1574 236 1671 271 certa
1700 246 1759 271 ce-

225 294 393 331 remonia
431 307 514 331 esus
542 293 658 333 illius.
711 294 772 333 Ita
801 300 836 333 et
863 295 903 334 in
932 296 1127 347 Baptismo
1156 301 1286 334 nostro
1324 301 1473 335 nostrae
1508 297 1546 334 in
1577 298 1759 347 sanguine

227 357 366 396 Christi
412 358 689 396 emundationis
712 351 882 409 ‘signum
927 365 994 405 est,
1028 373 1105 398 non
1143 374 1232 398 sane
1268 375 1386 412 aquae
1421 361 1631 399 substantia
1666 362 1762 412 ipsa,

224 425 302 462 sive
339 423 387 461 sit
422 424 552 470 fluens,
591 425 667 462 sive
703 425 741 462 in
780 439 866 463 vase
902 439 1126 476 quocunque
1153 427 1264 474 (205)
1292 427 1465 478 reposita,
1494 426 1557 464 sed
1583 426 1760 465 instituta

223 500 289 538 per
325 487 517 525 Christum
543 488 584 527 in
610 501 705 539 aqua
733 489 879 534 tinctio,
907 503 1001 540 quae
1029 489 1181 540 quidem
1207 491 1272 528 fiat
1298 490 1337 527 in
1367 504 1504 528 nomen
1531 491 1665 537 Patris,
1691 491 1758 529 Fi-

223 551 266 588 lii
301 555 337 589 et
364 552 527 602 Spiritus
555 553 689 597 sancti,
715 553 1030 604 quemadmodum
1057 553 1096 591 id
1136 553 1234 591 circa
1261 554 1444 605 Baptismi
1472 555 1759 605 explicationem

224 615 360 653 clarius
386 616 599 667 expositum
627 617 799 656 habetur.

275 681 434 718 Constat
468 685 593 719 autem
632 681 704 719 hoc
733 682 879 720 Coenae
907 682 1129 720 Dominicae
1157 682 1307 731 signum
1337 684 1445 721 certis
1473 684 1550 722 suis
1576 684 1759 735 partibuS,

221 758 355 796 nempe
397 745 443 783 iis
486 746 673 793 omnibus,
716 760 811 798 quae
858 747 1048 784 Christum
1085 747 1290 785 Dominum
1328 761 1410 785 cum
1449 749 1526 786 suis
1562 749 1757 800 Apostolis

221 813 313 848 tunc
348 810 468 859 egisse
504 811 701 862 nobisque,
737 816 779 849 ut
807 825 845 850 se
872 811 1071 858 imitemur,
1108 813 1340 863 praecepisse
1368 813 1694 863 Euangelistarum
1722 817 1758 851 et

221 875 329 914 Pauli
363 876 580 914 testimonio
620 877 803 916 videmus.
858 877 919 915 Sic
955 882 997 915 ut
1024 877 1125 928 quod
1154 878 1325 916 Christus
1353 878 1538 916 Dominus
1565 879 1653 928 egit,
1681 879 1757 916 Mi-

221 939 340 976 nister
366 939 572 987 Ecclesiae,
598 940 663 991 qui
690 940 769 978 eius
795 941 920 977 locum
948 940 989 978 in
1026 940 1235 979 ministerio
1264 954 1331 979 suo
1360 942 1517 989 obtinet,
1544 942 1582 979 in
1611 943 1758 980 Coenae

220 1016 292 1041 usu
320 1003 446 1048 faciat,
472 1016 516 1041 ac
544 1004 723 1042 convivae
749 1018 898 1042 rursum
925 1005 962 1042 id
992 1005 1104 1043 etiam
1132 1006 1286 1052 faciant,
1316 1006 1416 1057 quod
1441 1007 1628 1058 Apostoli,
1646 1007 1758 1045 Chri-

221 1069 272 1106 sti
306 1068 463 1106 Domini
497 1068 537 1106 in
573 1069 698 1106 Coena
733 1083 800 1107 sua
838 1070 1027 1116 convivae,
1056 1070 1238 1109 fecerunt.
1292 1071 1420 1108 Partes
1448 1071 1547 1120 signi
1573 1071 1689 1120 igitur
1716 1071 1756 1109 in

219 1132 302 1184 ipso
334 1133 501 1171 Ministri
529 1146 637 1184 opere
665 1138 751 1171 sunt
779 1134 875 1171 circa
905 1134 1051 1172 Coenae
1079 1148 1209 1173 usum:
1247 1135 1355 1186 panis
1391 1139 1428 1174 et
1454 1136 1582 1187 poculi
1607 1136 1645 1174 in
1674 1149 1754 1173 ma-

220 1210 292 1236 nus
328 1197 497 1236 Ministri
533 1198 709 1249 sumptio,
744 1199 953 1247 gratiarum
974 1199 1086 1241 actio,
1112 1199 1220 1250 panis
1249 1200 1396 1244 fractio,
1423 1200 1549 1251 poculi
1576 1200 1754 1252 propina-

219 1262 287 1308 tio,
315 1262 448 1299 horum
475 1267 723 1313 utrorumque
748 1263 789 1300 in
818 1263 940 1301 cibum
970 1277 1013 1301 ac
1041 1268 1171 1315 potum
1201 1265 1441 1302 convivarum
1470 1264 1653 1303 exhibitio
1677 1265 1755 1303 sive

221 1327 438 1365 distributio
477 1339 561 1364 cum
596 1328 861 1365 testificatione
896 1327 941 1366 de
976 1329 1116 1367 tradito
1152 1329 1191 1366 in
1227 1333 1386 1368 mortem
1420 1342 1489 1381 pro
1525 1330 1634 1368 nobis
1672 1343 1756 1369 cor-

219 1405 310 1443 pore
346 1396 383 1430 et
410 1393 493 1430 fuso
521 1393 611 1430 item
640 1393 822 1442 sanguine
852 1393 1006 1432 Christi.
1060 1394 1107 1431 In
1142 1395 1225 1445 ipso
1262 1408 1348 1433 vero
1378 1395 1616 1433 convivarum
1645 1409 1755 1447 opere

218 1461 342 1508 partes
371 1456 471 1506 signi
499 1460 605 1494 sunt:
643 1457 839 1495 accubitus
876 1462 921 1495 ad
957 1471 1124 1496 mensam
1152 1458 1402 1505 Dominicam,
1430 1459 1538 1510 panis
1566 1464 1602 1497 et
1627 1460 1754 1511 poculi

217 1536 236 1561 e
265 1522 431 1560 Ministri
461 1521 635 1560 manibus
663 1523 824 1573 sumptio
854 1526 890 1560 et
918 1525 1029 1570 (206)
1058 1537 1184 1561 eorum
1213 1524 1462 1575 participatiO.
1531 1524 1638 1562 Haec
1664 1528 1756 1571 tota,

216 1587 384 1638 inquam,
412 1586 510 1624 actio
538 1600 581 1624 ac
609 1588 819 1625 ceremonia
837 1592 912 1625 tam
933 1587 971 1625 in
993 1587 1174 1633 Ministri,
1193 1601 1303 1639 quam
1324 1588 1362 1626 in
1385 1588 1626 1626 convivarum
1644 1602 1754 1640 opere

217 1652 353 1704 posita,
388 1659 443 1689 est
479 1651 627 1701 signum
666 1652 812 1689 Coenae
847 1651 1081 1698 Dominicae,
1109 1652 1153 1689 ad
1185 1653 1289 1690 cuius
1317 1653 1617 1691 observationem
1644 1666 1752 1691 man-

218 1716 306 1754 dato
332 1716 398 1753 illo
427 1715 628 1753 Dominico
659 1716 762 1753 uhoc
789 1716 934 1753 facite''
963 1729 1255 1755 commonemur.

270 1780 321 1817 Et
356 1793 444 1817 sane
482 1779 605 1817 danda
632 1785 686 1817 est
714 1793 826 1831 opera
854 1780 926 1831 piis
955 1780 1141 1827 omnibus,
1169 1781 1352 1832 imprimis
1380 1794 1466 1819 vero
1496 1781 1683 1819 Ministris
1711 1794 1754 1819 ac

219 1844 536 1895 gubernatoribus
573 1844 840 1890 Ecclesiarum,
874 1858 922 1883 ne
954 1846 1028 1882 ulla
1057 1845 1156 1895 signi
1183 1845 1295 1883 huius
1321 1859 1406 1897 pars
1432 1845 1472 1883 in
1501 1846 1647 1883 Coenae
1674 1845 1753 1883 Do-

220 1909 380 1947 minicae
415 1922 487 1946 usu
521 1909 851 1959 praetermittatur,
877 1914 956 1947 tum
984 1913 1135 1960 propter
1163 1910 1380 1947 mandatum
1408 1911 1479 1947 hoc
1506 1914 1618 1960 atque
1643 1909 1754 1949 insti-

220 1974 403 2013 tutionem
442 1973 594 2019 Christi,
630 1987 724 2025 quae
753 1975 833 2012 sine
859 1974 961 2012 illius
988 1975 1215 2024 indignitate
1242 1974 1380 2012 mutari
1408 1987 1483 2012 non
1511 1978 1646 2026 potest,
1672 1978 1752 2012 tum

220 2043 373 2093 propter
408 2039 508 2089 signi
535 2039 652 2090 ipsius
680 2039 910 2090 mysterium,
938 2040 1038 2090 quod
1067 2039 1178 2077 nobis
1207 2039 1365 2089 singulis
1392 2039 1470 2076 eius
1496 2039 1666 2090 partibus
1692 2039 1752 2077 in-

222 2105 380 2155 signiter
415 2104 710 2142 commendatur.
763 2104 832 2142 Est
868 2108 992 2142 tamen
1021 2105 1131 2142 nohis
1158 2105 1308 2143 interim
1336 2104 1448 2155 etiam
1478 2104 1753 2142 observandum

223 2171 422 2210 discrimen
468 2170 655 2221 quoddam
705 2170 803 2207 inter
844 2170 944 2220 ipsas
992 2170 1090 2219 signi
1132 2174 1268 2220 partes.
1324 2170 1468 2220 Nempe
1502 2173 1544 2206 ut
1581 2168 1754 2215 sciamus,

224 2249 404 2288 quasnam
440 2235 650 2273 necessario
678 2234 830 2272 omnino
861 2234 1056 2284 urgendas,
1083 2247 1175 2285 quas
1203 2235 1292 2272 item
1320 2247 1397 2271 non
1426 2247 1542 2284 usque
1567 2233 1659 2271 adeo
1688 2246 1754 2271 ne-

225 2299 386 2338 cessario
423 2298 667 2350 requirendas
702 2311 794 2344 esse,
822 2302 981 2336 statuere
1018 2297 1230 2344 debeamus,
1262 2298 1477 2348 praesertim
1504 2298 1546 2343 si,
1583 2310 1677 2348 quae
1702 2298 1755 2335 ita

224 2366 299 2403 sint
327 2364 500 2410 abolitae,
529 2364 605 2401 sive
632 2368 842 2415 temporum
870 2363 1019 2409 iniuria,
1047 2363 1124 2401 sive
1150 2363 1349 2413 tyrannide
1376 2362 1687 2407 Antichristiana,
1715 2366 1755 2399 ut

225 2430 351 2468 subito
387 2442 430 2467 ac
465 2433 616 2480 repente
654 2442 737 2466 cum
764 2441 854 2480 pace
882 2428 1072 2466 Ecclesiae
1099 2428 1266 2466 revocari
1292 2441 1368 2466 non
1395 2427 1555 2478 possint.
1609 2426 1754 2464 Discri-

225 2507 310 2532 men
348 2497 468 2531 autem
506 2494 576 2531 hoc
614 2493 792 2531 constitui
829 2497 975 2543 oportet
1011 2506 1056 2530 ex
1084 2493 1262 2543 mysterii,
1289 2492 1389 2543 quod
1419 2493 1564 2529 Coenae
1590 2504 1660 2528 usu
1687 2490 1754 2527 ad·

226 2558 433 2602 umbratur,
469 2558 777 2602 consideratione.
810 2564 993 2608 quatenus
1030 2557 1202 2595 videlicet
1229 2558 1350 2608 aliqua
1378 2556 1537 2608 partium
1565 2555 1661 2593 illud
1687 2568 1752 2593 ex-

226 2622 389 2674 pressius
437 2622 547 2659 nobis
591 2635 634 2659 ac
681 2622 953 2672 significantius
1008 2622 1236 2671 designetur,
1272 2623 1382 2669 (207)
1417 2624 1457 2658 ut
1499 2619 1753 2669 intelligamus

229 2688 375 2725 Coenae
403 2686 622 2724 Dominicae
648 2701 758 2724 usum
784 2687 868 2724 ideo
896 2686 1005 2723 nobis
1032 2699 1185 2736 prorsus
1212 2684 1531 2738 intermittendum
1559 2697 1635 2721 non
1663 2696 1755 2729 esse,

229 2752 328 2803 quod
365 2765 494 2789 omnes
530 2764 573 2788 ac
609 2752 777 2800 singulas
814 2751 912 2800 signi
948 2752 987 2787 in
1015 2751 1079 2787 illa
1107 2755 1231 2801 partes
1258 2751 1468 2794 observare,
1494 2753 1536 2786 ut
1565 2749 1755 2795 vellemus,

228 2829 313 2855 non-
341 2816 538 2867 possimus,
572 2816 684 2853 modo
719 2829 764 2853 ne
798 2816 884 2853 illae
916 2815 1150 2860 omittantur,
1176 2816 1215 2852 in
1243 2814 1379 2865 quibus
1405 2813 1643 2864 praecipuum
1672 2826 1753 2863 my-

230 2881 332 2920 sterii
367 2880 514 2933 pondus
551 2881 734 2918 consistit.
788 2880 953 2918 Tametsi
981 2892 1057 2925 eOS,
1084 2880 1147 2931 qui
1175 2892 1303 2918 omnes
1330 2883 1367 2916 et
1394 2879 1561 2928 singulas
1590 2878 1688 2928 signi
1714 2878 1754 2916 in
