1830 3147
1565 66 1610 104 27

70 182 109 219 in
146 194 184 219 se
220 181 333 219 verba
369 180 432 216 illa
462 183 516 226 εἰς
546 184 590 219 τὸ
631 181 833 227 afflue-sugg
863 178 1174 227 complectuntur,
1209 177 1346 228 quibus
1384 178 1612 228 Apostolum

69 260 147 285 non
183 247 322 285 frustra
358 257 465 282 usum
503 257 583 281 esse
620 242 800 280 videmus.
857 242 990 293 Neque
1031 256 1118 280 vero
1151 242 1212 280 hic
1238 256 1340 281 nunc
1367 247 1431 281 aut
1458 243 1502 280 de
1529 243 1613 281 loco

70 313 112 350 in
143 312 255 350 coelis
280 311 373 355 ullo,
399 314 463 347 aut
490 309 535 347 de
562 309 727 347 Dextrae
754 308 913 345 Divinae
942 308 1291 360 circumscriptione
1316 309 1520 361 loquimur,
1547 309 1612 347 sed

68 377 114 416 de
139 377 282 427 gloriae
309 376 492 413 duntaxat
520 374 691 412 coelestis
718 373 998 422 magnificentia
1026 386 1070 410 ac
1099 373 1308 423 splendore,
1337 395 1387 402 —-
1414 387 1488 424 quo
1519 387 1607 412 sane

67 445 142 482 iam
179 441 337 492 amplius
379 440 519 478 Christi
556 439 710 477 Domini
747 451 882 490 corpus
919 438 960 476 in
997 452 1063 475 sua
1101 438 1345 477 subsistentia
1384 452 1508 477 carere
1534 452 1613 477 non

71 511 206 559 potest,
242 518 466 557 quocunque
499 505 583 542 loco
620 509 789 555 tempore
825 516 869 541 ac
897 503 1008 541 modo
1045 503 1176 541 adesse
1211 517 1338 542 revera,
1373 509 1409 543 et
1438 518 1615 557 corpora-

69 573 155 611 liter
199 576 397 609 statuatur.
445 569 560 608 Quod
589 569 620 606 si
648 569 709 606 hic
737 569 897 607 Catones
925 567 1046 606 nostri
1074 568 1189 605 Paulo
1217 569 1436 616 reclamant,
1463 570 1616 609 Petrum

76 637 301 689 Apostolum
338 635 506 680 audiant,
540 635 608 686 qui
637 634 786 672 Christo
814 633 993 680 Domino,
1020 647 1040 671 a
1068 633 1228 671 mortuis
1255 634 1430 678 excitato,
1456 635 1617 684 gloriam

73 716 94 739 a
132 702 241 739 Patre
278 714 345 739 suo
383 700 534 738 coelesti
571 692 696 737 datam
723 711 802 736 esse
830 698 951 743 docet,
976 698 1017 735 in
1046 711 1120 749 qua
1147 698 1255 735 illum
1283 699 1386 736 coelo
1417 699 1617 745 contineri,

76 767 243 817 adusque
285 768 433 816 tempus
468 763 717 802 restitutionis
754 763 923 800 omnium
962 766 1145 813 oporteat,
1191 766 1230 800 ut
1276 769 1356 800 tum
1391 763 1539 800 domum
1576 764 1617 801 in

77 832 205 870 eadem
232 832 313 882 ipsa
340 830 460 880 gloria
487 843 531 868 ac
570 829 768 867 Maiestate
805 828 851 865 ad
878 827 1073 874 iudicium,
1100 827 1206 865 iuxta
1236 827 1420 866 Matthaei
1448 829 1617 866 testimo-

77 897 195 941 nium,
222 895 357 933 veniat.
388 897 448 932 An
477 907 563 932 vero
593 893 654 930 hic
681 893 793 930 etiam
822 893 994 939 Paulum,
1014 893 1166 930 Petrum
1185 906 1227 930 ac
1249 892 1544 942 Matthaeum,(3
1557 895 1618 941 8¹2)

78 960 276 1005 mendacii,
303 959 389 997 odio
418 959 552 1004 nostri,
577 957 837 996 accusabunt?
884 958 952 995 Sin
980 957 1117 999 minus,
1156 957 1329 995 desinant
1365 958 1518 995 tandem
1556 972 1617 995 ca-

77 1025 264 1070 lumniari,
291 1037 386 1075 quae
412 1023 633 1074 impugnare
661 1035 737 1060 non
765 1027 935 1073 possunt.
980 1022 1074 1059 Cum
1102 1022 1218 1071 igitur
1247 1026 1389 1060 certum
1419 1023 1480 1066 sit,
1508 1023 1619 1060 Chri·

78 1096 177 1130 stum
214 1090 420 1128 Dominum
458 1089 532 1126 iam
568 1088 608 1126 in
646 1089 842 1126 coelestem
879 1101 985 1125 suam
1012 1087 1173 1136 gloriam
1201 1092 1435 1138 assumptum
1462 1102 1556 1132 esse,
1583 1093 1620 1126 et

77 1154 219 1205 gloriae
247 1153 418 1191 coelestis
446 1152 623 1204 splendor
650 1165 771 1202 neque
806 1151 845 1189 in
874 1151 1060 1203 Papistica
1089 1152 1529 1197 transsubstantiatione,
1553 1166 1620 1191 ne-

79 1234 152 1272 que
178 1221 219 1258 in
254 1220 325 1258 ista
355 1220 542 1256 Catonum
570 1222 787 1256 nostrorum
816 1218 1071 1256 delitescentia
1101 1218 1391 1256 commonstrari
1419 1224 1543 1270 queat,
1569 1240 1621 1247 —

80 1285 316 1337 perspicuum
345 1288 413 1330 est,
449 1287 514 1321 aut
543 1283 697 1334 spoliari
723 1295 787 1334 pcr
816 1282 977 1320 Catones
1003 1282 1098 1320 istos
1128 1283 1318 1320 Christum
1347 1283 1553 1322 Dominum
1580 1284 1621 1322 in

82 1363 149 1387 suo
189 1362 344 1400 corpore
381 1347 550 1386 coelestis
593 1347 736 1397 gloriae
772 1361 858 1385 suae
904 1347 1113 1398 splendore,
1140 1352 1203 1385 aut
1232 1361 1347 1398 aeque
1377 1361 1514 1386 vanum
1541 1362 1622 1386 esse

83 1420 333 1453 commentum
359 1414 482 1460 istius,
520 1427 633 1464 quam
659 1417 914 1465 propugnant,
943 1413 1232 1460 delitescentiae,
1260 1419 1371 1464 atque
1387 1419 1442 1452 est
1463 1416 1622 1464 figmen-

81 1484 160 1518 tum
187 1480 394 1531 Papisticae
423 1478 874 1517 transsubstantiationis.
929 1478 1044 1516 Quod
1074 1491 1160 1516 vero
1188 1478 1234 1516 ad
1263 1479 1418 1516 alteram
1447 1484 1619 1517 nostram

84 1545 333 1584 obiectionem
362 1545 508 1590 attinet,
543 1544 607 1582 illa
646 1557 735 1581 sane
762 1544 900 1594 petitur
927 1556 946 1581 e
974 1544 1116 1581 Christi
1142 1544 1338 1595 ipsiusmet
1366 1544 1522 1582 Domini
1540 1558 1623 1583 ver-

85 1610 154 1649 bis.
208 1610 249 1648 Is
285 1610 382 1647 enim
422 1622 507 1646 cum
544 1621 684 1646 novum
711 1608 903 1659 quoddam
931 1607 1132 1646 cibationis
1162 1610 1250 1646 suae
1276 1622 1396 1658 genus
1423 1610 1623 1648 instituere

85 1676 207 1722 vellet,
241 1679 284 1712 ut
321 1674 414 1712 illud
449 1675 562 1723 longe
599 1673 786 1711 diversum
815 1686 894 1711 esse
922 1674 1134 1711 ostenderet
1170 1674 1218 1711 ab
1256 1675 1359 1711 omni
1389 1674 1622 1712 cibationum

84 1754 219 1791 genere
247 1746 281 1778 et
310 1753 420 1790 supra
451 1752 580 1777 sensus
608 1739 728 1777 nostri
758 1743 905 1790 captum
935 1752 1084 1776 omnem
1099 1739 1520 1791 positum,—primum
1541 1753 1624 1777 om·

83 1806 189 1845 nium
217 1805 342 1843 cibum
370 1805 504 1856 ipsum,
532 1817 605 1855 quo
636 1804 788 1841 cibandi
815 1817 991 1847 essemus,
1020 1803 1153 1841 deinde
1181 1804 1334 1842 modum
1365 1804 1477 1842 etiam
1504 1805 1623 1857 ipsius

83 1870 296 1916 cibationis,
323 1875 512 1920 postremo
541 1868 614 1906 vim
644 1881 793 1919 quoque
821 1873 857 1906 et
884 1868 1080 1906 efficaciam
1109 1868 1224 1913 ifflus,
1251 1869 1363 1906 nobis
1392 1869 1561 1908 edisserit
1589 1874 1624 1907 et

86 1935 333 1973 commendat.
390 1935 600 1984 Cibumque
643 1933 767 1984 ipsum
815 1933 906 1971 dicit
941 1947 1020 1971 esse
1058 1946 1207 1971 carnem
1245 1948 1350 1972 suam
1386 1936 1421 1983 (ε
1451 1937 1522 1984 1³),
1559 1949 1624 1973 seu

87 2014 221 2051 corpus
258 2013 366 2038 suum
402 2004 437 2037 et
473 1999 710 2048 sanguinem,
745 1998 822 2036 sive
849 2012 888 2036 se
914 1999 1052 2048 ipsum,
1108 1998 1265 2036 Modum
1294 1999 1382 2037 item
1411 2000 1489 2037 eius
1519 2000 1624 2037 ciba-

85 2066 199 2103 tionis
245 2065 353 2102 docet
398 2077 477 2102 csse
512 2064 822 2115 metaphoricum,
860 2064 948 2100 dum
982 2063 1092 2101 initio
1131 2064 1255 2101 cibum
1293 2064 1392 2101 hune
1431 2077 1507 2103 non
1546 2068 1623 2102 tam

86 2130 272 2169 edendum
305 2131 387 2178 (ore
423 2129 624 2176 videlicet),
659 2141 770 2179 quam
799 2128 1028 2179 operandum
1057 2141 1136 2165 esse
1163 2129 1228 2174 ait,
1255 2133 1367 2179 atquc
1395 2142 1473 2166 eam
1502 2129 1623 2180 ipsam

85 2195 338 2248 operationem
374 2193 461 2231 fidei
507 2205 598 2243 opus
635 2205 714 2229 esse
741 2192 1042 2242 interpraetatur,
1069 2204 1230 2242 moxque
1259 2191 1422 2242 seipsum
1449 2192 1624 2243 explicat,

86 2262 176 2299 dum
211 2273 359 2297 omnem
395 2258 626 2296 mortiferam
655 2257 797 2307 alioqui
825 2256 994 2294 omnium
1021 2258 1158 2294 famem
1185 2270 1228 2293 ac
1256 2256 1369 2296 sitim.
1398 2257 1463 2307 qui
1490 2257 1539 2295 ad
1565 2258 1623 2308 ip-

86 2340 168 2365 sum
213 2325 383 2363 venirent
428 2324 486 2361 vel
521 2324 561 2360 in
597 2323 716 2373 ipsam
753 2321 956 2366 crederent,
992 2321 1215 2372 explendam
1259 2335 1339 2359 esse
1373 2326 1543 2369 testatur,
1580 2326 1624 2361 ut

84 2391 184 2429 idem
220 2403 301 2428 esse
328 2389 518 2426 videamus
545 2387 584 2425 in
614 2386 716 2424 hisce
743 2386 919 2424 omnibus
948 2385 1089 2423 Christi
1117 2385 1273 2423 Domini
1302 2386 1436 2432 verbis,
1463 2387 1541 2425 sive
1569 2388 1623 2425 ci·-

86 2455 175 2493 bum
202 2455 304 2492 hunc
330 2453 403 2491 fide
430 2452 587 2504 operari,
615 2451 692 2489 sive
718 2451 765 2489 ad
794 2450 986 2488 Christum
1013 2450 1220 2488 Dominum
1248 2450 1408 2497 credere,
1436 2452 1513 2490 sive
1541 2465 1623 2490 car·

86 2533 170 2557 nem
207 2531 388 2570 corpusve
416 2530 459 2554 ae
495 2516 716 2565 sanguinem
753 2515 895 2553 Christi
930 2515 1129 2565 ipsumque
1157 2514 1250 2552 adeo
1279 2515 1472 2553 Christum
1499 2521 1622 2555 totum

85 2585 192 2622 edere
220 2584 398 2623 dicamur.
428 2582 566 2620 nedum
593 2586 633 2618 ut
661 2581 738 2618 oris
765 2581 927 2618 carnalis
954 2579 1163 2617 ministerio
1203 2584 1269 2617 aut
1296 2580 1408 2618 etiam
1437 2583 1625 2632 corporali

86 2649 225 2687 Christi
265 2647 416 2686 Domini
451 2661 517 2698 per
553 2659 686 2684 manus
731 2646 897 2683 ministri
925 2645 1194 2683 distributione
1228 2646 1269 2683 in
1307 2646 1378 2683 hac
1414 2646 1479 2684 tali
1518 2647 1622 2684 ciba·

84 2715 188 2752 tione
215 2726 400 2763 egeamus.
456 2711 541 2748 Vim
572 2723 656 2748 vero
685 2714 796 2762 atque
823 2710 1022 2748 efficaciam
1051 2710 1165 2747 huius
1193 2723 1281 2748 suae
1309 2711 1511 2749 cibationis
1538 2725 1620 2749 eam

83 2791 163 2816 esse
197 2779 366 2822 affirmat,
402 2781 443 2815 ut
488 2789 637 2814 omnem
662 2775 895 2813 mortiferam
922 2775 1064 2826 alioqui
1089 2775 1226 2813 famem
1254 2788 1298 2813 ac
1325 2776 1426 2814 sitim
1453 2777 1620 2828 repellat,

83 2856 126 2881 co
155 2842 255 2892 quod
283 2841 453 2892 quisquis
481 2842 526 2879 ad
556 2841 655 2878 hunc
684 2840 836 2878 modum
864 2840 990 2878 eibum
1029 2840 1129 2877 hunc
1168 2841 1224 2878 vcl
1253 2840 1290 2878 in
1321 2841 1432 2878 eorde
1461 2855 1528 2880 suo
1555 2854 1620 2894 per
