1830 3147
1602 177 1674 213 149

136 290 325 342 quireret?
380 291 459 329 Aut
487 304 666 342 quorsum
694 291 746 329 ita
775 290 950 329 atrociter
979 294 1147 328 nostram
1174 290 1214 328 in
1242 289 1321 328 filio
1351 301 1418 326 suo
1445 286 1670 325 inobedien-

134 355 225 393 tiam
252 356 450 407 puniisset,
478 356 509 394 si
536 370 612 395 non
640 357 778 407 pariter
807 369 890 395 vere
917 356 1030 394 etiam
1058 356 1178 393 iustus
1205 355 1319 393 iudex
1346 354 1469 392 esset?
1524 351 1671 390 Deinde

136 421 357 460 testificatur
379 407 501 460 ‘etiam
540 422 585 460 de
623 422 733 460 Patre
768 422 863 468 Deo,
905 421 1014 459 illum
1050 424 1276 459 servatorem
1314 433 1464 471 quoque
1499 424 1670 456 nostrum

138 484 384 524 nihilominus
412 499 504 532 esse,
541 486 606 537 qui
635 486 810 524 videlieet
839 485 959 524 nostri
986 485 1162 523 misertus
1190 489 1356 523 nostram
1387 482 1672 522 condemnatio·

136 562 221 587 nem
257 551 423 600 gratuito
460 542 698 588 transtulerit
725 551 766 588 iu
796 550 1032 600 unigenitum
1062 563 1171 588 suum
1198 549 1320 587 filium
1347 549 1529 599 illumque
1555 546 1673 585 tradi-

138 613 233 652 derit
267 608 351 652 l'oeo
391 619 523 653 nostro
560 615 597 652 in
635 620 793 653 mortem
830 614 1102 653 atrocissimam
1141 618 1177 652 et
1219 614 1441 663 sanguinem
1468 613 1585 663 ipsius
1612 611 1672 649 in-

137 679 448 718 nocentissimum
476 680 586 718 fundi
614 680 774 718 voluerit
801 679 848 717 ad
877 679 997 718 nostri
1024 679 1290 730 expiationem.
1344 679 1537 715 Postremo
1565 675 1674 715 testi-

140 745 274 782 ficatur
317 748 354 783 et
392 745 437 783 de
472 745 552 783 filio
587 745 669 796 ipso
707 745 776 783 Dei
815 745 966 783 Christo
1005 744 1184 790 Domino,
1218 745 1343 795 ipsum
1380 746 1530 794 propter
1566 740 1674 779 resti-

138 809 317 847 tuendam
352 811 391 848 in
431 824 470 848 se
506 810 662 848 salutem
702 815 867 848 nostram
908 811 1006 848 ultro
1042 823 1086 848 ae
1122 813 1254 861 sponte
1291 822 1355 846 sua
1394 808 1497 845 carni
1524 811 1560 845 et
1589 820 1675 844 san-

137 874 247 923 guini
283 879 413 912 nostro
462 875 707 926 participasse
741 878 852 925 atque
887 874 940 912 ita
979 874 1128 912 demum
1164 877 1199 912 et
1237 887 1371 925 eorpus
1409 886 1516 911 suum
1553 884 1678 909 saero-

140 942 312 976 sanctum
349 939 598 977 atrocissimis
638 939 866 983 eruciatibus
906 940 1092 990 mortique
1128 938 1172 976 ad
1212 943 1418 976 extremum
1446 935 1678 986 ignominio-

141 1002 310 1041 sissimae
347 1004 562 1055 exposuisse
599 1008 634 1041 et
671 1004 892 1053 sanguinem
930 1017 1039 1041 suum
1077 1003 1428 1041 innocentissimum
1464 1000 1606 1039 fudisse
1633 1000 1679 1037 ad

141 1067 263 1104 nostri
293 1080 375 1105 cum
404 1068 514 1106 Patre
543 1081 610 1105 suo
638 1067 996 1106 reconciliationem.
1046 1088 1050 1091 ·

193 1131 250 1169 De
279 1131 388 1169 nobis
418 1145 505 1170 vero
533 1133 757 1170 testificatur
783 1132 893 1183 panis
920 1132 985 1169 illa
1015 1132 1147 1170 fractio
1176 1136 1212 1170 et
1238 1131 1365 1183 poculi
1394 1130 1618 1182 propinatiO,
1644 1129 1680 1166 111

144 1195 289 1233 Coenae
317 1195 537 1233 Dominieae
567 1209 648 1240 usu,
677 1209 745 1233 nos
774 1201 855 1234 toto
886 1201 1016 1234 nostro
1047 1210 1201 1248 corpore
1228 1201 1381 1247 totaque
1401 1200 1527 1233 nostra
1547 1195 1686 1244 anima,

144 1259 276 1310 quanti
314 1260 466 1297 omnino
503 1274 641 1307 sumus,
679 1260 782 1298 aliud
811 1274 964 1312 prorsus
994 1261 1091 1298 1111111
1117 1275 1207 1308 esse,
1243 1275 1353 1312 quam
1382 1260 1542 1312 pecudes
1571 1274 1682 1311 quas-

145 1323 243 1367 dam,
271 1324 374 1375 quod
402 1324 440 1362 in
471 1324 582 1362 nobis
612 1330 680 1370 est,
707 1325 819 1363 morti
847 1325 921 1363 iam
951 1326 1093 1377 alioqui
1120 1330 1156 1364 et
1185 1326 1492 1364 condemnationi
1517 1330 1688 1363 aeternae

148 1388 367 1435 destinatas,
411 1389 484 1426 nisi
513 1391 624 1438 (218)
654 1402 722 1426 nos
751 1389 797 1426 ab
827 1390 891 1427 illa
919 1390 1092 1428 Christus
1120 1390 1307 1428 Dominus
1334 1404 1402 1442 pro
1429 1390 1594 1440 gratuita
1623 1403 1687 1427 sua

143 1453 183 1490 in
212 1466 280 1490 nos
311 1453 550 1503 benignitate
578 1468 620 1490 ac
650 1454 907 1492 misericordia
936 1455 1145 1494 liberasset.
1198 1455 1253 1493 Ut
1281 1456 1378 1493 enim
1410 1455 1581 1493 Christus
1609 1454 1687 1492 Do-

144 1517 269 1555 minus
305 1521 408 1556 totus
445 1532 598 1570 prorsus
635 1532 790 1571 corpore
826 1534 891 1558 suo
930 1525 1084 1573 totaque
1122 1535 1186 1559 sua
1223 1521 1346 1559 anima
1384 1523 1444 1570 (ut
1471 1521 1602 1568 homo)
1641 1521 1684 1557 ad

144 1586 346 1620 extremam
374 1596 492 1634 usque
521 1583 818 1634 desperationem
846 1585 976 1623 Divini
1002 1586 1179 1623 adversus
1208 1591 1377 1624 nostrum
1404 1590 1597 1637 peecatum
1628 1586 1686 1622 iu-

145 1647 233 1684 dieii
270 1648 504 1686 severitatem
541 1649 656 1686 vitare
695 1663 770 1687 11011
806 1651 942 1701 potuit,
978 1656 1163 1702 quatenus
1197 1653 1237 1689 111
1276 1665 1313 1688 56
1349 1651 1498 1702 quidem
1537 1665 1684 1689 omnem

147 1718 312 1752 nostram
342 1714 481 1765 recepit
511 1714 877 1759 condemnationem,
906 1716 958 1753 ita
985 1716 1094 1767 panis
1117 1717 1180 1754 illa
1207 1716 1248 1754 in
1278 1717 1424 1754 Coenae
1455 1729 1521 1753 usu
1550 1716 1684 1754 fractio

147 1783 183 1817 et
219 1779 347 1830 poculi
381 1779 609 1830 propinatio,
646 1780 735 1818 (lum
775 1780 871 1818 hane
908 1782 1020 1818 talem
1059 1781 1186 1819 Divini
1223 1781 1355 1819 iudicii
1384 1781 1615 1819 severitatem
1645 1781 1683 1818 in

147 1844 324 1894 passione
351 1848 388 1881 et
415 1848 534 1882 morte
564 1843 704 1882 Christi
734 1845 843 1882 nobis
871 1845 1084 1891 adumbrat,
1112 1845 1222 1883 simul
1250 1859 1400 1897 quoque
1427 1850 1584 1883 testatur
1606 1858 1687 1883 om-

148 1907 251 1952 nine,
286 1908 325 1945 in
364 1912 444 1945 toto
482 1909 592 1959 plane
622 1913 749 1947 nostro
780 1923 936 1961 corpore
964 1916 1119 1962 totaque
1147 1916 1276 1949 nostra
1304 1911 1428 1949 anima
1457 1911 1553 1949 nihil
1581 1925 1688 1963 pror-

147 1986 210 2010 sus
246 1986 338 2016 esse,
374 1978 554 2023 quantum
592 1973 630 2010 in
669 1974 779 2011 nobis
817 1979 885 2018 est,
923 1975 1024 2026 quod
1063 1989 1139 2013 11011
1177 1976 1225 2014 sit
1261 1976 1384 2014 modis
1413 1977 1589 2013 omnibus
1618 1977 1685 2013 ob-

148 2037 303 2075 noxium
350 2042 521 2075 aeternae
569 2038 680 2076 morti
725 2043 761 2077 et
799 2040 1120 2085 condemnationi,
1157 2041 1296 2078 nedum
1332 2047 1374 2078 ut
1406 2041 1494 2078 ullis
1532 2041 1686 2078 omnino

149 2102 291 2139 meritis
330 2102 441 2140 ullive
478 2102 729 2154 qualicunque
758 2104 910 2142 tandem
939 2104 1117 2154 dignitati
1153 2105 1290 2156 aliquis
1331 2105 1485 2143 omnino
1513 2106 1619 2143 loeus
1648 2106 1688 2143 in

152 2166 261 2204 nobis
289 2167 456 2218 reliquus
485 2181 564 2205 esse
591 2169 723 2219 possit.

203 2231 396 2268 Postremo
434 2231 542 2281 panis
579 2238 614 2270 et
651 2233 777 2283 poculi
815 2233 853 2270 in
892 2232 1015 2270 cibum
1054 2247 1095 2271 ac
1134 2240 1264 2285 potum
1301 2240 1470 2273 nostrum
1507 2235 1691 2273 exhibitio

152 2308 216 2333 seu
244 2295 459 2333 distributio
489 2295 662 2345 designat
684 2297 793 2334 nobis
812 2298 1031 2336 immensam
1053 2299 1162 2349 plane
1181 2304 1291 2350 atque
1308 2299 1532 2337 ineffabilem
1551 2300 1691 2341 Christi

154 2359 308 2397 Domini
335 2373 421 2409 erga
452 2373 520 2398 nos
550 2361 821 2410 benignitatem
851 2368 886 2400 et
916 2363 1167 2409 dilectionem,
1194 2364 1256 2415 qui
1286 2377 1396 2402 omne
1423 2378 1575 2413 prorsus
1590 2379 1690 2402 mor-

152 2425 200 2462 tis
238 2438 326 2463 suae
363 2425 550 2469 meritum,
587 2425 624 2463 in
656 2436 811 2478 corpore
840 2441 906 2465 suo
935 2441 1142 2479 perpessae,
1170 2442 1389 2481 omnemque
1417 2430 1516 2468 1111115
1546 2431 1620 2468 ν1111
1649 2445 1692 2469 ac

153 2489 376 2538 dignitatem
412 2490 579 2539 gratuito
619 2490 729 2528 nobis
766 2504 891 2529 seeum
930 2505 1166 2530 communem
1203 2507 1282 2531 esse
1311 2495 1544 2543 ve-(2l9)lit,
1581 2495 1691 2533 nobis

153 2555 320 2605 inquam,
347 2554 412 2605 qui
442 2568 517 2592 non
548 2556 666 2593 solum
698 2556 808 2595 huius
836 2557 930 2595 1111111
958 2571 1213 2609 promeremur
1243 2572 1420 2609 unquam,
1438 2560 1512 2606 sed,
1533 2566 1691 2597 mortem

153 2624 342 2656 aeternam
377 2620 600 2658 iamdudum
635 2622 839 2672 promeriti,
878 2627 955 2660 tota
993 2627 1181 2674 praeterea
1219 2623 1295 2660 vita
1333 2624 1394 2661 hie
1421 2630 1551 2662 nostra
1580 2626 1689 2663 etiam

155 2682 257 2719 aliud
296 2682 390 2720 1111111
428 2697 541 2734 quani
577 2697 729 2734 peceare
765 2692 943 2737 perpetuo
981 2700 1025 2723 ex
1066 2686 1175 2724 nobis
1209 2687 1300 2738 ipsis
1339 2692 1373 2726 et
1401 2688 1559 2738 proinde
1586 2689 1692 2726 illum

156 2761 304 2799 quoque
339 2753 514 2799 perpetuo
544 2748 730 2787 offendere
758 2751 959 2800 possimus.
1015 2751 1120 2788 Haec
1147 2764 1259 2803 porro
1289 2753 1398 2790 huius
1427 2758 1551 2791 tantae
1580 2754 1694 2790 dilee-

157 2812 271 2850 tionis
309 2812 448 2850 Christi
486 2826 572 2863 erga
610 2826 680 2851 nos
717 2815 895 2864 religiosa
922 2829 965 2853 ae
993 2815 1155 2865 diligens
1183 2817 1496 2868 reputatiojsseirca
1525 2818 1632 2868 panis
1661 2824 1696 2856 et

157 2876 282 2926 poculi
329 2877 475 2915 Coenae
517 2878 788 2916 exhibitionem
837 2893 902 2918 seu
946 2880 1255 2918 distributionem
1292 2882 1409 2919 multo
1456 2882 1539 2932 plus
1576 2882 1697 2920 adfert

157 2942 425 2979 consolationis
460 2942 606 2981 afflictis
642 2943 816 2982 omnibus
855 2945 1096 2984 conscientiis
1133 2951 1168 2984 et
1205 2947 1289 2997 plus
1329 2947 1445 2985 inulto
1485 2947 1572 2985 item
1601 2960 1696 2998 pon-
