1830 3147
1565 95 1613 136 el

74 213 409 252 comessationibus
448 210 576 258 dediti,
616 210 727 249 unius
766 208 894 248 uxoris
924 208 1060 257 mariti,
1087 208 1272 260 regendae
1298 210 1465 248 familiae
1492 211 1616 262 periti,

73 284 110 318 et
146 293 241 331 quae
275 279 317 317 in
344 291 425 316 eam
453 277 675 315 sententiam
705 275 893 314 dicuntur.
949 278 983 314 2.
1037 275 1092 313 Ut
1121 275 1196 314 sint
1224 276 1327 328 pleni
1354 275 1499 327 Spiritu
1528 290 1615 314 san-

75 349 148 391 cto,
187 344 258 381 hoc
293 347 361 387 est,
397 346 440 380 ut
477 341 576 380 dona
605 341 767 392 Spiritus
797 339 926 378 Sancti
952 339 993 377 in
1019 339 1095 378 illis
1126 340 1202 379 sint
1231 340 1453 392 conspicua:
1482 355 1616 393 nempe

75 408 241 457 cognitio
279 421 402 446 rerum
437 406 602 455 Divi-(D
629 407 840 454 4¹¹)narum,
877 404 1043 443 studium
1079 405 1242 456 pictatis,
1277 406 1412 445 lenitas
1438 420 1616 446 mansue·

71 472 163 510 tudo
211 470 424 521 benignitas
468 470 588 520 gratia
626 473 738 521 atque
782 468 933 518 energia
978 469 1159 520 quaedam
1206 469 1245 507 in
1289 469 1616 509 admonitionibus

74 536 398 575 consolationibus
434 539 470 574 et
497 534 845 581 exhortationibus,
874 548 1033 585 quarum
1063 548 1142 572 sese
1170 535 1307 573 multae
1334 536 1477 588 alioqui
1505 550 1616 575 occa-

76 603 199 641 siones
236 602 274 639 in
312 586 855 652 dispensandis‘elecmosynis
893 599 1022 637 offerre
1057 600 1276 651 plerumque
1313 601 1447 640 solent.
1485 604 1520 641 3.
1559 601 1615 640 Ut

73 668 149 706 sint
184 667 285 719 pleni
314 665 508 718 sapientia,
546 679 592 704 nc
619 665 709 717 quid
737 669 874 703 temere
900 664 941 703 in
969 665 1250 716 dispensatione
1276 665 1614 718 Eleemosynarum

71 736 207 782 agant,
245 731 308 769 sed
343 731 549 782 prudenter
584 743 628 768 ac
663 730 930 781 circumspecte
963 729 1049 768 illas
1087 729 1317 786 dispensent,
1346 745 1392 769 ne
1421 732 1477 769 vel
1504 745 1615 783 prae-

71 803 217 848 postere
254 796 337 833 illas
374 799 540 845 erogent,
577 794 633 832 vel
670 795 764 833 alios
802 808 891 846 prae
920 794 1004 832 aliis
1032 808 1182 846 quoquo
1211 795 1325 833 modo
1355 796 1541 843 fraudent,
1579 801 1616 835 et

71 863 112 900 in
148 861 323 899 omnibus
360 865 537 912 perpetuo
574 860 806 912 propositam
836 860 909 898 sibi
937 860 984 898 ob
1013 861 1143 899 oculos
1172 860 1335 900 habeant
1364 861 1434 899 Dei
1460 862 1616 914 potissi-

73 941 176 965 mum
203 926 363 976 gloriam
392 930 428 964 et
456 926 580 975 Regni
608 925 752 963 Christi
778 925 818 962 in
847 925 927 963 eius
956 925 1127 963 Ecclesia
1155 926 1477 977 propagationem.

125 991 272 1030 Quarto
306 991 518 1041 exponitur,
553 994 631 1028 tam
669 990 840 1035 divitum,
870 1004 983 1041 quam
1010 1003 1216 1042 pauperum
1254 990 1292 1028 in
1328 991 1497 1029 Ecclesia
1526 1005 1614 1042 erga

74 1055 264 1093 Diaconos
301 1055 462 1092 officium
493 1055 535 1103 ¹).
589 1054 735 1106 Nempe
773 1055 933 1093 divitum
972 1055 1133 1093 officium
1167 1069 1259 1100 esse,
1294 1060 1336 1093 ut
1372 1056 1470 1094 ultro
1499 1070 1542 1094 ac
1570 1057 1617 1095 li-

74 1121 215 1165 benter,
253 1119 411 1170 denique
446 1119 556 1157 etiam
587 1119 792 1157 liberaliter
819 1119 858 1157 in
886 1132 997 1156 usum
1026 1123 1138 1170 atque
1165 1118 1382 1157 alimoniam
1411 1133 1616 1171 pauperum

72 1186 279 1232 conferant,
307 1198 500 1231 memores,
527 1198 568 1222 ea
596 1198 690 1236 quae
718 1184 860 1223 habent
892 1197 969 1222 non
999 1198 1078 1222 esse
1107 1198 1186 1229 sua,
1215 1185 1279 1223 sed
1306 1185 1376 1223 Dei
1397 1185 1512 1223 solius
1528 1199 1617 1237 pro-

70 1251 150 1302 pria
187 1263 298 1301 seque
335 1250 521 1288 bonorum
559 1263 713 1287 suorum
742 1250 921 1298 omnium,
949 1263 1027 1287 non
1056 1263 1135 1288 esse
1164 1250 1363 1296 Dominos,
1398 1255 1440 1289 ut
1468 1251 1520 1289 eis
1548 1265 1615 1303 pro

72 1329 138 1353 suo
166 1319 319 1353 utantur
345 1315 454 1352 libito
482 1319 594 1366 atque
622 1314 794 1359 arbitrio,
823 1315 887 1353 sed
916 1328 1143 1353 oeconomos
1175 1315 1370 1363 duntaxat,
1398 1320 1434 1354 et
1464 1316 1616 1368 quidem

72 1379 119 1418 ad
149 1380 258 1418 breve
285 1379 464 1430 temporis
491 1382 736 1425 momentum,
764 1393 783 1416 a
813 1379 979 1417 Domino
1008 1379 1087 1418 Deo
1109 1381 1347 1426 constitutos,
1378 1381 1476 1433 apud
1507 1395 1618 1434 quem

72 1445 224 1482 tandem
260 1443 399 1494 alioqui
428 1443 479 1493 (D
508 1446 565 1492 5³)
602 1444 786 1482 rationem
821 1445 908 1482 illos
947 1444 1222 1483 exactissimam
1258 1446 1413 1484 reddere
1448 1451 1619 1498 oporteat

73 1509 152 1546 eius
188 1522 275 1547 suae
312 1509 563 1555 oeconomiae,
597 1509 637 1547 in
679 1523 751 1560 qua
789 1523 879 1548 sane
917 1510 1027 1548 nobis
1065 1524 1142 1551 non
1179 1515 1257 1549 tam
1286 1516 1374 1550 sunt
1403 1512 1617 1563 spectanda,

75 1587 169 1625 quae
196 1578 323 1612 nostra
353 1577 453 1620 sunt,
480 1587 593 1625 quam
621 1588 714 1626 quae
742 1575 828 1613 Iesu
849 1575 1003 1623 Christi,
1030 1576 1152 1628 quiin
1173 1576 1299 1626 egenis
1320 1576 1512 1616 Ecclesiae
1531 1592 1619 1617 suae

73 1638 251 1676 membrIS
280 1638 335 1676 vel
365 1639 617 1677 contemnitur
645 1639 700 1677 vel
731 1639 939 1678 honoratur
967 1642 1015 1688 2).

126 1704 271 1743 Deinde
290 1705 423 1743 divites
443 1709 656 1752 monentur,
684 1719 731 1744 ne
750 1706 906 1757 perinde
924 1719 1005 1744 esse
1023 1710 1167 1758 putent,
1190 1707 1267 1746 sive
1287 1708 1437 1759 ipsimet
1455 1720 1520 1760 per
1540 1722 1619 1748 sese

73 1782 140 1821 pro
170 1782 235 1807 suo
265 1769 435 1816 arbitrio,
463 1769 540 1808 sive
567 1783 631 1821 per
659 1783 792 1812 manus
820 1770 1076 1809 Diaconorum
1105 1772 1232 1822 egenis
1259 1772 1298 1810 in
1326 1773 1497 1811 Ecclesia
1525 1774 1614 1812 sub-

75 1835 237 1874 veniant.
273 1835 459 1874 Interesse
485 1835 602 1874 totius
633 1836 834 1883 Ecclesiae,
861 1841 903 1875 ut
930 1837 1056 1876 omnia
1085 1838 1216 1877 ordine
1244 1842 1280 1877 et
1307 1839 1354 1877 ad
1383 1839 1614 1878 aedificatio-

76 1915 159 1939 nem
189 1903 293 1940 fiant.
321 1902 492 1950 Pugnare
520 1902 608 1940 item
637 1916 722 1940 cum
751 1903 941 1941 Ecclesiae
958 1904 1231 1951 aedificatione,
1252 1905 1284 1942 si
1305 1905 1419 1943 otiosi
1438 1910 1501 1944 aut
1521 1906 1619 1957 pigri

79 1967 247 2019 homines
292 1967 331 2004 in
367 1967 535 2018 ipsorum
573 1968 650 2005 otio
688 1981 731 2006 ac
774 1968 925 2020 pigritie
962 1969 1122 2016 alantur,
1169 1969 1246 2007 veri
1282 1975 1403 2009 autem
1440 1984 1619 2022 pauperes

77 2030 320 2080 eleemosynis
349 2030 580 2070 fraudentur.
632 2030 687 2069 Ut
713 2031 830 2081 igitur
858 2031 992 2070 inutile
1020 2033 1137 2071 otium
1166 2046 1210 2070 ac
1237 2033 1407 2084 pigrities
1435 2047 1513 2072 non
1540 2035 1618 2072 ala-

77 2098 138 2132 tur
169 2094 209 2132 in
237 2093 406 2132 Ecclesia
433 2099 548 2146 utque
575 2096 672 2133 veris
700 2096 827 2145 egenis
857 2102 1090 2143 succuratur,
1126 2098 1292 2136 ordinati
1321 2103 1409 2137 sunt
1434 2099 1481 2137 ab
1512 2100 1618 2150 Apo-

78 2159 183 2198 stolis
220 2159 391 2205 Diaconi,
428 2160 491 2210 qui
529 2173 702 2198 verorum
732 2161 923 2199 Ecclesiae
950 2175 1155 2213 pauperum
1185 2176 1313 2201 curam
1340 2164 1524 2215 imprimis
1552 2165 1618 2202 ha—

78 2225 230 2269 berent,
265 2237 307 2262 eo
344 2223 446 2275 quod
484 2224 624 2273 singuli
658 2225 698 2262 in
728 2225 895 2263 Ecclesia
925 2238 1049 2263 curam
1078 2227 1228 2264 illorum
1258 2227 1396 2265 habere
1425 2229 1620 2267 commode

78 2303 155 2328 non
183 2294 347 2341 possent.
404 2289 603 2327 Contemni
631 2290 678 2327 ab
706 2290 752 2328 iis
780 2290 899 2340 igitur
927 2291 1187 2341 Apostolicam
1218 2292 1510 2341 ordinationem,
1545 2294 1617 2332 im-

76 2355 196 2406 pediri
231 2355 318 2393 item
358 2355 547 2393 Ecclesiae
582 2355 622 2392 in
661 2368 747 2393 cura
783 2369 987 2407 pauperum
1025 2357 1343 2405 aedificationem,
1373 2359 1439 2410 qui
1464 2359 1619 2410 perinde

78 2433 157 2458 esse
183 2424 329 2471 putant,
357 2420 435 2457 sive
462 2419 610 2470 ipsimet
636 2433 700 2471 per
729 2433 807 2458 sese
834 2434 900 2472 pro
931 2433 998 2458 suo
1027 2421 1202 2468 arbitrio,
1230 2422 1306 2460 sive
1334 2436 1398 2474 per
1426 2423 1618 2463 Diaconos

78 2486 330 2536 eleemosynas
366 2484 595 2536 dispensent.
633 2485 790 2523 Interim
819 2490 945 2530 tamen
974 2484 1142 2535 doce-(D
1173 2488 1295 2535 5¹³)tur
1322 2486 1503 2535 Ecclesia,
1539 2503 1617 2527 non

75 2563 243 2602 pugnare
279 2551 317 2588 id
356 2563 439 2589 cum
476 2550 733 2588 Diaconorum
769 2551 995 2598 ministerio,
1033 2556 1071 2590 ut
1109 2553 1224 2590 frater
1262 2554 1413 2592 fratrem
1442 2556 1617 2606 privatim

76 2615 255 2658 sublevet,
300 2615 390 2653 dum
435 2615 542 2653 illum
580 2627 687 2665 egere
729 2615 846 2654 videt:
887 2629 1006 2667 neque
1042 2629 1106 2667 per
1143 2617 1314 2668 publicas
1351 2618 1541 2657 Ecclesiae
1578 2620 1616 2658 in

78 2685 187 2719 coetu
213 2681 478 2731 Eleemosynas
507 2680 717 2732 prohiberi,
746 2681 948 2733 quominus
976 2682 1151 2733 privatim
1182 2683 1294 2721 etiam
1314 2684 1497 2735 proximo,
1528 2685 1617 2722 dum

77 2759 134 2784 res
165 2747 213 2784 ita
241 2746 417 2797 postulat,
447 2759 717 2786 succurramus.
773 2747 845 2785 Sed
874 2747 1043 2785 ordinem
1074 2748 1311 2786 retinendum
1341 2763 1419 2787 esse
1445 2750 1616 2800 publica-

124 2887 147 2927 ¹)
174 2886 188 2916 1
214 2887 295 2918 Tim.
321 2888 349 2918 6.
394 2888 469 2919 Luc.
496 2889 544 2920 12.
589 2889 661 2920 Esa.
686 2890 734 2920 58.
780 2890 797 2920 2
823 2890 896 2923 Cor.
919 2892 948 2922 9.
1120 2890 1146 2931 ²)
1172 2891 1248 2923 Luc.
1274 2891 1322 2926 16.
