1830 3147
308 96 382 133 440
786 100 959 128 emeca.
991 99 1101 128 noct.
1130 98 1248 128 tom).

890 203 1029 242 Interr.
1060 205 1148 242 180.

362 270 604 310 Quibusnam
634 268 887 320 Euangelium
915 269 1191 306 annuntiatur?

963 333 1077 385 Resp-

26 415 129 448 Math.
155 414 204 445 10.
362 400 554 439 Omnibus
581 398 802 438 hominibus
831 399 1095 446 annuntiatur,
1122 398 1440 450 quemadmodum
1463 399 1575 437 etiam
1595 411 1726 438 omnes

25 456 205 532 {0355}
313 466 483 505 homines
517 467 558 504 in
588 478 626 503 se
654 464 951 516 comprehendit,
979 464 1144 516 exceptis
1187 464 1253 515 qui
1281 464 1327 502 de
1353 463 1543 503 industria
1568 464 1608 503 id
1636 478 1727 504 con-

25 542 89 573 Tit.
113 523 142 573 3‘.
192 522 199 529 ’
311 535 497 578 temnunt,
523 530 649 568 rident
677 532 790 580 atque
819 528 1115 568 calumniantur.
1168 528 1240 566 Vel
1276 528 1329 566 sic
1363 532 1488 567 tamen
1517 529 1594 567 vim
1622 542 1728 568 suam

26 582 240 657 hsssgssf'lffi
311 596 510 648 praecipue
546 595 685 633 exserit
720 594 762 631 in
801 593 1032 645 pauperibus
1070 593 1241 644 spiritus,
1268 593 1334 644 qui
1361 593 1525 645 peccatis
1553 594 1632 633 suis
1659 607 1728 646 op·

26 669 104 743 {imt-
129 668 221 741 ἕλκῃ
312 661 445 713 pressi,
472 658 673 709 diligenter
701 661 903 709 operantur
929 661 971 695 ut
998 657 1045 695 ab
1073 657 1121 695 iis
1148 657 1371 697 liberentur.
1400 659 1506 706 (66³)

26 721 108 745 ra.
151 735 159 750 ‚
227 733 234 742 .

891 786 1030 825 Interr.
1060 787 1147 826 181.

365 853 472 893 Quid
497 865 611 905 porro
640 851 839 903 sequitur?

968 915 1081 965 Resp.

27 1021 53 1052 Ε
364 981 694 1020 Resurrectionem
723 979 861 1019 carnis.

26 1021 238 1095 ΕζέΙΧξίΙΧΙῙΙ.
893 1043 1032 1083 Interr.
1063 1045 1150 1082 182.

26 1105 142 1137 Ezech.
166 1105 217 1137 37.
367 1111 472 1151 Quid
500 1111 600 1149 hoc?

27 1148 123 1180 Dani.
146 1148 220 1179 XII.

27 1191 126 1231 Soph.
148 1190 210 1221 111.
962 1172 1078 1223 Resp.

27 1233 106 1306 {⁴0an
135 1233 180 1304 ιθ·
205 1274 242 1305 19
367 1240 486 1279 Credo
515 1245 628 1290 atque
656 1239 850 1279 confiteor.
877 1250 1007 1275 omnes
1037 1237 1223 1282 homines,
1246 1241 1433 1288 quotquot
1451 1239 1622 1276 defuncti
1644 1239 1732 1284 sint,

29 1319 108 1349 Mat.
131 1300 215 1348 XI'X.
247 1297 254 1306 ⁸
316 1306 375 1344 die
402 1309 570 1343 extremo
599 1315 746 1341 rursum
775 1315 797 1339 a
825 1302 984 1339 mortuis
1008 1301 1211 1339 excitatum
1232 1301 1293 1346 iri,
1312 1302 1403 1339 adeo
1423 1305 1465 1340 ut
1485 1302 1575 1340 olim
1596 1316 1732 1341 unum-

27 1359 255 1433 }lvcggiiffixk·
315 1369 492 1421 quodque
530 1380 677 1418 corpus,
712 1368 923 1414 (mortuum
959 1365 1124 1410 interim,
1162 1365 1411 1416 putrefactum
1462 1370 1499 1403 et
1544 1366 1584 1404 in
1624 1380 1733 1417 aqua,

27 1444 108 1475 Mat.
132 1444 180 1476 28,
315 1435 403 1485 igne
432 1433 489 1470 vel
526 1432 640 1469 humo
682 1430 908 1477 resolutum)
948 1442 1022 1467 una
1052 1442 1133 1467 cum
1165 1430 1288 1467 anima
1317 1430 1452 1468 iterum
1482 1431 1667 1469 coalescat
1694 1436 1732 1470 et

28 1485 272 1560 ῗοζοηξὲἒη
316 1502 488 1548 resurgat
534 1511 554 1534 a
600 1500 733 1541 morte,
779 1495 826 1532 ad
862 1508 972 1546 quem
1010 1494 1164 1531 modum
1204 1495 1377 1533 Christus
1414 1509 1576 1547 quoque,
1621 1501 1732 1548 caput

32 1571 60 1644 {z
74 1571 148 1603 Cor.
167 1571 262 1644 &IVS
317 1568 500 1607 nostrum,
529 1575 613 1600 cum
639 1560 792 1612 proprio
822 1572 887 1598 suo
919 1572 1075 1610 corpore
1102 1560 1361 1598 resurrexerit.

62 1624 144 1646 oma.
214 1638 221 1651 ‚
267 1637 274 1644 .

898 1688 1038 1728 Interr.
1069 1690 1156 1728 183.

32 1772 145 1803 Roma.
169 1771 248 1804 1111.
373 1753 577 1795 Quomodo
607 1753 679 1791 hoc
707 1752 788 1791 fieri
814 1752 965 1803 potest?

32 1814 113 1888 {aluc-
137 1815 184 1888 LX
900 1817 1014 1867 Resp.
1045 1816 1150 1864 (66¹³)

32 1867 195 1930 agebas
374 1884 486 1936 Apud
523 1883 657 1930 Deum,
693 1882 758 1933 qui
794 1882 832 1920 id
869 1882 1014 1923 efficiet,
1049 1881 1154 1919 nulla
1190 1894 1248 1918 res
1276 1881 1357 1918 fieri
1384 1881 1527 1932 nequit,
1554 1883 1735 1933 quemad-

36 1941 218 2015 {Iliitl'hssfl'L
324 1950 475 1988 modum
505 1948 644 1986 creatio
673 1946 838 1985 hominis
867 1960 886 1985 e
914 1946 1033 1983 nihilo
1063 1945 1141 1983 eius
1170 1945 1379 1996 potentiam
1408 1959 1485 1983 non
1511 1946 1683 1986 excessit.

36 2025 132 2057 Gene.
156 2025 202 2058 II.

903 2076 1042 2114 Interr.
1071 2078 1157 2114 184.

378 2144 572 2183 Quorsum
602 2143 696 2180 haee
724 2141 893 2192 corporis
921 2140 1174 2178 resurrectio?
1211 2140 1352 2178 Nonne
1380 2140 1471 2178 satis
1500 2140 1646 2185 fuisset,
1674 2153 1737 2179 so-

326 2209 401 2247 lam
429 2208 593 2246 animam
621 2210 687 2244 aut
714 2206 753 2244 in
781 2205 903 2256 gloria
931 2208 994 2243 aut
1023 2205 1064 2242 in
1092 2204 1327 2256 turpitudine
1354 2204 1497 2242 fuisse?

978 2335 1093 2385 Resp.

44 2428 122 2459 Gen·
149 2428 191 2459 Π.
379 2403 458 2440 Deo
496 2401 549 2440 ita
576 2401 698 2439 visum
726 2411 804 2438 non
831 2402 898 2444 est,
929 2398 1133 2443 hominem,
1161 2397 1309 2436 duabus
1336 2397 1521 2449 partibus,
1548 2398 1673 2436 anima
1702 2403 1738 2438 et

42 2470 165 2521 Philip.
186 2470 213 2501 I.
331 2481 487 2520 corpore
515 2465 764 2517 compositum
793 2468 828 2502 et
855 2463 899 2502 ad
931 2463 1089 2502 salutem
1119 2467 1296 2506 creatum,
1329 2463 1435 2500 iuxta
1455 2462 1738 2502 alteramutram

40 2511 235 2586 flucdgfflv-
331 2534 515 2571 duntaxat
560 2535 717 2568 naturae
766 2542 853 2566 suae
893 2532 1037 2579 partem
1083 2527 1322 2579 superstitem
1366 2539 1555 2564 remanere
1600 2531 1636 2565 et
1680 2529 1738 2566 vi-

330 2602 390 2635 tae
416 2599 587 2634 aeternae
615 2593 789 2631 heredem
816 2593 908 2638 fieri,
937 2592 1014 2635 sed,
1041 2596 1082 2629 ut
1111 2604 1245 2642 corpus
1274 2589 1385 2628 etiam
1403 2589 1608 2628 secundum
1628 2603 1739 2642 opera

331 2675 396 2699 sua
439 2659 636 2710 acciperet,
681 2657 797 2695 totius
844 2655 1009 2694 hominis
1054 2654 1367 2713 resurrectionem
1404 2653 1600 2704 requisivit
1635 2657 1739 2705 (67³)

331 2725 446 2762 Deus.

909 2783 1048 2822 Interr.
1077 2785 1146 2820 185
1155 2812 1163 2820 .

382 2850 568 2890 Homines
614 2850 730 2899 igitur
772 2852 857 2900 post
902 2847 1213 2886 resurrectionem
1257 2844 1371 2883 iidem
1415 2857 1567 2895 prorsus
1619 2852 1741 2894 erunt,

332 2917 461 2973 quales
487 2914 618 2954 nunc?
