1830 3147
1575 82 1621 122 79

89 194 325 233 commendat
360 193 432 232 hoc
460 194 533 232 tale
559 192 776 231 institutum
803 192 1006 231 electorum
1033 192 1185 231 illorum
1228 191 1300 231 toti
1326 191 1528 238 Ecclesiae,
1556 191 1620 230 sed

89 260 161 298 hoc
195 260 346 298 interim
373 258 553 311 praestari
581 258 630 296 ab
658 258 733 296 illis
761 270 836 296 non
866 270 976 309 posse
1003 258 1083 296 sine
1110 258 1290 309 peculiari
1324 270 1394 309 ope
1430 261 1466 295 et
1500 257 1622 307 gratia

87 325 171 363 Dei.
203 325 256 362 Ut
284 325 354 362 hoc
380 323 510 374 igitur,
536 322 636 374 quod
665 322 772 360 electi
798 322 855 360 illi
883 326 971 360 sunt
998 323 1171 373 professi,
1197 327 1384 373 praestare
1410 322 1521 360 etiam
1537 334 1622 361 cum

86 388 214 427 fructu
241 388 430 426 Ecclesiae
458 389 616 438 possint,
641 387 778 425 invitat
805 387 1050 425 Ecclesiastes
1078 386 1381 438 adprecandum
1408 391 1526 425 totam
1548 387 1621 424 Ec-

87 453 251 499 clesiam,
276 453 428 504 ipseque
454 452 690 490 auscultante
716 456 797 490 tota
824 451 994 490 Ecclesia
1021 457 1195 503 precatur
1222 451 1268 489 ad
1298 451 1399 490 hunc
1420 451 1594 490 modum:

227 582 457 621 Precatio
495 581 630 620 circa
668 581 994 620 Diaconorum
1031 579 1484 631 inaugurationem.

140 711 333 750 nDomine
369 711 456 750 Iesu
491 712 659 750 Christe!
697 711 760 763 qui
798 711 908 749 nobis
935 715 972 749 te
998 710 1119 762 ipsum
1146 710 1187 748 in
1216 710 1355 749 nostris
1382 711 1621 762 pauperibus,

87 781 310 828 nostrosque
336 791 516 829 pauperes
544 777 584 816 in
611 782 649 815 te
674 777 756 828 ipso
786 776 1027 826 singulariter
1055 775 1324 814 commendasti
1348 777 1390 825 ¹),
1408 790 1481 827 quo
1501 777 1621 826 magis

83 843 130 881 ad
158 843 244 880 illos
270 840 421 893 propter
457 847 494 881 tc
530 843 780 881 sublevandos
817 842 1185 891 excitare-(52)mur‚
1221 842 1360 893 quique
1396 843 1621 893 peculiarem

82 908 234 945 illorum
264 920 391 945 curam
419 907 457 945 in
486 911 550 945 tua
569 906 750 952 Ecclesia,
769 905 952 944 ordinatis
972 919 1037 956 per
1055 906 1259 957 Apostolos
1278 910 1362 944 tuos
1381 905 1561 944 Diaconis
1578 905 1625 956 ²),

87 971 217 1009 haberi
244 971 399 1009 omnino
427 971 660 1016 voluisti,—
678 976 713 1008 te
741 970 926 1022 supplices
954 983 1117 1015 oramus,
1146 970 1253 1009 unice
1282 974 1448 1009 servator
1468 971 1622 1010 aclibe-

83 1041 186 1075 rator
227 1038 373 1075 noster!
407 1040 448 1074 ut
483 1050 502 1074 e
538 1036 676 1074 nostris
704 1037 871 1074 omnium
907 1036 1084 1074 cordibus
1111 1036 1257 1075 radices
1286 1050 1415 1075 omnes
1443 1039 1623 1077 avaritiae

85 1103 285 1139 clementer
319 1101 476 1139 evellere
513 1114 693 1152 veraeque
727 1101 965 1139 liberalitatis
1002 1105 1038 1139 et
1072 1101 1266 1140 charitatis
1304 1102 1528 1141 christianae
1563 1104 1622 1141 af-

81 1168 222 1205 fectum
257 1166 393 1204 animis
429 1166 568 1204 nostris
604 1167 760 1216 infigere
799 1166 977 1216 digneris.
1033 1166 1135 1204 Viris
1162 1172 1286 1205 autem
1312 1167 1408 1213 istis,
1436 1181 1531 1219 quos
1556 1181 1623 1220 per

83 1236 255 1270 nostrum
285 1231 541 1269 Minister-ium
568 1231 607 1269 in
637 1231 707 1269 hoe
735 1231 871 1281 eligere
900 1231 1077 1281 dignatus
1104 1245 1156 1279 es,
1183 1235 1223 1270 ut
1250 1232 1379 1283 populi
1407 1233 1462 1270 tui
1491 1233 1529 1271 in
1551 1233 1622 1271 hac

81 1301 208 1334 nostra
237 1296 406 1334 Ecclesia
433 1296 699 1334 liberalitatem
726 1300 763 1334 et
793 1296 976 1346 colligant
1012 1296 1212 1345 diligenter
1239 1302 1276 1334 et
1305 1297 1501 1335 collectam
1528 1298 1622 1336 fide-

83 1361 167 1399 liter
205 1361 431 1412 dispensent,
475 1360 613 1410 largire
648 1374 873 1412 quaesumus
911 1361 1091 1412 Spiritum
1130 1366 1299 1400 sanctum
1337 1368 1457 1409 tuum,
1492 1377 1621 1415 quem-

82 1426 284 1464 admodum
321 1426 552 1477 Stephanum
587 1430 902 1477 protomartyrem
936 1431 1040 1465 tuum
1078 1427 1144 1464 illo
1173 1427 1263 1466 olim
1302 1427 1342 1465 in
1381 1428 1510 1467 eodem
1538 1429 1621 1480 ipso

88 1491 300 1529 Ministerio
327 1491 516 1542 replevisti
535 1491 580 1540 ³),
605 1496 648 1529 ut
674 1492 901 1542 pauperibus
930 1492 1004 1530 tuis
1032 1492 1129 1530 inter
1158 1506 1227 1530 nos
1254 1493 1292 1530 in
1322 1507 1406 1531 vera
1428 1494 1623 1539 charitate,

82 1557 141 1608 pie
176 1561 212 1594 ct
247 1556 418 1601 fideliter,
445 1569 528 1594 cum
557 1557 681 1594 fructu
710 1557 900 1595 Ecclesiae
929 1570 1072 1608 semper
1101 1558 1265 1596 serviant
1284 1596 1285 1600 ,
1303 1558 1383 1596 sine
1420 1559 1497 1596 ullo
1532 1573 1620 1608 erga

80 1634 291 1672 quenquam
327 1621 466 1658 amoris
502 1620 624 1659 odiive
651 1627 833 1672 respectu,
861 1621 926 1660 sed
953 1622 1033 1659 solo
1070 1626 1157 1659 tuae
1190 1622 1385 1674 Patrisque
1411 1623 1467 1660 tui
1496 1624 1617 1662 coele-

81 1688 149 1725 stis
184 1686 326 1736 gloriae
363 1687 403 1724 in
440 1686 608 1724 Ecclesia
647 1687 716 1724 hac
743 1687 1020 1737 promovendae
1049 1687 1186 1732 studio,
1214 1701 1321 1739 quem
1351 1701 1415 1739 per
1443 1692 1616 1727 sanctum

78 1763 216 1788 nomen
254 1754 370 1796 tuum,
409 1754 450 1787 ut
485 1750 554 1787 abs
582 1755 617 1788 te
645 1750 769 1789 edocti
798 1764 939 1798 sumus,
965 1751 1151 1802 supplices
1179 1751 1398 1790 invocamus
1428 1752 1615 1791 dicentes:

77 1817 165 1865 (53)
193 1815 302 1853 Pater
330 1819 458 1854 noster
486 1815 584 1854 etc.”

132 1946 316 1984 Absoluta
344 1946 557 1997 precatione
584 1945 767 1983 accedunt
794 1945 841 1983 ad
878 1946 1014 1984 electos
1055 1946 1244 1986 Diaconos
1282 1947 1449 1987 Ministri
1477 1961 1521 1986 ac
1549 1949 1616 1987 Se-

79 2011 203 2049 niores
250 2011 441 2049 Ecclesiae
485 2024 615 2049 omnes
658 2015 694 2049 et
730 2024 805 2049 una
843 2024 972 2050 omnes
1008 2012 1214 2050 electorum
1259 2013 1445 2064 capitibus
1482 2027 1615 2052 manus

78 2076 292 2127 imponunt.
348 2076 500 2114 Quibus
537 2077 648 2114 etiam
686 2076 864 2114 assistens
891 2077 1138 2115 Ecclesiastes
1165 2078 1244 2129 ipse
1271 2092 1314 2116 ac
1341 2092 1475 2117 manus
1503 2079 1615 2117 simul

82 2155 163 2180 cum
192 2142 268 2179 illis
296 2142 506 2192 imponens.
536 2141 634 2178 clara
664 2154 753 2180 voce
780 2143 1015 2180 auscultante
1042 2143 1210 2181 Ecclesia
1240 2144 1351 2183 dicit:

133 2288 151 2306 a
166 2271 351 2309 Dominus
390 2270 491 2308 Deus
528 2276 564 2309 et
599 2271 708 2309 Pater
736 2275 863 2309 noster
891 2272 1072 2318 coelestis,
1101 2273 1165 2324 qui
1194 2287 1259 2312 vos
1285 2275 1332 2313 ad
1362 2275 1614 2315 Ministerium

78 2336 150 2374 1100
188 2335 419 2374 Diaconatus
455 2336 495 2373 in
525 2349 589 2373 sua
618 2336 686 2373 bac
722 2336 891 2374 Ecclesia
926 2338 1082 2383 vocavit,
1110 2338 1209 2376 idem
1238 2352 1303 2377 vos
1330 2340 1369 2377 in
1398 2345 1519 2379 vestra
1547 2342 1616 2380 hac

78 2402 272 2439 vocatione
310 2401 477 2439 bonitate
515 2401 697 2451 sapientia
732 2413 775 2437 ac
802 2402 969 2452 potentia
997 2415 1062 2439 sua
1092 2402 1228 2441 Divina
1255 2404 1455 2443 clementer
1476 2406 1616 2455 guber-

78 2470 153 2513 net,
189 2471 231 2505 ut
267 2466 305 2504 in
334 2467 400 2504 illa
429 2467 540 2516 digne
569 2466 767 2503 versemini
794 2466 840 2503 ad
870 2467 986 2518 ipsius
1014 2468 1180 2517 [gloriam
1217 2474 1252 2507 et
1288 2470 1478 2508 EcclesIac
1507 2472 1616 2510 huius

81 2544 167 2569 suae
206 2531 505 2569 aedificationem
533 2535 684 2582 proptr-1·
712 2531 835 2569 Iesum
867 2532 1056 2570 Christum
1087 2533 1321 2582 unigenitum
1349 2548 1456 2574 suum
1484 2537 1617 2584 filium,

80 2595 287 2633 Dominum
316 2601 500 2634 nostrum.
531 2596 692 2634 Amen.''

130 2726 218 2764 Post
245 2725 455 2764 absolutam
487 2739 659 2764 manuum
691 2725 966 2777 impositionem
1000 2728 1245 2767 Ecclesiastes
1274 2731 1381 2769 vertit
1410 2732 1454 2769 ad
1486 2733 1615 2771 Eccle-

122 2854 146 2887 ¹1
170 2855 286 2888 Mattb.
310 2856 360 2895 25,
384 2855 434 2887 26.
478 2856 549 2888 Act.
572 2857 602 2887 4,.
730 2855 759 2895 2)
782 2856 851 2889 Act.
876 2857 905 2888 6.
1033 2857 1060 2896 ³)
1084 2858 1153 2889 Act.
1177 2858 1206 2897 6,
1230 2858 1257 2893 7.
