1830 3147
223 128 283 176 [A.
310 127 355 162 D.
380 125 492 173 1554]
949 121 1018 161 706

223 235 278 272 cio
304 234 346 270 ad
371 236 509 269 vestrae
533 231 710 268 Ecclesiae
735 231 997 267 restitutionem
1023 229 1223 278 postulatis,
1249 229 1435 266 consilium
1461 229 1565 266 etiam
1590 231 1746 266 vestrum

222 295 265 332 de
291 294 508 331 instituenda
534 292 615 329 istic
640 294 758 328 vestra
783 291 940 327 Ecclesia
965 291 1121 326 mutetis.
1146 290 1213 326 Sed
1239 291 1363 339 hospes
1388 290 1508 338 potius
1534 289 1613 326 istic
1630 290 1749 326 Eccle-

222 357 274 393 sia
307 356 418 392 videri
450 355 575 392 merito
600 354 733 402 poterit
759 353 975 390 occasionem
1000 351 1136 388 dedisse
1161 354 1298 388 vestrae
1323 351 1545 399 separationi,
1571 363 1660 398 quae
1686 363 1749 387 vos

221 419 258 455 in
284 421 401 455 vestra
425 417 610 466 petitione,
635 429 739 463 quam
765 415 898 462 alioqui
924 417 960 450 et
985 414 1076 462 piam
1102 415 1139 450 et
1164 413 1269 450 verbo
1296 414 1362 450 Dei
1390 416 1657 450 consentaneam
1676 425 1749 449 esse

221 493 349 528 negare
382 492 453 516 non
486 481 617 527 potest,
649 491 721 514 non
747 477 860 513 solum
886 489 957 513 non
982 476 1113 519 audiat,
1140 475 1198 511 sed
1224 476 1296 512 suis
1321 476 1427 512 etiam
1453 474 1674 522 praeiudiciis
1700 474 1751 510 ita

220 544 397 589 praeterea
433 542 568 587 gravet,
611 542 654 575 ut
687 551 750 575 vos
787 551 850 585 pro
885 537 1052 573 fratribus
1086 536 1178 572 nolit
1210 549 1396 583 agnoscere
1430 536 1586 582 adeoque
1617 537 1653 571 et
1685 547 1749 582 pro

220 602 404 638 haereticis
437 601 572 644 habeat,
597 599 664 636 nisi
690 612 769 636 cum
797 599 855 634 illa
881 603 917 635 et
941 598 978 634 in
1020 598 1180 634 doctrina
1218 601 1253 634 et
1278 598 1314 633 in
1338 597 1465 633 ritibus
1491 600 1526 633 et
1551 597 1588 632 in
1612 596 1750 644 praeiu-

219 664 319 700 diciis
353 663 464 711 ipsius
496 662 592 710 paria
625 661 737 697 modis
770 660 931 697 omnibus
966 659 1077 696 facere
1109 662 1172 695 aut
1205 659 1241 696 id
1274 659 1397 696 saltem
1430 660 1593 696 simulare
1618 659 1749 696 velitis.

217 726 357 761 Horum
390 737 455 760 nos
487 723 609 771 paucis
642 721 877 758 admonendos
910 733 973 757 vos
1007 733 1081 757 esse
1105 721 1320 768 putavimus,
1343 721 1486 757 Fratres
1512 719 1749 757 dilectissimi!

218 786 261 822 de
287 785 415 833 quibus
441 784 573 832 alioqui
598 796 799 820 communes
826 781 906 818 illos
933 782 1058 817 fratres
1091 783 1244 825 nostros,
1278 782 1339 828 qui
1364 781 1407 817 ad
1433 794 1495 818 vos
1521 782 1746 829 scripserunt,

218 861 279 896 per
304 861 368 884 vos
393 847 590 883 admonitos
616 858 688 882 non
714 857 788 881 esse
813 844 1035 880 arbitramur.
1085 843 1230 890 Alioqui
1269 843 1348 890 quis
1373 856 1444 879 non
1470 843 1615 879 suadeat
1646 842 1746 878 vobis

218 913 261 946 ut
286 909 446 958 privatis,
472 908 683 945 manendum
707 907 787 943 istic
813 906 933 954 potius
961 918 1045 948 esse,
1072 918 1176 952 quam
1204 917 1310 951 vagos
1325 905 1393 941 huc
1408 907 1516 951 atque
1534 903 1616 940 illuc
1634 915 1697 939 vos
1715 905 1745 950 8)

216 972 398 1015 cursitare,
430 972 458 1006 si
491 973 609 1007 vestra
640 969 800 1005 doctrina
833 980 903 1004 non
935 967 1120 1002 damnetur
1154 969 1190 1002 et
1223 966 1357 1014 priores
1390 965 1480 1002 ritus
1514 965 1623 1001 vestri
1664 977 1744 1000 con-

216 1033 480 1080 sentientesque
514 1031 696 1067 vobiscum
722 1029 897 1065 Ecclesiae
925 1027 1100 1063 fanatismi
1127 1040 1197 1064 non
1224 1029 1483 1070 accusarentur,
1519 1029 1555 1063 et
1594 1028 1638 1061 ut
1670 1037 1749 1069 vos,

216 1094 245 1129 si
269 1094 371 1129 aliter
397 1093 471 1129 fieri
496 1104 567 1128 non
592 1093 723 1139 posset,
749 1090 879 1138 hospiti
905 1088 1143 1136 adiungeretis
1169 1088 1356 1132 Ecclesiae,
1383 1089 1412 1124 si
1437 1087 1540 1124 modo
1565 1087 1664 1123 vobis
1682 1098 1746 1122 sua

217 1153 291 1188 sine
322 1151 545 1199 praeiudiciis
576 1151 787 1197 proponeret
821 1160 955 1195 vosque
986 1148 1021 1183 in
1048 1147 1227 1184 doctrinae
1259 1151 1395 1183 vestrae
1429 1146 1646 1183 confessione
1682 1157 1745 1192 pro

217 1211 384 1247 fratribus
416 1222 605 1257 agnoscere
638 1209 757 1252 vellet,
792 1208 900 1244 donec
934 1207 1109 1243 Dominus
1143 1206 1287 1242 meliora
1312 1206 1422 1242 daret.
1471 1204 1743 1252 Agnoscendum

216 1271 271 1306 est
302 1268 534 1316 proculdubio
571 1267 638 1302 Dei
670 1265 885 1309 beneficium,
922 1265 952 1300 si
985 1265 1126 1311 quando
1168 1264 1267 1300 nobis
1301 1263 1453 1312 hospitia
1484 1265 1660 1311 procuret,
1685 1262 1745 1299 sed

216 1328 357 1364 interim
391 1331 445 1363 est
478 1326 671 1363 cavendum
703 1325 821 1368 etiam,
854 1337 897 1360 ne
932 1325 1102 1360 Sathanae
1135 1324 1271 1359 artibus
1298 1323 1364 1359 Dei
1389 1323 1553 1359 beneficia
1578 1322 1742 1359 obtenda-

217 1403 305 1426 mus.
355 1389 594 1425 Transformat
627 1399 664 1423 se
698 1385 844 1422 subinde
875 1385 1074 1422 insidiatrix
1108 1385 1167 1420 illa
1201 1385 1319 1432 vipera
1343 1385 1380 1420 in
1405 1384 1494 1421 lucis
1519 1384 1682 1431 angelum
1707 1386 1746 1420 et

216 1450 330 1486 veluti
367 1462 467 1485 verae
500 1447 679 1495 religionis
713 1448 831 1482 fautor
862 1446 1031 1493 quaedam
1065 1446 1225 1492 largitur,
1252 1458 1342 1493 quae
1367 1458 1526 1491 magnam
1552 1445 1744 1481 multarum

216 1511 304 1547 bene
338 1510 568 1558 gerendarum
601 1521 718 1544 rerum
751 1521 844 1555 spem
872 1508 982 1543 facere
1009 1507 1188 1550 videntur,
1215 1520 1286 1554 quo
1312 1519 1375 1542 nos
1406 1506 1560 1543 inescare
1593 1506 1743 1554 primum

217 1572 378 1607 fucorum
411 1582 555 1606 suorum
580 1568 753 1605 lenocinio
789 1567 853 1603 sub
888 1580 959 1614 spe,
985 1567 1110 1603 deinde
1136 1579 1218 1602 vero
1246 1566 1404 1602 incautos
1429 1566 1472 1602 ad
1498 1566 1742 1614 praecipitium

215 1633 414 1680 pertrahere
446 1631 583 1668 facilius
607 1631 729 1677 possit.
779 1630 847 1664 Hic
874 1629 984 1675 igitur
1009 1641 1073 1664 nos
1098 1628 1133 1663 id
1160 1628 1380 1676 potissimum
1407 1628 1508 1664 nobis
1533 1640 1665 1675 semper
1691 1640 1742 1663 se-

217 1694 394 1742 quendum
420 1706 494 1729 esse
519 1696 694 1740 putamus,
721 1692 816 1738 quod
842 1690 951 1726 debiti
976 1690 1133 1737 inprimis
1160 1690 1334 1736 officiique
1360 1689 1473 1726 nostri
1513 1701 1595 1735 erga
1627 1689 1742 1725 Deum

218 1757 364 1803 eiusque
398 1755 588 1791 Ecclesiam
622 1766 665 1789 ex
699 1752 805 1789 verbo
839 1752 950 1800 ipsius
977 1765 1052 1789 esse
1077 1753 1217 1788 scimus.
1267 1753 1472 1788 Successum
1497 1764 1581 1788 vero
1606 1764 1742 1788 omnem

217 1828 334 1852 rerum
361 1815 516 1851 omnium
543 1814 696 1850 Domino
723 1814 798 1850 Deo
824 1815 960 1855 nostro,
986 1813 1146 1849 bonitate
1169 1826 1209 1849 ac
1234 1813 1394 1861 potentia
1418 1812 1514 1848 illius
1540 1815 1636 1849 certo
1661 1826 1742 1849 con-

218 1878 283 1922 fisi,
319 1877 565 1925 permittimus,
608 1875 707 1919 certi,
741 1875 840 1910 illum
874 1886 947 1911 esse
981 1877 1016 1910 et
1042 1874 1188 1918 fidelem,
1214 1878 1256 1910 ut
1282 1887 1345 1910 nos
1369 1875 1471 1910 iuxta
1494 1874 1742 1922 promissiones

216 1952 297 1976 suas
330 1952 401 1975 non
434 1939 581 1981 deserat,
616 1939 651 1973 et
677 1936 896 1985 prudentem,
931 1940 972 1972 ut
1008 1935 1124 1972 omnia
1155 1936 1197 1972 ad
1222 1936 1389 1972 adorandi
1414 1936 1468 1971 sui
1492 1936 1643 1972 nominis
1667 1935 1740 1983 glo-

216 2001 302 2036 riam
329 2006 364 2036 et
389 2003 544 2036 nostram
570 1998 720 2034 salutem
746 1998 895 2045 dirigere
920 2010 959 2033 ac
984 1997 1155 2033 moderari
1181 1997 1279 2041 sciat,
1305 1997 1456 2044 denique
1481 1999 1517 2033 et
1550 1999 1742 2044 potentem,

216 2063 279 2109 qui
305 2061 404 2097 nobis
430 2061 570 2097 ademto
595 2073 666 2096 uno
692 2060 769 2096 loco
801 2059 906 2095 alium
934 2070 1058 2094 rursus
1083 2059 1228 2095 reddere
1253 2071 1387 2105 nosque
1412 2059 1454 2094 ab
1480 2059 1640 2094 omnibus
1670 2071 1741 2094 om-

216 2123 313 2159 nium
346 2123 479 2169 ubique
512 2121 691 2157 hominurn
716 2120 998 2168 impetitionibus
1037 2132 1099 2167 pro
1125 2119 1215 2156 bona
1240 2132 1302 2155 sua
1326 2120 1363 2155 in
1387 2132 1451 2155 nos
1476 2123 1619 2167 propter
1644 2119 1742 2155 Chri-

215 2186 310 2219 stum
343 2183 535 2219 Dominum
561 2182 748 2218 voluntate
773 2181 919 2217 liberare
945 2180 1045 2216 facile
1070 2180 1192 2228 possit.
1242 2180 1378 2227 Estque
1412 2180 1493 2216 haec
1526 2180 1593 2215 iam
1619 2181 1741 2216 nostra

215 2245 402 2288 sententia,
435 2256 540 2290 quam
571 2242 671 2279 vobis
705 2241 748 2277 ad
781 2247 935 2277 vestram
968 2241 1244 2288 postulationem
1270 2241 1448 2277 voluimus
1474 2240 1741 2277 communicare.

217 2305 313 2341 Deus
347 2305 500 2352 optimus
536 2297 707 2339 maximus
745 2305 860 2339 vestra
894 2302 1040 2338 consilia
1066 2305 1273 2348 vestrosque
1299 2304 1445 2337 conatus
1471 2314 1590 2337 omnes
1615 2300 1758 2347 guber-⁷

214 2369 286 2410 net,
329 2371 364 2402 et
397 2365 502 2401 addat
534 2364 634 2401 vobis
660 2377 757 2400 suam
783 2363 943 2410 gratiam,
968 2365 1011 2398 ut
1035 2363 1182 2399 maiores
1208 2375 1410 2410 progressus
1436 2362 1472 2397 in
1499 2361 1572 2398 dies
1597 2361 1633 2397 in
1659 2361 1737 2396 illu-

212 2427 355 2462 stranda
379 2424 672 2474 propagandaque
698 2436 780 2460 vera
804 2423 973 2470 religione
999 2425 1035 2459 et
1060 2435 1143 2458 vero
1169 2422 1280 2469 ipsius
1305 2421 1407 2457 cultu
1440 2422 1551 2457 facere
1584 2419 1738 2468 possitis.

213 2488 363 2524 Interim
397 2500 480 2523 vero
515 2499 577 2523 vos
612 2497 751 2522 oramus
784 2485 900 2528 etiam,
926 2488 968 2520 ut
993 2484 1106 2519 nostri
1140 2483 1455 2530 dissipatarumque
1480 2482 1535 2518 hic
1560 2481 1737 2517 nobiscum

212 2550 447 2587 Ecclesiarum
485 2549 521 2584 in
547 2547 674 2584 vestris
700 2546 830 2582 sanctis
855 2545 1015 2592 precibus
1041 2544 1237 2580 meminisse
1262 2543 1391 2579 velitis.
1434 2543 1612 2578 Mittimus
1639 2540 1738 2576 vobis

213 2612 422 2658 exemplaria
446 2610 586 2656 aliquot
610 2611 754 2644 nostrae
779 2605 1019 2642 Confessionis
1044 2604 1087 2640 de
1113 2617 1149 2640 re
1174 2603 1458 2646 Sacramentaria,
1479 2613 1570 2637 011110
1587 2600 1738 2647 primum

212 2672 266 2708 hic
294 2672 409 2708 editae
434 2671 477 2706 ad
509 2668 745 2717 reprimendas
771 2667 987 2703 aemulorum
1014 2665 1236 2712 quorundam
1260 2667 1462 2700 nostrorum
1488 2662 1677 2699 calumnias
1696 2663 1738 2708 ⁹),

210 2744 315 2780 quam
346 2732 446 2768 vobis
479 2744 622 2778 quoque
659 2730 741 2765 usui
774 2729 856 2764 istic
891 2727 963 2763 fore
995 2729 1172 2774 putamus,
1208 2722 1342 2772 vosque
1368 2726 1403 2760 in
1429 2723 1582 2760 Domino
1619 2735 1739 2760 omnes

208 2797 304 2830 recte
337 2793 453 2829 valere
489 2796 664 2840 optamus.
709 2790 863 2826 Aemdae
889 2790 908 2823 6
936 2788 1035 2831 Iulii,
1062 2800 1133 2835 quo
1160 2787 1215 2824 die
1240 2800 1331 2823 anno
1357 2785 1535 2833 superiore
1559 2785 1738 2821 Patronus

209 2858 318 2901 atque
349 2853 442 2889 altor
467 2856 608 2889 nostrae
633 2852 669 2888 in
695 2850 826 2898 Anglia
851 2849 1037 2891 Ecclesiae,
1060 2848 1257 2891 Eduardus,
1284 2859 1364 2882 vere
1390 2850 1530 2881 sanctae
1555 2845 1740 2881 memoriae

210 2915 287 2952 Rex
321 2914 468 2962 Angliae
502 2916 645 2962 propter
670 2914 787 2959 gentis
819 2923 901 2947 suae
927 2909 1217 2956 ingratitudinem
1243 2921 1261 2943 0
1288 2907 1378 2944 vivis
1403 2907 1553 2943 excessit
1577 2918 1739 2953 regnum-
