1830 3147
1546 122 1616 163 197

83 244 239 283 Domini
274 243 550 282 institutionem
585 242 633 279 ad
669 240 945 280 retundendum
973 241 1014 277 in
1040 241 1119 278 eius
1147 239 1316 278 Ecclesia
1343 241 1611 289 comtemptum

80 308 335 358 legitimarum
371 307 540 346 omnium
581 305 882 344 admonitionum
918 304 1142 350 ordinatam,
1185 317 1280 356 quae
1306 315 1376 342 nos
1403 302 1515 341 etiam
1543 315 1612 340 no-

83 377 182 412 strae
208 373 369 412 invicem
396 372 564 410 omnium
590 372 750 410 aliorum
776 384 844 423 pro
872 371 957 409 aliis
986 384 1096 409 curae
1123 383 1165 408 ac
1193 368 1461 408 sollicitudinis
1479 368 1612 407 admo-

83 443 180 486 neat,
208 439 271 490 qui
298 452 367 477 nos
396 438 506 476 unius
533 438 573 476 in
602 438 751 476 Christo
781 437 947 489 corporis
974 436 1143 475 membra
1170 436 1504 487 esse·profitemur'.
1533 434 1613 472 Do-

86 508 143 542 cet
184 504 273 542 item
310 503 383 541 duo
419 502 604 554 imprimis
639 515 718 540 esse
754 501 989 540 observanda
1023 501 1062 538 in
1099 501 1180 551 ipsa
1215 499 1614 539 excommunicatione.

84 569 210 607 Primo
246 568 490 607 resectionem
525 568 644 619 ipsam
680 567 839 606 membri
874 581 895 605 a
929 571 1010 605 toto
1046 566 1191 617 reliquo
1224 565 1414 604 Ecclesiae
1450 578 1616 617 corpore,

85 646 181 684 quae
207 632 426 684 praesertim
451 633 517 671 fiat
543 632 583 670 in
611 632 763 670 nomine
789 636 826 670 et
854 645 938 670 cum
966 631 1103 669 virtute
1129 635 1240 681 atque
1266 630 1434 681 potentia
1459 630 1616 668 Domini

86 696 206 736 nostri
231 697 320 735 Iesu
347 697 497 743 Christi,
523 696 836 747 quemadmodum
863 696 1001 736 Paulus
1029 695 1197 747 loquitur
1217 695 1261 743 ¹),
1278 716 1328 724 -
1348 694 1482 732 deinde
1499 695 1616 733 tradi-

84 761 227 800 tionem
252 762 386 800 resecti
413 762 572 800 membri
600 761 639 800 in
666 766 887 813 potestatem
917 762 1077 799 Satanae
1104 760 1144 799 in
1172 760 1367 798 interitum
1395 760 1531 811 carnist
1559 759 1616 797 U-

88 831 261 878 trumque
304 839 418 877 porro
461 826 502 864 id
538 826 719 865 horribile
754 827 865 878 plane
906 839 997 871 esse,
1033 839 1120 864 nam
1162 825 1376 863 istiusmodi
1413 825 1620 863 resectione

90 892 164 930 iam
189 891 282 936 fieri,
308 895 362 936 ut,
389 891 572 942 tantisper
599 891 688 929 dum
717 904 786 929 nos
813 904 963 929 rursum
1001 890 1191 929 Ecclesiae
1218 903 1295 928 non
1322 890 1623 935 reconciliamus,

91 957 216 996 nullae
242 957 398 996 omnino
425 957 523 995 vitae
550 970 592 995 ac
620 957 752 995 salutis
779 961 950 995 aeternae
975 956 1245 1008 promissiones
1272 957 1319 994 ad
1347 969 1417 994 nos
1445 968 1624 994 censean-

89 1028 151 1060 tur
178 1034 330 1073 quoquo
358 1022 469 1060 modo
496 1022 693 1073 pertinere.
732 1022 827 1060 Cum
854 1022 954 1060 enim
983 1022 1152 1060 Ecclesia
1179 1022 1228 1060 sit
1254 1022 1455 1072 mysticum
1484 1021 1624 1060 Christi

92 1098 240 1137 corpus,
265 1090 320 1132 ut,
346 1087 411 1137 qui
438 1087 486 1124 ab
512 1086 577 1124 illa
605 1086 738 1125 resecti
765 1091 867 1131 sunt,
893 1086 941 1124 ad
969 1086 1110 1124 Christi
1137 1099 1287 1138 quoque
1314 1087 1470 1125 Domini
1488 1100 1624 1138 corpus

93 1152 278 1202 pertinere
314 1164 391 1189 non
429 1151 588 1203 possint,
621 1156 657 1189 et
703 1157 810 1190 extra
851 1152 947 1190 illud
982 1153 1106 1204 ipsum
1134 1152 1277 1190 Christi
1305 1151 1459 1190 Domini
1488 1165 1624 1203 corpus

92 1216 196 1254 nulla
215 1216 264 1254 sit
284 1220 384 1254 certa
404 1215 536 1254 salutis
557 1229 639 1267 spes
656 1215 805 1254 Divinis
824 1217 1139 1268 promissionibus
1161 1217 1357 1269 proposita
1373 1238 1424 1246 —
1442 1223 1625 1269 quatenus

94 1294 183 1319 sane
209 1293 320 1319 nemo
347 1280 517 1319 ascendit
543 1281 584 1318 in
613 1282 905 1330 coe-(339)lum,
932 1281 1007 1320 nisi
1033 1282 1098 1333 qui
1121 1282 1315 1320 descendit
1336 1283 1380 1320 de
1400 1283 1503 1320 coelo
1521 1304 1572 1311 —-
1592 1285 1623 1330 2)

94 1345 333 1397 perspicuum
370 1350 438 1392 est,
463 1350 626 1383 resectos
653 1346 701 1383 ab
730 1346 898 1384 Ecclesia
925 1347 973 1384 ab
1002 1347 1107 1385 omni
1133 1347 1246 1385 simul
1273 1347 1386 1385 etiam
1414 1347 1545 1386 salutis
1566 1360 1629 1398 spe

94 1410 255 1455 excludi,
291 1415 474 1461 quatenus
511 1424 600 1448 sane
636 1424 655 1448 e
689 1411 856 1462 corporis
893 1411 1035 1450 Christi
1062 1425 1241 1463 compage
1269 1412 1482 1456 eiiciuntur,
1510 1413 1628 1450 donec

96 1488 160 1526 per
195 1475 405 1513 Ecclesiam
438 1488 566 1514 rursus
594 1476 695 1514 facta
721 1477 890 1526 legitima
917 1477 1224 1515 reconciliatione
1251 1477 1493 1528 recipiantur.
1547 1477 1631 1515 Etsi

93 1545 218 1580 autem
256 1540 427 1578 Christus
462 1540 650 1578 Dominus
686 1541 816 1579 eodem
850 1542 934 1579 loco
971 1555 991 1579 a
1028 1542 1140 1580 nobis
1177 1542 1308 1581 haberi
1343 1543 1433 1580 velit
1468 1547 1630 1580 resectos

99 1605 313 1645 istiusmodi
341 1605 645 1644 admonitionum
674 1606 1025 1646 Ecclesiasticarum
1055 1611 1341 1659 contemptores,
1370 1621 1446 1659 quo
1475 1608 1631 1646 Ethnici

97 1675 132 1708 et
168 1670 361 1720 publicani
396 1669 526 1708 haberi
560 1672 694 1716 solent,
730 1675 785 1709 est
821 1676 946 1709 tamen
974 1676 1080 1710 tanto
1109 1673 1262 1721 gravior
1286 1674 1630 1712 excommunicato-

98 1746 182 1772 rum
210 1734 391 1779 conditio,
418 1738 559 1785 quanto
586 1735 739 1784 gravius
766 1740 822 1773 est
849 1735 995 1774 auditas
1025 1739 1292 1789 contempsisse
1319 1752 1340 1776 a
1369 1738 1521 1776 Christo
1549 1739 1631 1790 ipso

97 1799 292 1838 institutas
328 1800 621 1846 admonitiones,
649 1814 760 1851 quam
790 1815 987 1852 nunquam
1015 1803 1163 1841 auditas
1191 1816 1270 1841 non
1298 1804 1529 1843 observasse.
1585 1805 1633 1843 Et

99 1865 189 1902 dum
234 1864 420 1903 Dominus
466 1869 594 1904 noster
638 1866 939 1904 admonitionum
982 1867 1152 1906 omnium
1191 1872 1468 1920 contemptores
1503 1870 1632 1908 codem

98 1930 208 1981 plane
236 1942 320 1967 cum
347 1929 521 1968 Ethnicis
548 1934 585 1968 et
610 1930 824 1981 publicanis
851 1931 935 1969 loco
965 1931 1159 1971 habendos
1186 1946 1266 1971 esse
1294 1934 1414 1981 docet,
1432 1947 1510 1972 non
1530 1935 1634 1985 equi·

104 1995 184 2033 dem
223 1994 294 2032 hoc
330 1995 421 2045 agit,
456 2000 497 2033 ut
525 1995 665 2034 crimen
692 1996 888 2048 utriusque
915 2010 982 2048 par
1009 1998 1137 2042 faciat,
1165 1999 1230 2037 sed
1257 2003 1299 2037 ut
1327 2001 1637 2039 consuetudinem

103 2060 312 2111 utriusque,
357 2060 444 2097 dum
483 2060 628 2097 nullum
667 2060 758 2098 dant
796 2061 984 2111 specimen
1020 2063 1313 2113 resipiscentiae,
1348 2064 1501 2114 perinde
1535 2064 1637 2102 vitan

107 2125 190 2163 darn
226 2125 266 2162 in
305 2125 473 2163 Ecclesia
501 2137 580 2162 esse
609 2124 755 2163 doceat.
812 2127 1059 2178 Contemptus
1086 2128 1205 2177 igitur
1232 2129 1536 2167 admonitionum
1563 2129 1637 2167 Ec-

103 2189 395 2227 clesiasticarum
421 2189 633 2238 graviorem
662 2189 782 2226 multo
810 2190 934 2228 reddit
963 2204 1114 2230 causam
1141 2205 1282 2238 eorum,
1310 2193 1375 2244 qni
1402 2193 1448 2230 ab
1467 2193 1637 2231 Ecclesia

103 2267 168 2306 per
194 2266 304 2291 usum
331 2253 552 2304 disciplinae
579 2259 807 2299 resecantur,
834 2255 940 2293 cuius
967 2256 1141 2306 equidem
1168 2258 1321 2295 nomine
1348 2258 1504 2296 Ethnici
1530 2272 1640 2297 accu-

106 2319 180 2357 sari
216 2332 294 2357 non
327 2322 499 2370 possunt,
532 2323 574 2356 ut
602 2319 859 2367 intelligamus
886 2325 1082 2371 peccatum
1110 2335 1254 2369 eorum,
1280 2323 1346 2374 qui
1373 2329 1462 2362 suut
1489 2337 1641 2363 excom·

103 2382 285 2420 munieati
320 2382 489 2432 legitimo
526 2385 636 2431 (340)
676 2382 865 2421 Ecclesiae
902 2385 1046 2431 ordine,
1083 2386 1256 2435 graviore
1292 2388 1444 2426 vinculo
1481 2389 1639 2437 ligatum

103 2459 182 2485 esse
210 2447 248 2485 in
276 2447 380 2484 coelo
407 2447 544 2498 pariter
572 2451 683 2497 atque
710 2447 750 2485 in
777 2453 887 2494 terra,
914 2461 1027 2500 quam
1053 2456 1248 2500 peccatum
1277 2451 1537 2491 Ethnicorum.
1568 2454 1641 2492 Sed

106 2510 196 2548 mali
231 2510 531 2560 magnitudinem
560 2511 812 2562 conduplicat,
841 2513 929 2550 dum
958 2514 1043 2564 quis
1071 2515 1118 2552 ab
1150 2515 1320 2553 Ecclesia
1349 2517 1578 2556 rescinditur
1605 2518 1644 2556 in

107 2574 259 2612 nomine
287 2579 322 2612 et
352 2575 489 2612 virtute
516 2588 560 2612 ac
587 2580 771 2626 potestate
798 2575 955 2615 Domini
984 2579 1105 2616 nostri
1132 2579 1219 2617 Iesu
1248 2581 1404 2620 Christi.
1453 2582 1645 2621 Quemad·
1678 2608 1682 2612 -

104 2639 258 2677 modum
286 2639 386 2677 enim
413 2640 617 2691 plurimum
648 2641 812 2687 interest,
840 2642 1004 2681 humana
1033 2657 1079 2681 ne
1107 2657 1154 2681 an
1183 2658 1270 2683 vero
1297 2645 1438 2685 Divina
1459 2648 1496 2685 vi
1515 2660 1559 2685 ac
1577 2660 1644 2699 po-

104 2704 222 2742 tentia
250 2717 268 2742 e
300 2704 448 2742 Diaboli
477 2705 679 2755 tyrannide
705 2706 921 2753 liberemur,
946 2708 999 2747 ita
1027 2709 1230 2760 plurimum
1256 2711 1411 2749 interest
1433 2712 1646 2759 etiam,!hu-

103 2782 214 2806 mana
242 2783 289 2807 ne
315 2770 516 2808 autoritate
544 2784 592 2808 an
622 2784 707 2809 vero
733 2772 773 2810 in
801 2774 954 2811 nomine
982 2774 1118 2812 virtute
1144 2788 1188 2813 ac
1203 2781 1387 2827 potestate
1405 2778 1545 2816 Christi
1564 2777 1643 2816 Do·

150 2896 174 2933 Ι)
200 2895 216 2925 l
240 2896 313 2928 Cor.
338 2897 367 2928 5.
828 2899 856 2940 ³)
881 2899 971 2934 Ioau.
994 2901 1023 2933 3.
