1830 3147
159 139 224 187 [A.
251 139 296 177 D.
317 139 430 185 1546]
894 138 963 173 606

158 247 286 284 additis
319 247 522 295 perspicillis
547 246 643 292 coepi
668 245 794 292 legere.
834 245 942 281 Initio
968 244 1087 280 literae
1112 245 1206 291 ipsae
1231 244 1437 280 videbantur
1462 244 1542 280 milii
1569 244 1602 280 in
1629 244 1694 279 sor-

160 308 267 345 micas
303 307 514 344 errabundas
547 307 646 349 verti,
685 306 746 342 sed
783 309 858 342 tum
895 308 1018 354 postea
1048 305 1244 354 expeditius
1277 305 1444 353 legebam.
1493 303 1626 341 Deinde
1658 307 1695 341 et

162 369 354 405 scribebam
379 380 517 417 quoque
543 381 603 416 per
627 367 877 415 perspicillum,
902 366 963 403 sed
989 367 1138 414 paucula
1163 370 1199 402 et
1216 365 1455 414 inaequalibus
1471 365 1591 402 literis.
1620 366 1695 401 Iam

161 443 243 467 vero
271 431 347 477 [eo]
376 435 431 467 est
454 436 598 467 ventum
624 429 793 466 beneficio
818 429 896 470 Dei.
921 431 962 465 ut
986 432 1022 464 et
1046 429 1118 464 sine
1145 428 1345 475 perspicillis
1361 428 1475 474 legere
1491 440 1530 464 ac
1548 427 1695 464 scribere

164 503 298 527 rursum
333 492 516 539 coeperim.
564 491 633 527 Sed
665 502 708 526 ex
740 489 932 526 intervallis
967 493 1003 525 et
1038 488 1151 535 legere
1184 491 1220 524 et
1245 487 1395 524 scribere
1419 488 1532 524 adhuc
1555 487 1696 524 omnino

162 562 278 598 cogor.
316 546 555 590 Ἐπισκοπῆν
592 549 785 597 depositam
811 548 965 599 nondum
993 547 1138 583 resumsi
1163 559 1273 594 neque
1295 559 1476 590 resumam,
1506 547 1572 583 nisi
1593 546 1694 583 aliam

133 607 135 609 ’
164 622 275 646 rerum
311 609 434 646 faciem
469 610 615 646 videam.
666 610 721 645 De
755 610 904 656 pastoris
928 620 1069 644 munere
1094 607 1167 644 heri
1191 608 1264 644 dixi
1288 607 1453 654 Principi,
1479 607 1507 644 si
1532 619 1585 643 me
1611 607 1697 643 velit

158 684 233 707 esse
268 675 454 718 pastorem,
490 675 530 706 ut
563 671 643 707 milii
678 671 858 718 permittat
892 669 1012 716 templi
1052 669 1160 705 nostri
1187 668 1322 716 plenam
1349 673 1385 705 et
1408 680 1543 704 omnem
1569 668 1692 715 guber-

165 731 350 773 nationem,
374 752 419 759 —
445 735 519 771 aut,
542 732 569 767 si
595 731 682 767 hanc
708 730 808 772 nolit,
835 733 897 766 aut
922 742 990 765 non
1018 730 1128 777 possit
1153 729 1363 776 permittere,
1388 741 1440 764 me
1464 729 1566 764 etiam
1594 729 1627 764 in
1654 740 1695 764 eo

162 791 304 839 templo,
341 792 374 827 in
410 803 479 838 quo
504 792 585 827 mihi
609 791 816 839 gubernatio
841 804 910 826 non
938 791 1208 838 permitteretur,
1235 802 1302 826 non
1329 802 1404 826 esse
1431 802 1571 826 usurum
1598 790 1694 827 dein·

159 864 240 899 ceps
268 864 342 887 meo
369 852 574 888 ministerio.
621 852 695 888 Iam
720 863 797 889 cras
824 856 887 888 aut
912 852 1075 898 perendie
1101 850 1181 886 mihi
1206 851 1412 897 respondere
1436 850 1553 892 debet,
1580 851 1696 898 quale-

158 926 235 949 nam
263 914 328 948 sim
356 925 558 960 responsum
586 912 780 954 habiturus,
805 912 941 949 nescio:
967 911 1027 947 sed
1053 912 1154 959 quale
1179 911 1281 959 quale
1307 911 1383 953 erit,
1407 924 1472 958 ego
1497 911 1600 948 nullis
1625 924 1696 948 am·

157 974 248 1021 plius
284 973 596 1020 pollicitationibus
630 974 756 1021 capiar.
829 973 866 1009 Si
904 976 1053 1020 utroque
1092 972 1179 1019 pede
1211 973 1309 1020 sequi
1344 973 1531 1008 Dominum
1566 973 1697 1015 volent,

157 1035 307 1071 libenter
341 1035 409 1071 illis
443 1035 590 1073 serviam
629 1048 692 1081 pro
729 1033 820 1071 virili
853 1046 941 1070 mea.
998 1034 1059 1070 Sin
1099 1033 1222 1075 minus,
1260 1033 1367 1069 alium
1400 1032 1465 1069 sibi
1498 1033 1692 1069 ministrum

160 1099 331 1142 quaerant
366 1098 515 1142 oportet,
550 1095 610 1143 qui
643 1095 712 1132 illis
738 1094 852 1142 pullos
879 1097 1072 1131 conservet.
1121 1094 1153 1130 A
1179 1106 1232 1129 me
1255 1106 1324 1129 non
1349 1096 1403 1129 est
1426 1093 1520 1141 quod
1547 1093 1609 1129 hoc
1635 1105 1694 1129 ex-

159 1159 314 1202 pectent.
364 1156 536 1192 Dominus
568 1157 669 1192 auxit
704 1168 839 1192 rursum
874 1155 1037 1191 familiam
1073 1158 1226 1191 nostram
1255 1154 1482 1202 pulcherrimo
1519 1155 1591 1191 filio
1615 1160 1696 1192 ante

158 1221 320 1253 octavum
346 1217 516 1253 decimum
549 1217 653 1254 diem.
704 1217 850 1253 Caetera
877 1217 961 1252 bene
987 1215 1115 1251 habent
1140 1216 1254 1251 etiam.
1303 1215 1339 1250 Si
1362 1216 1469 1250 frater
1493 1227 1587 1251 meus
1612 1215 1694 1252 mihi

158 1277 417 1324 significaverit,
453 1289 491 1312 se
525 1277 663 1313 circiter
697 1277 748 1313 Io.
784 1277 967 1324 Baptistae
1003 1275 1093 1311 velle
1127 1276 1245 1312 venire
1279 1275 1321 1311 ad
1358 1276 1490 1311 Ducem
1516 1276 1691 1319 Prussiae,

160 1341 232 1373 tum
259 1349 300 1373 eo
325 1337 534 1385 proficiscar,
568 1338 597 1373 si
622 1337 795 1374 Dominus
822 1337 928 1373 volet.
978 1337 1134 1383 Expecto
1158 1339 1275 1372 autem
1302 1348 1505 1383 responsum
1531 1337 1573 1372 ad
1598 1337 1695 1372 Pen-

159 1401 329 1434 tecosten.
380 1400 418 1435 Si
443 1411 512 1435 non
538 1399 603 1435 erit
629 1398 917 1446 proficiscendum
942 1398 977 1434 in
1003 1398 1192 1438 Prussiam,
1217 1400 1291 1433 tum
1318 1409 1378 1433 vos
1404 1398 1493 1433 sorte
1518 1398 1582 1434 sub
1607 1411 1695 1434 nun-

158 1458 257 1495 dinas
290 1458 622 1496 Fraucofordienses
655 1459 775 1496 visam.
813 1459 922 1494 Plura
948 1470 1042 1495 nunc
1068 1471 1137 1494 non
1166 1458 1286 1494 habeo.
1334 1457 1435 1494 Vale.
1483 1460 1621 1495 Salutat
1645 1463 1693 1502 te,

160 1525 195 1555 et
221 1532 294 1556 mea
320 1523 357 1556 et
382 1520 539 1556 Haltelia
557 1519 598 1563 3).
641 1521 695 1556 Tu
721 1521 825 1557 etiam
852 1520 967 1557 verbis
991 1521 1076 1556 meis
1101 1531 1219 1556 omnes
1243 1519 1323 1556 istic
1349 1523 1487 1556 nostros
1512 1519 1693 1558 salutabis,

160 1580 290 1617 Emdae
316 1581 362 1616 16
386 1581 474 1618 Maii
500 1583 605 1618 Anno
630 1581 735 1618 1546.

205 1694 232 1733 ¹)
255 1693 345 1735 Tydo
375 1693 393 1725 a
425 1692 654 1735 Knyphausen,
683 1691 873 1724 Comitissae
901 1690 1116 1723 consiliarius.
1159 1690 1186 1731 2)
1221 1690 1376 1724 Drusilla.
1420 1692 1447 1731 3)
1481 1691 1528 1724 De
1553 1690 1694 1724 Haltclia

160 1749 202 1783 cf.
225 1749 285 1791 Ep.
309 1749 360 1783 29.

161 1942 224 1981 ΝΟ.
251 1945 309 1980 38.
1358 1944 1462 1992 [Gerd.
1482 1947 1595 1984 s.a.1lb.
1616 1945 1692 1992 fua]

776 2065 833 2102 Ad
859 2064 1084 2109 Lamnum.

209 2187 261 2224 Mi
286 2185 435 2224 Domine
462 2188 679 2224 Hermanno!
720 2187 763 2223 ln
788 2188 959 2224 mandatis
988 2181 1162 2236 Principis
1188 2201 1257 2226 rem
1284 2189 1405 2236 ipsam.
1429 2192 1472 2225 ut
1496 2201 1532 2226 sc
1557 2188 1692 2232 habuit,

161 2248 365 2296 simpliciter
397 2249 635 2296 exponendam
669 2261 745 2285 esse
776 2253 875 2297 put0‚
913 2263 967 2286 me
1000 2251 1164 2287 videlicet
1198 2251 1357 2288 noluisse
1378 2251 1526 2299 amplius
1550 2247 1691 2287 munere

161 2309 481 2356 superintendentis
514 2309 668 2356 defungi,
702 2312 883 2357 propterca
918 2311 1009 2358 quod
1044 2311 1133 2347 inter
1166 2313 1333 2358 pastores,
1369 2323 1479 2358 neque
1515 2311 1693 2347 doctrinae

161 2381 376 2413 consensum,
401 2382 514 2418 nequo
540 2370 644 2406 ullam
670 2370 750 2406 item
776 2370 991 2417 disciplinam
1018 2371 1193 2407 observari
1216 2371 1377 2413 viderem,
1402 2375 1438 2408 et
1461 2372 1692 2418 Magistratus

162 2430 197 2466 in
229 2430 291 2466 hac
326 2432 424 2477 parte
457 2430 670 2477 diligentiam
704 2430 902 2466 desiderare
933 2432 1036 2468 etiam
1073 2443 1228 2478 cogerer.
1281 2432 1350 2468 Hic
1387 2443 1469 2467 vero
1497 2431 1688 2477 Principem

162 2500 230 2523 non
263 2488 416 2525 voluisse
450 2489 485 2526 id
515 2490 597 2526 mihi
632 2491 843 2537 permittere,
881 2498 921 2527 ut
954 2492 1182 2528 ministerium
1210 2503 1383 2539 ponerem,
1408 2491 1469 2528 sed
1493 2503 1530 2526 se
1556 2492 1604 2527 ita
1630 2502 1690 2526 mi-

160 2552 314 2585 raturam
344 2561 420 2586 esse
452 2550 693 2597 spopondisse,
725 2554 767 2586 ut
799 2554 834 2586 et
867 2555 1024 2597 pastores
1056 2552 1091 2588 in
1125 2564 1298 2587 consensu
1329 2551 1506 2588 doctrinae
1539 2550 1690 2596 discipli-

161 2620 292 2656 naeque
317 2609 560 2647 observatione
585 2612 832 2648 contineantur
857 2615 893 2646 et
919 2612 1152 2658 Magistratus
1178 2613 1281 2648 etiam
1308 2624 1372 2647 suo
1395 2599 1451 2647 liic
1484 2611 1595 2646 officio
1621 2622 1691 2646 non

161 2667 263 2705 desit.
296 2669 447 2705 Proinde
469 2670 664 2717 Principem
689 2669 849 2706 omnibus
876 2671 1073 2717 pastoribus
1100 2671 1274 2713 mandare,
1300 2683 1342 2706 ne
1360 2670 1443 2717 quid
1468 2673 1589 2705 contra
1614 2669 1692 2705 doc-

159 2729 271 2764 trinae
297 2728 352 2764 hic
378 2733 517 2765 nostrae
543 2741 748 2766 consensum
777 2730 943 2777 deinceps
967 2731 1095 2766 audere
1121 2733 1355 2778 praesumant,
1380 2729 1440 2765 sed
1456 2741 1492 2764 se
1509 2730 1598 2764 intra
1612 2740 1692 2765 con-

162 2799 299 2824 sensum
325 2789 503 2825 doctrinac
528 2791 733 2826 contineant
757 2795 861 2838 atque
887 2791 1153 2829 Ecclesiasticae
1179 2804 1251 2827 sese
1280 2789 1481 2837 disciplinae
1494 2788 1693 2832 subiiciant,

160 2849 188 2885 si
215 2849 290 2886 loca
315 2854 351 2885 et
377 2851 575 2887 vocationes
600 2863 679 2887 suas
705 2852 852 2887 retinere
879 2851 1002 2888 velint.
1030 2852 1263 2899 Magistratus
1290 2862 1372 2886 vero
1395 2862 1438 2885 ne
1461 2850 1548 2885 sein
1574 2861 1691 2886 curam

160 2909 338 2946 doctrinae
383 2910 448 2945 nisi
483 2922 534 2945 me
569 2911 747 2946 admonito
786 2912 931 2958 ingerat,
968 2914 1004 2946 et
1041 2924 1082 2946 ne
1120 2911 1174 2946 hie
1213 2912 1355 2959 parcant
1391 2909 1597 2958 pastoribus,
1634 2912 1691 2957 qui
