1830 3147
1574 139 1644 176 163

101 253 285 292 nuncium
314 265 359 290 ex
386 251 504 289 Paulo
544 250 589 288 de
617 250 743 288 oblata
771 251 845 288 iam
874 263 939 302 pro
969 251 1109 289 nostris
1136 251 1300 302 peccatis
1327 250 1642 289 innocentissima

97 317 164 354 illa
192 317 307 354 totius
334 315 466 353 mundi
493 315 645 352 victima
675 315 826 354 Christo
854 315 954 361 Iesu,
982 315 1084 353 hisce
1112 316 1256 354 verbis:

154 446 281 484 ''Ecce
307 445 393 492 iam,
422 445 555 483 fratres
586 445 730 484 dilecti!
756 445 901 483 Pascha
929 449 1101 484 nostrum
1126 446 1344 485 immolatus
1364 449 1421 485 est
1439 459 1506 497 pro
1526 445 1639 485 nobis

100 512 285 550 Christus.
337 511 471 562 Itaque
507 510 644 548 festum
677 511 919 558 celebremus,
955 524 1031 549 non
1067 511 1106 549 in
1143 511 1328 549 fermento
1365 512 1493 558 veteri,
1520 525 1640 563 neque

97 576 137 613 in
165 576 350 613 fermento
378 575 542 615 malitiae
570 589 613 613 ac
642 576 837 621 versutiae,
865 576 931 615 sed
956 577 994 614 in
1023 576 1186 628 panibus
1213 576 1504 622 infermentatis,
1532 590 1638 614 nem-

95 653 141 693 pe
170 640 395 691 syneeritate
422 644 458 678 et
486 640 651 686 veritate,
669 654 734 692 per
753 641 910 680 eundem
929 641 1053 692 ipsum
1074 641 1203 679 Iesum
1223 640 1427 689 Christum,
1443 641 1638 692 Do-(252)

99 705 244 744 minum
272 709 308 744 et
336 709 565 744 servatorem
591 710 778 746 nostrum.
806 707 956 745 Amen''
979 706 1021 756 ¹).

151 835 225 873 His
253 835 364 873 dictis
394 836 563 873 considet
589 835 636 873 ad
666 836 918 875 meditullium
946 850 1108 884 mensae,
1127 850 1235 875 versa
1263 836 1310 875 ad
1330 837 1511 888 populum
1533 838 1640 883 facie,

98 899 358 947 Ecclesiastes,
394 914 415 937 a
444 900 548 938 cuius
578 900 725 938 demum
755 905 916 952 utroque
942 896 1061 939 latere
1086 901 1223 952 reliqui
1251 901 1435 948 Ministri,
1464 903 1638 941 Seniores

98 979 142 1004 ac
179 965 340 1004 Diaconi
375 979 505 1004 omnes
541 966 673 1003 ordine
708 981 783 1004 una
818 967 1062 1011 accumbunt,
1107 967 1245 1019 aliique
1273 972 1464 1018 praeterea
1490 982 1535 1006 ex
1565 968 1638 1005 Ec-

99 1031 211 1068 clesia
249 1030 331 1073 viri,
368 1031 486 1068 donec
522 1044 652 1068 mensa
686 1035 767 1069 tota
802 1031 1016 1083 impleatur,
1051 1032 1182 1070 relicto
1210 1033 1364 1071 interim
1392 1040 1479 1071 ante
1505 1033 1640 1071 Eccle-

99 1096 238 1134 siasten
267 1096 387 1146 spatio
417 1109 548 1140 vacuo,
574 1100 616 1134 ut
643 1096 676 1134 is
704 1110 725 1134 a
752 1100 831 1135 tota
860 1111 1005 1148 semper
1034 1097 1202 1135 Ecclesia
1231 1102 1267 1136 et
1298 1098 1415 1136 videri
1445 1099 1640 1137 commode

99 1165 135 1199 et
163 1160 285 1198 audiri
311 1160 442 1212 possit.
480 1161 560 1198 Ubi
587 1174 674 1199 vero
701 1175 830 1200 mensa
857 1166 949 1207 tota,
968 1163 1099 1200 relicto
1125 1167 1212 1201 ante
1230 1163 1486 1202 Ecclesiasten
1509 1165 1643 1215 spatio,

99 1226 280 1276 completa
309 1230 377 1272 est,
403 1225 652 1264 Ecclesiastes
679 1226 720 1263 in
750 1231 954 1278 conspectu
983 1229 1100 1265 totius
1131 1227 1322 1265 Ecclesiae
1352 1228 1465 1266 sumit
1494 1229 1533 1266 in
1561 1242 1642 1266 ma-

99 1304 170 1329 nus
206 1304 340 1342 panem
369 1304 388 1328 e
415 1290 557 1328 maiore
586 1291 707 1337 lance,
734 1304 829 1342 quae
855 1305 951 1343 pane
977 1293 1113 1330 referta
1148 1297 1215 1336 est,
1242 1292 1468 1345 videnteque
1493 1298 1528 1331 et
1556 1306 1642 1331 aus-

101 1357 264 1395 cultante
290 1360 370 1394 tota
396 1356 581 1401 Ecclesia,
609 1357 708 1394 clara
737 1370 828 1395 voce
855 1364 891 1396 et
919 1358 1044 1396 verbis
1074 1358 1269 1396 destinetis
1289 1359 1361 1397 ait:

152 1438 170 1456 u
185 1422 297 1459 Panis
324 1435 434 1472 quem
462 1421 672 1471 frangimus
703 1423 917 1460 communio
946 1427 1002 1461 est
1030 1424 1197 1474 corporis
1227 1423 1396 1461 Christi”
1414 1425 1462 1471 2).

152 1486 344 1536 Simulque
372 1486 460 1523 dum
490 1487 579 1523 haec
607 1486 711 1531 dicit,
739 1500 874 1538 panem
901 1488 940 1525 in
970 1501 1102 1525 manus
1131 1492 1322 1539 sumptum
1351 1488 1506 1538 frangit,
1525 1488 1645 1527 donec

99 1550 283 1588 minorem
320 1555 505 1601 utranque
539 1551 698 1596 lancem,
734 1552 782 1589 ab
818 1556 979 1603 utroque
1016 1553 1169 1590 maioris
1206 1554 1326 1590 lancis
1363 1567 1458 1604 pane
1485 1555 1642 1591 refertae

98 1616 214 1653 latere
249 1615 423 1667 positam,
459 1629 556 1666 panc
592 1617 644 1654 ita
682 1617 816 1663 fracto,
853 1621 1036 1668 quantum
1076 1631 1141 1669 pro
1181 1632 1255 1656 uno
1285 1632 1436 1657 mensae
1464 1619 1640 1656 accubitu

98 1682 189 1719 satis
227 1681 288 1724 sit,
324 1681 488 1733 impleat,
525 1685 565 1719 ut
601 1682 759 1732 quisque
795 1683 1099 1720 accumbentium
1135 1684 1297 1722 frustum
1325 1685 1433 1735 panis
1467 1684 1555 1723 inde
1582 1699 1644 1723 ac·

99 1747 220 1798 cipere
246 1748 378 1798 possit.
416 1747 565 1785 Interea
594 1760 680 1784 vero
710 1752 870 1798 quatuor
898 1748 1046 1798 pocula,
1076 1748 1119 1785 <le
1148 1749 1286 1799 quibus
1316 1749 1388 1786 iam
1419 1754 1527 1787 antea
1557 1749 1638 1787 dic-

97 1816 179 1851 tum
215 1816 284 1858 est,
318 1813 407 1850 vino
443 1812 648 1863 implentur
684 1817 721 1850 et
757 1813 803 1850 ab
842 1818 1000 1864 utroque
1028 1814 1193 1851 lancium
1223 1815 1335 1862 (253)
1364 1814 1554 1852 minorum
1583 1815 1639 1852 la-

95 1883 172 1917 tere
208 1878 299 1916 bina
336 1879 602 1930 disponuntur.
658 1877 809 1916 Quibus
849 1880 1026 1932 omnibus
1062 1879 1116 1917 ita
1155 1879 1361 1931 dispositis,
1390 1880 1639 1918 Ecclesiastes

98 1945 259 1982 fractum
296 1944 371 1982 iarn
407 1957 541 1995 panem
568 1943 628 1990 iis,
655 1944 720 1994 qui
746 1944 911 1995 proximi
937 1945 994 1982 illi
1023 1945 1200 1996 utrinque
1227 1945 1408 1991 assident,
1435 1960 1454 1984 e
1482 1947 1639 1984 minori-

99 2010 169 2047 bus
204 2009 378 2048 lancibus
415 2013 604 2060 sumptum
641 2009 863 2059 singillatim
901 2010 1108 2054 distribuit,
1144 2015 1255 2062 atque
1281 2011 1381 2050 inter
1410 2011 1640 2050 distribuen-

101 2075 190 2113 dum
218 2075 288 2112 ait:

153 2139 366 2189 nAceipite‚
402 2139 500 2176 edite
536 2143 570 2177 et
597 2139 858 2184 memineritis,
886 2152 1020 2191 corpus
1049 2140 1205 2179 Domini
1233 2141 1355 2179 nostri
1381 2141 1469 2179 Iesu
1498 2141 1639 2180 Christi

97 2217 164 2255 pro
202 2203 313 2242 nobis
348 2203 389 2240 in
417 2207 574 2241 mortem
608 2203 791 2241 traditum
829 2217 909 2242 esse
947 2205 987 2242 in
1017 2205 1139 2243 crucis
1168 2205 1338 2256 patibulo
1368 2206 1417 2244 ad
1444 2207 1638 2244 remissio-

97 2282 183 2307 nem
211 2268 379 2306 omnium
405 2271 640 2318 peccatorum
669 2268 927 2307 nostrorum.'’

150 2334 345 2384 Simulque
380 2333 625 2370 Ecclesiastes
661 2333 734 2371 sibi
766 2333 878 2371 etiam
915 2334 994 2384 ipse
1029 2334 1142 2372 sumit
1177 2339 1289 2385 atque
1316 2335 1393 2372 edit
1420 2336 1527 2387 panis
1555 2336 1636 2374 fru-

96 2400 236 2437 stulum
283 2412 326 2436 ac
367 2398 514 2436 demum
561 2399 686 2436 lances
722 2398 806 2436 illas
843 2399 1008 2437 minores
1047 2413 1131 2437 cum
1168 2413 1264 2451 pane
1299 2401 1422 2438 fracto
1459 2401 1506 2438 ad
1542 2403 1636 2441 fines

97 2478 247 2503 mensae
282 2464 330 2501 ab
367 2468 528 2514 utroque
561 2465 677 2502 latere
713 2477 733 2501 a
767 2478 804 2501 se
831 2465 1033 2515 protrudit,
1062 2470 1099 2503 ut
1129 2466 1286 2516 quisque
1314 2466 1386 2503 sibi
1413 2466 1502 2504 inde
1528 2468 1637 2518 panis

97 2529 321 2579 particulam
358 2534 481 2566 sumat
522 2532 634 2578 atque
660 2528 746 2565 edat
772 2529 811 2566 in
841 2530 1058 2567 memoriam
1085 2530 1214 2567 traditi
1241 2543 1308 2580 pro
1338 2544 1377 2568 se
1404 2531 1451 2568 ad
1479 2537 1637 2571 mortem

99 2592 266 2643 corporis
295 2592 448 2638 Christi,
478 2592 598 2630 donec
625 2592 751 2630 lances
778 2593 865 2632 illae
892 2607 957 2645 per
984 2594 1079 2631 alios
1110 2594 1272 2640 demum,
1299 2595 1365 2646 qui
1394 2600 1482 2634 sunt
1508 2598 1637 2648 proxi-

98 2657 248 2701 miores,
285 2656 331 2694 ad
368 2658 461 2694 fines
498 2670 616 2707 usqne
645 2670 794 2695 mensae
821 2658 1053 2709 perveniant,
1083 2663 1118 2696 et
1146 2658 1304 2710 quisque
1331 2661 1636 2700 accumbentium

97 2734 232 2772 panem
284 2721 372 2759 inde
401 2721 472 2760 sibi
500 2721 688 2759 edendum
715 2726 851 2762 sumat.
904 2723 984 2760 Ubi
1011 2736 1098 2761 vero
1126 2723 1373 2762 Ecclesiastes
1400 2738 1529 2764 omnes
1556 2728 1645 2774 iam,

100 2785 164 2836 qui
200 2785 438 2830 accumbunt,
476 2786 520 2824 de
547 2800 643 2837 pane
670 2786 736 2825 illo
765 2787 885 2825 edisse
914 2787 1027 2834 videt,
1056 2787 1170 2826 sumit
1196 2787 1237 2825 in
1263 2801 1397 2828 manus
1424 2803 1542 2828 unum
1571 2805 1638 2842 po-

101 2850 237 2895 culum,
264 2854 299 2887 et
329 2850 476 2888 demum
507 2851 605 2889 clara
635 2864 723 2889 voce
751 2851 826 2899 ait:

148 2937 171 2975 ¹)
195 2935 212 2966 1
238 2936 312 2968 eor.
337 2937 365 2968 5.
745 2938 774 2979 2)
798 2938 815 2970 1
841 2938 915 2972 cor.
940 2939 990 2970 10.

1418 2984 1487 3021 11*
