1830 3147
1563 97 1635 136 133

134 216 197 252 31.
225 213 388 252 Interro.
444 213 553 251 Quae
581 217 669 252 sunt
696 213 881 252 eiusmodi
908 214 1179 251 Sacramenta?

131 279 297 331 Respon.
351 279 450 324 Duo,
477 279 695 330 Baptismus
722 284 759 317 et
788 279 914 317 Coena
941 278 1111 318 Domini.

132 347 194 384 32.
223 345 387 384 Interro.
443 344 549 383 Quid
577 349 633 383 est
661 345 909 396 Baptismus?

132 409 298 460 Respon.
352 409 568 460 Baptismus
613 414 670 447 est
713 422 818 447 sacra
864 408 935 446 Dei
968 407 1173 451 institutio,
1208 407 1314 447 iuxta
1350 422 1463 460 quam
1499 409 1628 446 omnia

81 474 272 513 Ecclesiae
307 474 473 512 membra
511 474 587 511 sive
634 474 675 511 in
719 474 881 511 infantia
919 473 1064 511 sivein
1091 472 1219 510 adulta
1257 477 1377 511 aetate
1404 487 1501 524 aqua
1531 473 1624 525 bap-

78 539 187 578 tizari
215 539 352 577 debent
381 539 419 576 in
447 552 585 577 nomen
613 539 684 577 Dei
711 539 834 577 Patris
862 544 898 577 et
926 538 1014 576 Filii
1041 543 1078 577 et
1107 538 1271 589 Spiritus
1299 539 1420 576 sancti
1441 539 1484 585 ¹).
1512 540 1625 587 (179)

133 606 193 642 33.
221 604 383 642 Interro.
440 603 567 642 Quam
588 604 885 652 consolationem
914 603 1036 642 adfert
1064 603 1252 654 Baptismi
1281 616 1368 640 usus
1387 603 1427 641 in
1456 603 1627 642 Ecclesia

85 669 253 707 Christi?

133 734 298 785 Respon.
336 734 503 772 Primum
532 735 757 785 obsignatur
785 734 955 773 Ecclesia
983 738 1062 773 tota
1089 734 1129 772 in
1158 734 1231 772 fide
1259 734 1467 772 certissima
1494 748 1627 772 emun-

81 799 245 837 dationis
274 813 362 837 suae
390 813 454 850 per
481 800 705 849 sanguinem
735 800 897 838 Christi:
937 813 1068 851 nempe
1106 799 1234 837 omnia
1263 813 1329 837 sua
1358 800 1525 837 membra
1551 805 1628 837 tam

84 869 183 903 certo
204 864 344 902 munda
373 869 484 916 atque
511 865 640 902 abluta
668 878 747 903 esse
776 864 959 914 sanguine
989 865 1144 909 thristi,
1171 877 1282 915 quam
1312 870 1412 902 certo
1441 878 1538 915 aqua
1567 865 1631 902 illa

83 930 266 981 baptizari
312 929 424 969 videt.
488 930 635 968 Deinde
679 930 893 981 baptizatus
940 930 1112 981 quisque,
1153 935 1398 981 posteaquam
1443 944 1550 968 suum
1595 936 1631 968 et

83 996 225 1034 Christi
251 995 491 1046 Baptismum
527 1009 643 1033 unum
681 995 916 1046 eundemque
944 1009 1023 1033 esse
1047 995 1239 1045 intelligit,
1267 996 1383 1034 credit
1413 996 1524 1033 verba
1550 996 1629 1040 illa,

81 1061 131 1099 ad
169 1060 361 1101 Christum
398 1075 418 1098 a
454 1061 564 1099 Patre
600 1061 681 1099 Deo
716 1065 802 1112 post
838 1061 916 1098 eius
954 1061 1193 1112 Baptismum
1231 1061 1342 1108 dicta,
1375 1061 1422 1099 ad
1452 1075 1490 1099 se
1518 1063 1631 1100 etiam

81 1124 122 1163 in
152 1125 302 1163 Christo
331 1126 412 1177 ipso
442 1127 627 1177 pertinere
643 1124 687 1175 2).
719 1127 865 1178 Nempe
893 1126 994 1177 quod
1023 1127 1072 1164 sit
1101 1127 1260 1164 dilectus
1290 1127 1359 1165 Dei
1378 1127 1500 1165 Patris
1519 1128 1632 1174 filius,

83 1189 147 1241 qui
184 1189 281 1227 nihil
318 1204 483 1242 unquam
511 1192 631 1242 possit
657 1191 704 1228 ab
735 1191 801 1228 illo
829 1205 894 1242 per
922 1204 1061 1229 nomen
1090 1192 1233 1230 Christi
1259 1192 1527 1244 petere‚rquod
1555 1206 1633 1231 non

83 1259 184 1293 certo
226 1255 274 1294 sit
312 1255 592 1307 impetraturus,
619 1255 860 1308 potissimum
887 1261 1012 1294 autem
1039 1261 1280 1308 peccatorum
1307 1257 1569 1295 remissionem
1596 1260 1633 1295 et

83 1321 199 1359 vitam
227 1326 416 1360 aeternam
445 1323 490 1370 3).

133 1389 194 1425 34.
223 1387 385 1426 Interro.
439 1387 545 1426 Quid
582 1391 772 1439 praeterea
800 1386 978 1425 utilitatis
1005 1387 1127 1426 adfert
1154 1387 1343 1439 Baptismi
1370 1401 1461 1426 usus
1489 1389 1528 1426 in
1557 1388 1632 1426 Ec-

83 1452 195 1490 clesia
224 1452 392 1490 Christi?

136 1517 301 1569 Respon.
356 1518 547 1557 Admonet
581 1533 663 1565 nos,
699 1521 847 1571 quoties
883 1521 992 1558 illum
1018 1521 1225 1566 intuemur,
1261 1520 1383 1558 nostri
1426 1520 1536 1558 oflicii
1563 1533 1631 1558 no-

86 1587 258 1633 straeque
293 1583 537 1632 gratitudinis
579 1597 667 1634 erga
695 1585 830 1624 Deum.
885 1585 945 1623 Ne
974 1585 1147 1624 videlicet
1175 1585 1482 1624 emundationem
1510 1586 1632 1624 nostri

83 1647 200 1693 illam,
219 1661 284 1699 per
301 1648 522 1698 sanguinem
553 1650 696 1688 Christi
725 1651 877 1696 factam,
903 1651 1058 1701 flagitiis
1088 1651 1263 1703 deinceps
1284 1651 1423 1689 nostris
1444 1652 1631 1689 contami-

84 1726 228 1759 nemus,
265 1714 328 1751 sed
356 1728 421 1765 per
450 1714 640 1752 assiduam
670 1716 792 1754 carnis
822 1721 972 1754 nostrae
1001 1722 1036 1755 et
1064 1717 1144 1755 eius
1174 1717 1503 1768 concupiscentiae
1530 1730 1632 1755 mor-

82 1778 466 1828 tificatio-(lSO)nem
493 1781 533 1818 in
572 1781 668 1820 vitae
705 1782 873 1820 novitate
909 1795 976 1834 pro
1012 1796 1158 1821 summa
1197 1783 1297 1821 virili
1325 1786 1455 1820 nostra
1498 1783 1632 1820 ambu-

86 1845 164 1882 lare
192 1845 408 1883 studeamus
435 1847 482 1894 ⁴²).

136 1912 197 1948 35.
226 1910 389 1949 InterrO.
445 1911 550 1949 Quid
580 1915 635 1950 est
664 1912 790 1950 Coena
817 1912 1000 1951 Domini?

137 1976 303 2027 Respon.
358 1978 486 2014 Coena
522 1977 678 2015 Domini
714 1985 770 2016 est
799 1978 940 2017 Christi
969 1978 1124 2017 Domini
1151 1979 1355 2024 institutio,
1381 1978 1421 2017 in
1459 1992 1532 2030 qua
1570 1991 1635 2030 per

86 2042 194 2094 panis
231 2046 267 2079 et
303 2043 431 2093 poculi
472 2043 619 2081 Coenae
655 2043 982 2096 participationem
1012 2045 1188 2084 salutaris
1214 2045 1334 2097 ipsius
1372 2058 1473 2083 mors
1503 2045 1636 2083 visibi-

84 2108 170 2146 liter
199 2121 266 2145 suo
294 2107 407 2144 modo
436 2108 691 2145 annunciatur
718 2110 763 2157 ⁵).

140 2175 200 2211 36.
230 2172 394 2211 Interro.
452 2172 689 2210 Quomodo?

137 2238 303 2289 Respon.
358 2236 472 2275 Panis
509 2238 643 2275 fractio
681 2241 852 2284 testatur,
889 2251 1025 2290 corpus
1063 2239 1205 2277 Christi
1241 2239 1397 2277 Domini
1423 2252 1491 2290 pro
1522 2239 1634 2277 nobis

88 2304 250 2342 fractum
289 2316 332 2340 ac
359 2303 400 2340 in
427 2307 588 2340 mortem
616 2303 797 2341 traditum
825 2317 917 2347 esse,
945 2310 981 2341 et
1007 2304 1186 2355 poculum
1213 2308 1385 2349 testatur,
1413 2304 1636 2353 sanguinem

89 2368 230 2406 Christi
257 2368 297 2405 in
325 2372 445 2405 morte
472 2367 591 2419 ipsius
619 2381 687 2419 pro
717 2368 828 2407 nobis
857 2368 1012 2407 effusum
1040 2382 1121 2407 esse
1147 2369 1187 2406 in
1215 2369 1474 2407 remissionem
1502 2382 1635 2421 pecca·-

85 2436 211 2472 torum
239 2436 468 2471 nostrorum.

139 2499 201 2538 37.
221 2498 385 2536 InterrO.
416 2497 520 2535 Quid
540 2497 811 2536 consolationis
830 2498 951 2537 adfert
965 2499 1113 2537 Coenae
1124 2513 1212 2538 usus
1230 2499 1270 2538 in
1287 2500 1454 2538 Ecclesia
1466 2500 1636 2539 Christi?

138 2562 303 2613 Respon.
359 2561 475 2601 Quod
511 2567 665 2614 propter
702 2563 884 2601 traditum
921 2564 960 2602 in
997 2568 1159 2602 mortem
1187 2569 1472 2603 sacrosanctum
1501 2579 1637 2617 corpus

88 2626 227 2666 Christi
247 2634 283 2666 et
303 2627 430 2666 fusum
448 2627 569 2680 iPsius
596 2628 951 2668 innocentissimum
981 2629 1262 2680 sanguinem),
1291 2631 1540 2670 certissimam
1568 2632 1636 2669 ha*

132 2781 155 2819 ¹)
180 2780 270 2813 Ioan.
294 2781 323 2818 3,
346 2782 376 2813 4.
400 2782 517 2815 Matth.
541 2783 594 2815 23.
618 2784 720 2816 Marc.
745 2784 795 2816 16.
818 2785 901 2826 Eph.
927 2785 955 2817 5.
1035 2785 1062 2824 2)
1087 2786 1205 2817 Matth.
1229 2787 1258 2818 3.
1282 2788 1384 2819 Marc.
1409 2788 1438 2819 1.
1462 2788 1539 2819 Luc.
1563 2789 1593 2819 3.

129 2834 155 2873 3)
181 2834 197 2866 1
222 2835 310 2867 Ioan.
333 2837 362 2868 2.
387 2837 469 2870 Heb.
493 2837 522 2871 7.
567 2839 594 2879 4)
620 2840 714 2872 Rom.
738 2840 783 2872 6.-
812 2841 839 2881 ⁵)
865 2841 982 2873 Matth.
1007 2841 1058 2873 28.
1085 2843 1181 2873 Marc.
1207 2843 1256 2874 14.
1281 2843 1357 2876 Luc.
1381 2844 1432 2876 22.
1458 2845 1474 2875 l
1500 2844 1572 2876 Cor.
1588 2845 1638 2876 ll.

131 2889 158 2930 6)
183 2890 264 2924 Heb.
281 2891 310 2925 7.
354 2892 445 2926 loan.
469 2893 498 2927 9.
