1830 3147
789 119 856 155 551
1309 118 1375 165 [A.
1402 117 1448 154 D.
1472 117 1586 165 1528]

53 230 189 270 „Simon
223 229 346 271 aliquot
377 229 441 261 iam
474 227 587 259 diebus
620 238 727 259 arcem
759 228 886 260 Pathak
915 237 987 259 cum
1014 227 1176 269 equitibus
1202 227 1265 258 VIc
1295 229 1327 258 et
1348 227 1521 269 peditibus,
1544 229 1581 259 ut

53 285 155 324 aiunt,
177 285 306 317 circiter
328 284 451 316 duobus
472 283 618 315 millibus
639 283 795 316 obsidet?
838 284 963 316 Nomen
986 283 1016 314 ei
1038 285 1106 315 erat
1129 283 1240 314 Simon
1262 282 1421 325 Athenay,
1444 293 1474 314 v.
1496 283 1586 314 MA:-

55 344 152 379 Lara,
185 340 294 372 Gesclc.
322 340 355 371 d.
384 340 473 381 May.
501 339 557 371 1v.
579 350 611 381 p.
635 339 686 371 22.
709 339 938 377 Is‘rnunffrx,
961 350 992 381 p.
1016 339 1067 371 96.
1090 363 1108 376 ‚,
1118 339 1239 377 Simon,
1262 339 1368 381 patria
1390 339 1584 371 Athenensis

54 397 158 436 (locus
191 399 240 428 est
266 396 351 428 inter
378 395 521 427 Crisium
554 398 586 427 et
619 396 789 437 Posegam)
820 397 1032 437 cognomento
1055 395 1234 427 literatus.’'
1276 396 1303 434 ⁸)
1327 395 1488 433 Cassovia,
1513 396 1588 435 (Ka-

55 451 176 489 schaw)
198 452 231 484 in
254 454 344 494 parte
367 452 523 493 septentr.
547 451 732 492 Hungariae
755 462 819 482 non
842 451 888 482 ita
909 450 1003 492 longe
1026 461 1044 481 a
1058 450 1190 482 flumine
1205 450 1329 482 Theiss.
1372 452 1400 490 ⁹)
1423 450 1587 482 Proelium

57 507 138 539 illud
161 508 380 550 depugnatum
403 509 451 538 est
474 507 558 538 inter
581 507 769 538 Cassoviam
793 510 824 538 et
846 506 1082 538 Saros-Pathak
1105 506 1144 538 ad
1167 506 1198 538 d.
1222 507 1261 537 35
1285 507 1372 548 Sept.
1396 506 1455 538 ’28.
1478 507 1588 538 Simon

58 563 254 595 Ferdinandi
278 562 390 605 copiis,
413 563 556 604 Stephan
580 563 689 604 Revay
712 563 869 604 Zapolyae
893 562 1046 593 exercitui
1068 562 1257 604 imperabat.
1280 563 1456 600 MAsLiiTH,
1483 562 1592 596 Gesch.

59 619 92 652 d.
115 619 202 660 May.
226 619 281 651 IV.
305 630 336 661 p.
365 620 415 651 22.
444 619 674 656 Ismunmw,
698 630 728 661 p.
753 618 803 650 97.
827 618 1022 656 Bucuoxxrz,
1046 629 1075 650 o.
1099 618 1120 649 l.
1144 629 1176 660 p.
1199 618 1260 649 253
1284 618 1322 649 ad
1346 619 1439 650 Ferd.
1462 618 1590 650 scribit:

59 675 132 713 „Er
161 675 250 706 stehe
277 674 321 706 im
351 674 448 706 Mitte
479 673 534 705 der
563 673 716 705 Rebellen
747 673 811 705 und
841 673 921 704 habe
944 674 1005 705 den
1028 673 1095 704 'rod
1118 684 1175 705 vor
1196 673 1328 715 Augen”
1349 674 1368 704 6
1391 675 1478 716 Sept.
1503 674 1594 706 1528.

61 731 103 770 ¹⁰)
128 730 240 761 Mense
264 730 344 762 Maii
367 730 443 761 anni
466 740 554 771 sequ.
578 729 659 760 1529
684 729 761 760 fines
790 729 976 770 Hungariae
1005 728 1167 770 migravit.
1213 729 1254 768 ¹¹)
1278 729 1416 770 Sigism.,
1440 729 1594 761 Poloniae

58 797 123 824 rex,
146 786 352 817 concordiam
375 785 459 816 inter
482 797 535 816 eos
558 785 730 816 restituere
753 785 873 816 frustra
896 786 1030 816 conatus
1054 787 1113 816 est.
1158 784 1200 825 ¹²)
1223 784 1272 816 De
1299 785 1457 816 NICOLAO
1480 787 1596 817 Mimo-

60 851 150 873 wrcz
184 842 226 874 cf.
253 843 427 873 Sucxmw.
458 841 523 873 III.
553 842 581 873 5.
610 843 623 881 §
647 841 677 873 9.
700 851 731 882 p.
755 841 806 872 28.
836 841 1010 878 ΒυοΗοιΖ,
1034 840 1098 872 111.
1120 851 1152 882 p.
1176 841 1247 873 253.
1293 841 1334 880 ι3)
1358 841 1496 873 Ioannes
1518 842 1594 884 Zap.

57 898 93 929 in
117 898 176 940 Ep.
200 897 239 928 ad
263 897 378 929 Franc.
403 897 429 928 Ι.
453 896 656 938 „Utriusque
680 896 800 927 Slesiae
824 896 955 927 ducem’'
979 906 1011 927 se
1035 896 1188 937 appellat.
1204 896 1255 928 Cf.
1275 896 1352 937 Ne'q.
1368 897 1407 927 de
1421 897 1452 928 la
1476 897 1597 928 France

59 964 134 984 avec
167 954 195 984 le
230 952 359 990 Levant,
390 953 416 984 I.
447 964 479 995 p.
511 953 582 983 162.
630 953 670 992 ¹⁴)
695 951 922 983 Schweidnitz.
968 951 1010 990 ¹⁵)
1034 950 1085 983 Cf.
1116 952 1244 989 GEVAY,
1278 963 1310 994 p.
1339 952 1390 984 39.
1419 952 1596 990 MAsLiiTH,

66 1009 174 1040 Gesclz.
207 1009 290 1041 Oest.
317 1009 363 1040 ΙΙ.
393 1020 425 1051 p.
455 1009 506 1046 21,
541 1008 649 1039 Gesch.
676 1007 709 1039 d.
732 1007 821 1049 May.
854 1006 911 1038 IV.
933 1017 961 1039 c.
984 1006 1036 1039 37.
1058 1018 1091 1049 p.
1113 1007 1248 1039 21—28.
1271 1018 1302 1039 v.
1324 1008 1492 1046 ΗΑΜΜΕΒ,
1514 1008 1597 1040 trad.

61 1077 120 1108 por
153 1065 290 1102 Hellert,
323 1066 361 1097 V.
396 1076 426 1107 p.
459 1065 531 1096 116.
578 1065 619 1103 ¹⁶)
644 1063 779 1105 Proprie
812 1063 974 1095 THWRZO.
1018 1063 1068 1095 Cf.
1100 1063 1228 1101 Gnvar,
1263 1063 1426 1094 Schreiben
1460 1064 1598 1105 Stephan

62 1121 232 1163 Bathorys'
256 1131 314 1152 von
338 1121 440 1152 Ecsed
460 1131 502 1151 an
527 1120 568 1152 K.
595 1119 688 1151 Ferd.
705 1130 738 1160 p.
755 1119 804 1157 59,
821 1119 901 1150 bene
920 1118 1166 1159 distinguendus
1182 1130 1199 1151 ο,
1215 1119 1290 1151 Joh.
1306 1120 1420 1157 Turzo,
1437 1120 1599 1162 Episcopo

64 1176 248 1208 Wratislnv.
271 1176 322 1208 Cf.
345 1176 607 1213 Snexmrnonrr,
626 1175 658 1214 1·
683 1174 733 1208 57.
756 1186 787 1217 p.
811 1173 883 1208 270.
914 1175 957 1208 D.
983 1174 1109 1206 Erasmi
1131 1175 1207 1207 vitu.
1230 1175 1332 1218 Lugd.
1354 1175 1428 1207 Bat.
1451 1175 1543 1207 1642.
1566 1186 1599 1218 p.

63 1233 134 1264 155.
179 1233 220 1272 ¹⁷)
245 1231 318 1263 Non
340 1231 434 1273 longe
460 1242 478 1263 a
500 1231 658 1273 Liegnitz.

66 1422 130 1460 N⁰.
153 1424 188 1460 4.
1255 1422 1360 1468 [nord.
1380 1435 1400 1457 s.
1419 1436 1441 1458 a.
1457 1422 1506 1460 lib.
1524 1424 1599 1472 m]

616 1542 675 1579 Ad
701 1543 1052 1580 mmmmmcxcix.

115 1666 255 1709 Nescio,
280 1665 325 1701 mi
350 1664 509 1706 Alberte,
539 1668 616 1700 uter
641 1664 784 1700 alterius
807 1666 933 1700 maiore
960 1667 1119 1700 teneatur
1146 1664 1284 1700 videndi
1302 1664 1483 1707 desiderio,
1500 1668 1537 1701 tu
1556 1677 1600 1701 ne

68 1727 148 1767 mei.
182 1739 226 1763 an
260 1738 324 1773 ego
350 1727 466 1773 potius
493 1726 556 1761 tui.
580 1725 683 1761 Certe
709 1724 801 1773 quod
824 1725 868 1761 ad
895 1738 947 1761 me
972 1725 1112 1767 attinet,
1136 1737 1261 1772 magno
1285 1725 1498 1772 redemptum
1526 1726 1600 1762 vel-

68 1788 145 1826 lem.
175 1790 214 1822 ut
239 1790 272 1821 te
297 1786 330 1821 iu
357 1785 469 1821 reditu
496 1784 619 1820 saltem
648 1797 722 1820 meo
750 1785 778 1831 ¹)
805 1783 922 1820 videre
949 1785 1148 1831 potuissem.
1181 1784 1248 1820 Sed
1271 1785 1354 1826 scis,
1381 1790 1420 1820 ut
1445 1791 1516 1820 tum
1545 1798 1603 1821 va·

65 1847 202 1886 luerim,
226 1857 304 1882 cum
331 1846 419 1881 istac
445 1846 512 1881 iter
537 1846 693 1882 facerem.
737 1845 882 1892 Alioqui
908 1850 941 1881 tc
967 1845 1228 1893 haudquaquam
1256 1847 1503 1892 praeteriturus
1529 1847 1601 1882 sue·

66 1919 150 1949 ram,
173 1906 202 1943 si
226 1906 329 1942 modo
353 1918 406 1941 me
432 1905 608 1952 paululum
634 1905 712 1941 istic
737 1905 911 1941 immorari
936 1905 1101 1941 valetudo
1126 1918 1200 1942 mea
1227 1907 1452 1953 permisisset.
1482 1908 1534 1942 Ac
1559 1920 1600 1943 ne

68 1979 160 2003 nunc
186 1967 323 2015 quidem
351 1966 469 2002 multis
496 1966 560 2001 tibi
585 1978 673 2012 opus
698 1970 767 2005 est,
795 1970 834 2001 ut
860 1978 992 2002 mecum
1016 1979 1099 2013 agas
1132 1972 1171 2002 ut
1194 1967 1237 2002 ad
1265 1972 1298 2001 te
1324 1967 1473 2002 veniam.
1523 1965 1599 2003 Iam

67 2027 198 2062 dudum
232 2027 305 2073 ipse
341 2038 472 2061 mecum
501 2028 564 2062 hoc
591 2027 711 2067 statui,
739 2029 779 2061 ut
805 2030 839 2062 te
867 2039 945 2063 mox
972 2026 1094 2070 visam,
1120 2026 1222 2062 simul
1248 2030 1351 2074 atque
1376 2027 1409 2062 id
1436 2027 1518 2063 mihi
1543 2040 1604 2075 per

69 2087 300 2123 valetudinem
328 2088 443 2122 liceat.
470 2086 553 2127 Sed,
581 2087 626 2122 mi
653 2087 818 2123 Alberte!
847 2087 900 2123 vix
925 2088 1054 2129 credes,
1078 2100 1179 2136 quam
1206 2088 1287 2124 mihi
1313 2089 1384 2124 sint
1400 2088 1540 2124 attritae
1555 2090 1603 2125 vi-

67 2160 120 2183 res
144 2160 263 2183 omnes
288 2147 505 2194 aegritudine
533 2146 597 2182 hac
627 2160 713 2182 mea.
755 2147 941 2183 Paululum
968 2148 1097 2195 aliquid
1125 2148 1252 2195 legenti
1279 2149 1413 2195 vertigo
1439 2161 1515 2184 mox
1541 2149 1604 2184 ob-

67 2209 190 2249 oritur,
211 2207 376 2243 scribenti
401 2207 557 2253 protinus
585 2207 738 2254 caligant
764 2208 869 2249 oculi,
892 2207 980 2244 adeo
1006 2215 1046 2243 ut
1071 2208 1154 2244 haec
1178 2221 1314 2256 quoque
1340 2209 1404 2244 nisi
1430 2221 1473 2245 ex
1498 2210 1602 2245 inter-

68 2269 169 2304 vallis
204 2268 353 2304 scribere
387 2280 456 2303 non
482 2269 667 2313 potuerim,
695 2268 800 2304 febris
823 2268 961 2316 quidem
988 2269 1060 2315 ipsa
1085 2269 1208 2304 abacta
1234 2274 1287 2305 est
1313 2270 1378 2305 iam
1405 2270 1522 2306 divino
1549 2270 1604 2306 be-

67 2329 204 2369 neficio.
230 2328 291 2365 sed
315 2335 368 2365 est
392 2329 506 2364 adliuc
533 2330 617 2365 inira
642 2329 812 2377 quaedam
838 2331 947 2366 totius
973 2332 1126 2378 corporis
1150 2331 1325 2372 debilitas,
1350 2344 1452 2380 quam
1467 2333 1604 2380 abigere

69 2390 173 2425 nullis
195 2389 309 2425 adhuc
335 2389 491 2425 remediis
519 2401 674 2436 possum.
705 2389 832 2426 Videor
858 2390 939 2426 mihi
965 2392 1108 2427 nimium
1135 2391 1272 2427 laesisse
1289 2393 1518 2432 stomachum.
1540 2394 1606 2430 fre·

67 2451 189 2498 quenti
222 2462 386 2498 aquarum
422 2450 628 2486 medicarum
667 2454 762 2496 potu,
794 2451 918 2498 quibus
953 2464 995 2487 ex
1031 2452 1152 2489 medici
1187 2455 1397 2500 praescripto
1431 2454 1474 2490 ad
1501 2455 1604 2491 febris

67 2516 202 2547 aestum
241 2511 519 2558 restinguendum
558 2511 691 2546 utebar.
742 2511 846 2548 Nunc
879 2524 980 2560 aegre
1018 2514 1205 2561 concoquit
1238 2515 1352 2549 omnia
1377 2517 1414 2549 et
1440 2519 1605 2562 perpetua

70 2572 183 2619 gignit
204 2571 362 2611 tormina,
385 2584 471 2619 quae
498 2584 550 2607 mc
574 2572 729 2618 graviter
754 2573 966 2608 excruciant.
1007 2573 1084 2609 Hoc
1109 2574 1164 2609 die
1190 2574 1274 2610 solis
1300 2575 1487 2621 praeterito
1513 2577 1601 2612 vole·

73 2631 146 2667 bam
174 2632 239 2667 mei
264 2633 336 2678 ipse
364 2632 552 2678 periculum
580 2633 702 2672 facere.
727 2633 755 2668 si
781 2632 954 2681 quomodo
977 2646 1088 2669 aerem
1116 2635 1203 2670 serre
1229 2636 1294 2670 iam
1321 2648 1465 2683 possem,
1484 2648 1524 2672 ac
1542 2637 1606 2673 sub

70 2693 271 2728 concionem
296 2693 338 2728 ad
365 2693 530 2740 templum
559 2693 682 2739 prodii,
711 2694 771 2730 sed
798 2695 933 2730 tantula
958 2695 1254 2732 ambulatiuncula
1278 2697 1328 2733 ita
1348 2698 1490 2734 affectus
1503 2711 1604 2738 eram.

72 2758 109 2787 ut
134 2764 275 2800 corpore
303 2753 401 2799 plane
426 2753 600 2789 delassato
626 2753 661 2789 in
686 2754 800 2790 medio
825 2755 963 2797 itinere,
991 2755 1072 2791 dum
1101 2757 1259 2799 redirem,
1288 2757 1504 2804 paulominus
1521 2770 1602 2794 cou-

71 2812 209 2849 ciderim
236 2814 440 2862 redieritque
467 2826 584 2850 rursus
611 2827 680 2850 non
703 2815 840 2862 quidem
867 2815 972 2852 febris
997 2817 1085 2863 ipsa.
1113 2816 1174 2854 sed
1201 2822 1303 2865 typus
1329 2822 1445 2855 tamen
1474 2819 1604 2855 febrilis

69 2872 217 2921 quidam,
248 2874 307 2923 qui
340 2887 394 2910 mc
428 2875 531 2911 tertio
556 2887 692 2927 quoque
717 2875 772 2919 die
798 2877 841 2918 ab
867 2889 908 2914 eo
933 2878 1009 2932 ipso
1034 2877 1089 2915 die
1115 2878 1199 2917 eolis
1226 2879 1349 2918 leviter
1373 2880 1513 2930 quidem
1538 2880 1599 2918 sed
