1830 3147
815 147 883 187 '749
1341 148 1402 197 [Α.
1429 148 1473 185 D.
1501 148 1613 197 1557]

84 254 147 292 N'.
173 255 254 292 128.
708 259 823 300 [Aulogr.
837 258 858 290 in
873 258 942 293 11011.
955 260 1026 293 Elect.
1039 261 1115 297 llass„
1129 259 1187 294 edil.
1201 260 1296 295 11111111.
1312 261 1378 295 11355.
1390 261 1486 296 Collecl,
1497 261 1525 295 X.
1537 258 1612 304 fla]

274 330 277 332 v
570 349 624 384 Ad
652 351 937 386 LANTGRAVIUM
965 351 1135 387 HAssnu.

131 443 220 478 Cum
246 443 330 478 mihi
355 442 505 478 nuncius
531 443 586 479 hic
614 456 711 479 meus
736 443 1009 480 Francofurturn
1035 444 1078 480 ad
1103 456 1248 481 uxorem
1274 456 1384 481 meam
1402 444 1616 492 ablegandus

81 505 185 546 esset,
212 502 323 538 facere
348 514 418 538 non
444 502 556 549 potui,
582 502 752 550 Princeps
777 503 1038 539 illustrissime!
1067 503 1154 551 quin
1179 504 1221 539 ad
1247 507 1283 540 te
1300 516 1443 551 quoque
1459 515 1522 552 pro
1541 517 1616 540 mea

85 563 122 599 in
153 569 189 599 te
223 562 447 599 observantia
483 563 680 607 scriberem,
715 568 821 611 teque
847 564 889 600 de
914 577 1030 600 rerum
1055 564 1111 600 hic
1136 568 1338 600 nostrarum
1365 565 1451 601 facie
1476 568 1512 601 et
1536 578 1616 612 pro-

84 635 207 670 gressu
232 622 413 670 religionis
441 623 586 660 facerem
613 625 809 660 certiorem.
859 625 1068 672 Quanquam
1094 629 1213 661 autem
1239 625 1325 661 nihil
1352 625 1422 661 fere
1447 625 1618 662 eiusmodi

84 683 236 727 habeam,
270 683 366 731 quod
392 683 468 719 Tua
494 684 585 720 Cels.
612 684 758 731 dignum
783 685 858 721 ullo
884 685 988 722 modo
1013 685 1126 721 videri
1151 686 1274 733 possit,
1301 685 1475 733 quidquid
1500 689 1618 722 tamen

85 744 190 780 huius
215 744 335 788 habeo,
362 745 396 781 id
422 747 541 781 totum
567 745 633 780 tibi
659 745 883 782 indicandum
909 758 985 782 0550
1010 747 1143 793 putavi.
1194 746 1353 782 Primum
1379 746 1488 794 igitur
1514 759 1618 783 031153

83 806 158 853 ipsa
189 805 370 852 religionis
402 808 480 842 tota
510 806 548 841 in
581 806 703 842 futura
737 819 876 843 rursum
915 807 1030 854 Regni
1057 808 1209 844 Comitia
1240 807 1369 844 reiecta
1394 812 1448 844 est
1473 810 1618 856 propter

83 868 306 914 repentinum
344 866 425 903 belli
449 867 613 903 Livonici
639 867 915 912 adornationem,
942 868 1038 916 quod
1064 872 1158 905 certe
1183 881 1308 917 magno
1333 873 1504 917 apparatu
1539 870 1618 906 Rex

85 939 182 963 meus
215 927 330 963 moliri
363 927 518 964 videtur.
551 928 704 964 Interim
741 932 858 965 tamen
890 932 945 965 est
971 929 1132 977 adempta
1155 930 1330 966 autoritas
1355 942 1393 966 ac
1418 930 1618 967 iurisdictio

82 988 264 1036 Episcopis
297 989 335 1024 in
370 990 554 1026 restitutas
590 992 729 1026 nostras
762 991 935 1027 Ecclesias
969 994 1004 1027 et
1031 991 1211 1027 ministros
1239 991 1335 1028 verbi
1362 992 1397 1027 in
1423 992 1618 1028 ditionibus

87 1048 245 1085 virorum
270 1048 465 1093 Nobilium,
500 1050 733 1097 quantumvis
766 1050 820 1087 hic
853 1050 1018 1098 Episcopi
1052 1063 1171 1087 omnes
1197 1051 1330 1098 magnis
1356 1051 1541 1088 conatibus
1567 1065 1618 1088 re-

87 1107 289 1146 clamarent.
324 1110 452 1158 Neque
476 1111 573 1147 aliud
599 1114 653 1147 est
681 1111 874 1159 quidquam
900 1112 1139 1148 constitutum
1166 1112 1202 1148 in
1228 1125 1333 1149 causa
1358 1113 1549 1161 religionis.
1575 1114 1618 1149 In

87 1182 162 1207 meo
189 1183 271 1207 vero
297 1171 365 1208 11110
391 1171 506 1208 reditu
534 1172 584 1208 ita
609 1177 693 1208 sunt
720 1173 886 1209 commoti
912 1185 1032 1209 omnes
1059 1173 1280 1209 sacerdotum
1311 1173 1425 1210 nostri
1452 1174 1620 1222 temporis

87 1231 280 1279 Principes,
317 1233 457 1269 Scribae
493 1238 528 1269 et
562 1233 751 1276 Pharisaei,
785 1236 826 1269 ut
862 1236 978 1270 totum
1011 1246 1121 1269 unum
1148 1233 1239 1270 diem
1264 1233 1440 1271 habendae
1465 1235 1560 1271 inter
1585 1248 1622 1271 se

85 1293 260 1330 duntaxat
298 1294 341 1330 de
366 1307 442 1330 meo
469 1294 587 1330 reditu
623 1294 868 1331 deliberationi
900 1295 1064 1341 protinus
1090 1294 1319 1331 destinarent.
1370 1295 1622 1331 Convenerunt

84 1355 205 1402 itaque
231 1355 400 1403 postridie
426 1369 537 1403 quum
564 1355 606 1391 de
632 1368 708 1392 meo
734 1356 853 1392 reditu
870 1355 1052 1392 audissent
1069 1355 1163 1403 apud
1181 1368 1354 1391 summum
1373 1357 1508 1404 patriae
1524 1369 1620 1394 meae

86 1417 397 1465 Archiepiscopum
423 1417 550 1464 reliqui
576 1417 741 1464 Episcopi
767 1429 886 1453 omnes
914 1417 1058 1464 ipseque
1083 1417 1168 1453 adeo
1193 1417 1362 1453 creatoris
1380 1418 1535 1464 ipsorum
1553 1419 1619 1454 Pa-

85 1491 150 1526 pae
175 1478 328 1514 Romani
352 1478 514 1525 Legatus
537 1480 575 1525 ¹),
602 1482 637 1514 et
656 1479 843 1515 universus
862 1478 1038 1515 Rasorum
1055 1484 1163 1525 atque
1181 1479 1383 1515 Unctorum
1401 1492 1498 1527 grex,
1515 1479 1621 1516 diem-

87 1552 156 1587 que
192 1539 293 1576 illum
327 1542 444 1576 totum
479 1552 548 1576 una
586 1540 635 1575 sic
660 1539 811 1582 collecti,
844 1539 996 1576 exclusis
1020 1539 1138 1576 Laicis
1164 1546 1205 1576 ut
1232 1543 1359 1576 vocant
1385 1540 1558 1584 omnibus,
1584 1541 1621 1576 in

85 1602 293 1648 quaerendis
319 1601 361 1638 de
386 1614 441 1637 me
466 1614 538 1637 11011
565 1601 707 1637 ferendo
733 1601 889 1637 consiliis
915 1601 1196 1648 absumpserunt.
1222 1602 1275 1637 Ac
1301 1614 1344 1637 ne
1370 1605 1447 1637 tum
1465 1602 1620 1649 quidem,

85 1663 169 1699 dum
195 1663 311 1699 cibum
336 1665 513 1710 caperent,
540 1662 651 1698 ullum
678 1674 720 1698 ex
745 1662 862 1698 Laicis
889 1662 1031 1698 omnino
1056 1662 1093 1698 in
1118 1662 1344 1698 caenaculum
1363 1663 1476 1710 ipsum
1494 1663 1620 1699 admit-

86 1731 160 1762 tere
193 1725 399 1769 voluerunt,
433 1737 476 1761 ne
508 1725 595 1772 quid
629 1724 679 1759 eis
713 1724 805 1760 forte
839 1724 932 1759 inter
959 1723 1084 1771 pocula
1110 1723 1297 1768 excideret,
1325 1725 1420 1771 quod
1445 1724 1618 1761 caelatum

85 1786 295 1823 voluissent.
329 1787 426 1822 Haec
458 1789 560 1822 tanta
593 1786 749 1833 ipsorum
776 1784 967 1821 solicitudo
1006 1785 1184 1833 plerisque
1210 1786 1321 1821 risum
1346 1787 1521 1830 movebat,
1548 1799 1620 1823 non

84 1848 182 1884 laicis
214 1847 330 1892 modo,
364 1848 424 1884 sed
458 1848 500 1884 iis
527 1847 644 1890 etiam,
671 1847 734 1894 qui
759 1848 795 1882 111
820 1847 948 1882 intimo
974 1846 1128 1894 ipsorum
1156 1852 1262 1883 coetu
1288 1847 1447 1891 fuerunt,
1472 1847 1618 1894 quibus-

84 1909 163 1945 dam
196 1922 279 1946 vero
313 1922 383 1945 non
416 1909 529 1945 levem
562 1909 667 1945 etiam
693 1908 953 1944 dubitationem
979 1907 1022 1943 de
1048 1911 1125 1944 tota
1150 1921 1272 1944 eorum
1297 1921 1400 1944 causa
1426 1908 1616 1953 iniiciebat,

86 1971 149 2018 qui
174 1970 210 2006 id
234 1970 319 2006 1111111
344 1974 467 2018 postea
492 1970 634 2018 ipsimet
659 1969 871 2005 indicarunt.
923 1971 1064 2005 Summa
1089 1972 1209 2006 autem
1234 1969 1365 2017 primae
1391 1982 1512 2006 eorum
1537 1983 1618 2006 con-

87 2031 291 2068 sultationis
324 2031 407 2067 haec
434 2031 515 2075 fuit,
541 2034 582 2067 ut
609 2030 701 2078 apud
727 2030 861 2078 Regem
887 2030 1102 2066 unanimiter
1128 2043 1248 2066 omnes
1273 2031 1458 2075 instarent,
1485 2044 1528 2067 ne
1553 2044 1618 2075 me,

85 2096 261 2140 quatenus
286 2092 444 2140 alioquin
470 2105 613 2140 peregre
638 2092 771 2128 firmam
798 2091 913 2128 sedem
939 2091 1071 2127 nullam
1097 2091 1222 2127 habere
1248 2091 1417 2128 hactenus
1441 2092 1555 2139 potui,
1581 2092 1618 2128 in

83 2155 210 2202 Regno
244 2155 349 2191 etiam
375 2167 439 2191 suo
466 2155 584 2198 ferret,
611 2154 671 2190 sed
696 2154 815 2202 potius
842 2157 884 2189 ut
910 2153 1084 2189 hominem
1112 2165 1239 2200 vagum
1265 2156 1374 2200 atque
1399 2153 1616 2190 haereticum

84 2216 209 2264 Regno
235 2229 378 2263 quoque
404 2228 468 2252 suo
495 2215 708 2252 excluderet.
736 2215 841 2251 Unus
867 2219 985 2250 tamen
1010 2213 1150 2250 illorum
1178 2214 1311 2250 frustra
1336 2214 1400 2250 hoc
1426 2213 1498 2251 tale
1522 2215 1617 2263 ipso-

84 2290 163 2314 rum
188 2278 231 2315 de
256 2291 310 2315 me
335 2277 519 2314 consilium
544 2277 670 2324 agitari
695 2276 843 2320 dicebat,
870 2275 966 2323 quod
991 2275 1097 2312 sciret
1122 2276 1257 2323 Regem
1283 2276 1319 2312 id
1344 2276 1617 2324 haudquaquam

85 2340 262 2376 facturum
297 2352 384 2383 esse,
416 2352 495 2375 cum
527 2341 671 2387 propter
704 2338 832 2374 amicos
867 2350 962 2374 meos
989 2337 1114 2385 [quos]
1133 2339 1162 2385 ²)
1189 2337 1226 2373 in
1251 2337 1327 2386 ipso
1353 2338 1458 2374 etiam
1485 2339 1618 2375 Senatu

84 2402 212 2449 Regni,
249 2414 362 2449 neque
394 2414 536 2448 paucos,
571 2413 685 2447 neque
716 2401 845 2436 iterum
877 2402 1074 2447 postremos
1099 2398 1270 2443 haberem,
1297 2398 1360 2446 qui
1384 2399 1616 2447 proculdubio

85 2463 308 2500 reclamaturi
340 2468 468 2507 essent,
499 2464 576 2498 tum
611 2461 714 2497 etiam
749 2463 892 2508 propter
926 2460 1020 2506 leges
1057 2460 1199 2508 patrias,
1232 2472 1294 2508 per
1335 2472 1423 2507 quas
1456 2460 1492 2497 id
1525 2461 1616 2508 Regi

83 2524 195 2561 facere
220 2523 318 2560 nullo
345 2524 447 2560 modo
472 2523 603 2559 liceret.
629 2521 873 2568 Quaerendum
899 2533 974 2558 esse
998 2521 1108 2568 igitur
1133 2521 1229 2557 aliud
1254 2521 1438 2558 consilium
1463 2523 1617 2560 omnino.

84 2585 141 2621 Ibi
175 2597 257 2621 vero
291 2597 384 2621 unus
418 2584 670 2632 Episcoporum
706 2582 836 2628 ‚Quod
870 2595 945 2629 ego,
971 2582 1102 2629 inquit,
1125 2582 1283 2618 omnium
1310 2583 1458 2619 maxime
1483 2595 1618 2631 semper

86 2645 293 2688 metuebam,
328 2644 363 2680 id
403 2644 472 2679 iam
507 2643 644 2680 venisse
685 2643 800 2687 video,
835 2655 958 2690 nempe
992 2642 1089 2690 quod
1125 2642 1169 2677 D.
1195 2642 1305 2678 Laski
1330 2643 1470 2680 rediit’'.
1519 2644 1616 2681 Huic

84 2705 257 2753 Episcopo
283 2717 364 2741 mox
389 2705 479 2740 alter
505 2707 541 2740 et
566 2704 707 2751 quidem
733 2703 881 2740 aliorum
907 2703 1100 2750 Coripheus
1127 2703 1323 2739 subiunxit.
1352 2703 1475 2750 ,Quid
1490 2705 1616 2750 verbis,

83 2767 212 2814 inquit,
251 2780 338 2815 opus
374 2770 438 2810 est,
474 2766 640 2802 Carnifex
674 2768 795 2802 noster
820 2766 888 2801 iam
913 2764 1093 2801 advenit”.
1142 2765 1202 2800 Ita
1227 2765 1372 2812 primam
1398 2779 1495 2802 suam
1522 2766 1617 2804 illam

85 2828 383 2865 consultationem
424 2828 560 2864 mutuis
601 2827 803 2864 istiusmodi
844 2827 938 2863 inter
971 2839 1006 2862 se
1039 2826 1354 2874 disceptationibus
1379 2827 1414 2863 in
1439 2828 1618 2865 meridiem

85 2889 156 2926 fere
183 2892 424 2926 extraxerunt.
466 2890 556 2925 Post
582 2901 718 2926 mensas
744 2901 827 2925 vero
852 2901 892 2925 ac
917 2887 1041 2936 pocula
1067 2887 1227 2934 quaesita
1253 2891 1336 2924 sunt
1361 2901 1500 2925 rursum
1526 2903 1618 2927 nova

82 2950 253 2988 adversus
287 2964 343 2988 me
376 2950 523 2987 consilia
547 2951 800 2998 decretumque
823 2950 866 2987 ab
892 2949 963 2986 illis
988 2949 1210 2993 unanimiter,
1236 2953 1279 2987 ut
1303 2950 1438 2998 Regem
1463 2954 1615 2999 orarent,
