1830 3147
338 61 357 95 ιιι

365 61 384 95 0

391 61 410 94 {Q

868 65 958 92 CAT.
991 65 1099 92 ECCL.
1130 65 1227 93 EMD.

1020 167 1077 207 ΙΙ.

395 233 483 271 Non
531 232 691 283 [fundes
727 233 810 281 nec]
858 232 1003 282 sculpes
1047 230 1119 268 tibi
1153 230 1423 268 simulachrum
1460 229 1592 275 ullum,
1629 242 1748 280 neque

343 297 547 347 imaginem
582 297 703 335 ullum
731 298 861 346 [neque
888 296 1185 344 similitudinem]
1215 296 1378 344 effinges,
1404 307 1531 331 eorum
1561 307 1657 344 quae
1685 297 1749 332 aut

343 362 383 398 in
421 360 525 398 coelo
563 364 653 397 sunt
687 373 848 405 sursum,
883 362 948 396 aut
977 358 1150 396 deorsum
1176 358 1217 395 in
1244 363 1356 401 terra,
1383 361 1449 395 aut
1476 358 1515 394 in
1543 357 1651 407 aquis
1680 357 1750 394 sub

344 431 455 463 terra.
485 424 576 461 Non
604 424 780 462 adorabis
809 437 851 461 ea
869 436 990 474 neque
1009 423 1165 472 [servies
1183 422 1234 460 iis
1252 423 1383 470 neque]
1405 422 1518 459 coles.
1549 421 1632 470 Ego
1652 421 1752 458 enim

346 501 428 527 sum
465 489 606 526 Iehova
644 488 747 526 Deus
783 494 884 534 tuus,
920 487 1031 525 fortis
1067 486 1289 530 aemulator,
1325 486 1484 524 visitans
1514 485 1753 536 iniquitatem

345 558 494 604 patrum
531 553 572 591 in
608 553 708 590 filios
745 552 783 590 in
811 542 962 590 tertiam
989 563 1109 601 usque
1136 553 1173 588 et
1200 554 1374 601 quartam
1403 550 1688 599 generationem
1707 549 1754 587 iis

346 617 412 668 qui
448 616 610 654 oderunt
645 629 717 662 me,
752 617 826 664 (et)
863 615 1006 652 faciens
1044 614 1201 664 [autem]
1238 613 1535 651 misericordiam
1562 613 1604 651 in
1634 612 1754 650 millia

348 681 519 731 [qenera]
549 679 595 718 iis
622 680 688 730 qui
716 679 883 729 diligunt
911 692 969 716 me
995 682 1032 716 et
1061 677 1281 716 custodiunt
1307 682 1505 728 praecepta
1533 689 1628 716 mea.

403 871 491 908 Non
520 869 719 921 usurpabis
746 882 885 908 nomen
913 869 1078 908 Iehovae
1106 868 1177 907 Dei
1203 869 1260 906 tui
1289 869 1454 918 [temere]
1485 869 1623 906 frustra
1651 869 1761 917 [vane

351 937 428 973 slve
462 935 627 983 leviter}
682 934 772 971 Non
807 934 908 972 enim
944 934 1135 972 insontem
1169 933 1321 971 habebit
1361 932 1546 970 Dominus
1573 945 1668 979 cum,
1696 931 1761 982 qui

352 998 553 1049 sumpserit
579 1011 717 1036 nomen
746 997 823 1035 eius
851 997 890 1035 in
919 1010 1069 1044 vanum,
1100 997 1290 1046 [ἵν-Μῖνα,
1317 996 1450 1034 leviter
1477 1000 1545 1034 aut
1572 995 1734 1043 temer-ej.

1007 1188 1110 1228 IIII.

405 1255 619 1293 Recordare
646 1254 745 1292 diem
773 1253 964 1301 sabbathi,
991 1257 1031 1292 ut
1060 1253 1273 1292 sanctifices
1301 1266 1398 1299 eum,
1426 1266 1490 1291 sex
1519 1253 1652 1291 diebus
1672 1265 1759 1302 ope-

353 1319 508 1365 raberis,
534 1323 571 1357 ot
598 1319 713 1356 facies
741 1331 852 1356 omne
879 1331 971 1369 opus
998 1322 1117 1363 tuum,
1145 1318 1323 1368 septimus
1352 1330 1438 1355 vero
1459 1323 1515 1355 est
1534 1316 1761 1354 sabbathum

354 1383 508 1421 Domini
543 1383 613 1421 Dei
650 1383 718 1421 tui.
757 1383 848 1419 Non
886 1382 1003 1420 facies
1038 1382 1078 1419 in
1111 1395 1154 1419 eo
1193 1382 1310 1419 ullum
1346 1394 1453 1432 opus,
1491 1382 1622 1430 [neque
1649 1382 1762 1430 filius

354 1453 452 1491 tuus,
486 1460 599 1496 neque
623 1447 720 1497 filia
755 1447 840 1495 tua]
878 1459 948 1483 neo
985 1458 1114 1483 servus
1152 1449 1254 1491 tuus,
1291 1458 1361 1482 nee
1388 1445 1528 1482 aneilla
1557 1446 1617 1494 [vt
1645 1445 1761 1482 otium

354 1516 471 1562 ayant
498 1511 793 1560 quemadmodum
820 1511 892 1559 tu]‚
920 1523 1041 1560 neque
1068 1509 1151 1557 bos,
1178 1523 1300 1560 neque
1326 1510 1469 1555 asinus,
1495 1521 1616 1560 neque
1635 1508 1763 1559 inqui-

354 1577 468 1621 linus,
503 1576 568 1627 qui
605 1575 753 1613 habitat
787 1575 887 1612 inter
913 1579 1044 1626 portas
1070 1578 1168 1612 tuas.
1222 1573 1322 1611 Nam
1352 1587 1418 1611 sex
1446 1573 1579 1611 diebus
1606 1573 1764 1624 perfecit

357 1642 458 1679 Deus
495 1641 652 1685 coelum,
683 1645 823 1678 terram
858 1642 895 1677 et
931 1652 1045 1685 mare,
1080 1643 1117 1676 et
1153 1638 1334 1689 quiequid
1362 1638 1402 1676 in
1429 1638 1507 1675 illis
1536 1638 1766 1682 continetur,
1806 1644 1814 1652 ‘

358 1706 514 1757 septimo
543 1704 684 1756 quievit
712 1705 774 1754 [ab
803 1703 901 1741 omni
928 1716 1039 1753 opere
1063 1703 1161 1752 Su0].
1189 1702 1325 1753 Itaque
1354 1702 1548 1741 benedixit
1575 1702 1648 1740 diei
1676 1701 1763 1740 sab-

358 1770 466 1808 bathi
494 1775 530 1808 et
556 1782 642 1808 eum
672 1772 845 1807 sanctum
878 1767 953 1805 sibi
981 1767 1205 1818 segregavit.

412 2027 571 2064 Honora
597 2031 740 2076 patrem
768 2031 805 2063 et
831 2028 988 2062 matrem
1016 2029 1058 2062 ut
1086 2027 1337 2075 prorogentur
1366 2024 1443 2061 dies
1471 2023 1527 2061 tui
1555 2036 1664 2074 super
1690 2026 1765 2061 ter-

362 2105 440 2129 ram
470 2093 523 2141 [et
545 2103 729 2143 prospere
755 2103 815 2128 res·
843 2094 930 2128 tuae
956 2090 1029 2128 tibi
1056 2089 1189 2127 cedant
1217 2092 1254 2126 in
1281 2089 1448 2138 reqionej
1477 2102 1587 2139 quani
1610 2088 1765 2126 daturus

363 2161 418 2193 cst
445 2155 516 2193 tibi
543 2154 730 2192 Dominus
757 2153 859 2191 Deus
887 2158 987 2192 tuus.

1031 2217 1100 2256 VI.

416 2283 504 2320 Non
532 2281 693 2319 occides.

1022 2342 1114 2381 VII.

416 2412 452 2448 N
457 2425 506 2449 on
534 2410 803 2448 moechaberis.

1012 2472 1126 2511 VIII.

419 2541 507 2578 Non
535 2538 730 2577 furaberis.

1033 2600 1104 2638 IX.

419 2668 509 2706 Non
538 2667 609 2705 eris
637 2667 815 2705 adversus
843 2664 1054 2716 proximum
1084 2666 1188 2702 tuum
1221 2663 1322 2702 testis
1351 2662 1521 2701 mendax„
