<?xml version="1.0" encoding="UTF-8"?>
<!DOCTYPE html PUBLIC "-//W3C//DTD XHTML 1.0 Transitional//EN"
    "http://www.w3.org/TR/xhtml1/DTD/xhtml1-transitional.dtd">
<html xmlns="http://www.w3.org/1999/xhtml" xml:lang="en" lang="en">
 <head>
  <title>
</title>
<meta http-equiv="Content-Type" content="text/html;charset=utf-8" />
  <meta name='ocr-system' content='tesseract 3.04.00' />
  <meta name='ocr-capabilities' content='ocr_page ocr_carea ocr_par ocr_line ocrx_word'/>
</head>
<body>
  <div class='ocr_page' id='page_1' title='image "./operatameditaqua02lask_0786.png"; bbox 0 0 1830 3147; ppageno 0'>
   <div class='ocr_carea' id='block_1_1' title="bbox 176 71 976 122">
    <p class='ocr_par' dir='ltr' id='par_1_1' title="bbox 176 71 976 122">
     <span class='ocr_line' id='line_1_1' title="bbox 176 71 976 122; baseline -0.008 -11"><span class='ocrx_word' id='word_1_1' title='bbox 176 74 241 122; x_wconf 88' lang='lat' dir='ltr'>[A.</span> <span class='ocrx_word' id='word_1_2' title='bbox 265 73 317 110; x_wconf 82' lang='lat' dir='ltr'>D.</span> <span class='ocrx_word' id='word_1_3' title='bbox 341 72 453 119; x_wconf 82' lang='lat'>1559]</span> <span class='ocrx_word' id='word_1_4' title='bbox 908 71 976 110; x_wconf 75' lang='lat'>760</span> 
     </span>
    </p>
   </div>
   <div class='ocr_carea' id='block_1_2' title="bbox 176 179 1719 2299">
    <p class='ocr_par' dir='ltr' id='par_1_2' title="bbox 176 179 1719 2299">
     <span class='ocr_line' id='line_1_2' title="bbox 176 179 1711 229; baseline 0.001 -10"><span class='ocrx_word' id='word_1_5' title='bbox 176 195 240 219; x_wconf 85' lang='lat' dir='ltr'>sua</span> <span class='ocrx_word' id='word_1_6' title='bbox 274 180 481 218; x_wconf 84' lang='lat' dir='ltr'>restituendi</span> <span class='ocrx_word' id='word_1_7' title='bbox 514 180 630 216; x_wconf 88' lang='lat' dir='ltr'>cultus</span> <span class='ocrx_word' id='word_1_8' title='bbox 668 179 742 216; x_wconf 85' lang='lat' dir='ltr'>veri</span> <span class='ocrx_word' id='word_1_9' title='bbox 775 179 900 216; x_wconf 89' lang='lat' dir='ltr'>habere</span> <span class='ocrx_word' id='word_1_10' title='bbox 931 180 1050 222; x_wconf 90' lang='lat' dir='ltr'>vellet,</span> <span class='ocrx_word' id='word_1_11' title='bbox 1083 180 1231 217; x_wconf 88' lang='lat' dir='ltr'>invisum</span> <span class='ocrx_word' id='word_1_12' title='bbox 1265 192 1407 229; x_wconf 87' lang='lat' dir='ltr'>prorsus</span> <span class='ocrx_word' id='word_1_13' title='bbox 1433 181 1586 226; x_wconf 82' lang='lat' dir='ltr'>haberet,</span> <span class='ocrx_word' id='word_1_14' title='bbox 1611 185 1711 220; x_wconf 88' lang='lat' dir='ltr'>tauta</span> 
     </span>
     <span class='ocr_line' id='line_1_3' title="bbox 179 241 1712 291; baseline 0.001 -12"><span class='ocrx_word' id='word_1_15' title='bbox 179 243 273 291; x_wconf 86' lang='lat' dir='ltr'>apud</span> <span class='ocrx_word' id='word_1_16' title='bbox 298 243 378 279; x_wconf 88' lang='lat' dir='ltr'>illos</span> <span class='ocrx_word' id='word_1_17' title='bbox 404 241 544 278; x_wconf 89' lang='lat' dir='ltr'>tandem</span> <span class='ocrx_word' id='word_1_18' title='bbox 569 241 749 277; x_wconf 88' lang='lat' dir='ltr'>calumniis</span> <span class='ocrx_word' id='word_1_19' title='bbox 777 242 849 276; x_wconf 89' lang='lat' dir='ltr'>suis</span> <span class='ocrx_word' id='word_1_20' title='bbox 873 241 998 283; x_wconf 86' lang='lat' dir='ltr'>effecit,</span> <span class='ocrx_word' id='word_1_21' title='bbox 1024 245 1063 276; x_wconf 90' lang='lat' dir='ltr'>nt</span> <span class='ocrx_word' id='word_1_22' title='bbox 1078 241 1247 287; x_wconf 81' lang='lat' dir='ltr'>Iosephus</span> <span class='ocrx_word' id='word_1_23' title='bbox 1263 245 1382 278; x_wconf 90' lang='lat' dir='ltr'>noster</span> <span class='ocrx_word' id='word_1_24' title='bbox 1395 242 1712 288; x_wconf 86' lang='lat' dir='ltr'>innocentissimus,</span> 
     </span>
     <span class='ocr_line' id='line_1_4' title="bbox 178 301 1718 352; baseline 0.001 -14"><span class='ocrx_word' id='word_1_25' title='bbox 178 305 271 352; x_wconf 83' lang='lat' dir='ltr'>quod</span> <span class='ocrx_word' id='word_1_26' title='bbox 304 302 348 339; x_wconf 89' lang='lat' dir='ltr'>ad</span> <span class='ocrx_word' id='word_1_27' title='bbox 372 302 563 338; x_wconf 81' lang='lat' dir='ltr'>doctrinam</span> <span class='ocrx_word' id='word_1_28' title='bbox 588 313 628 337; x_wconf 87' lang='lat' dir='ltr'>ac</span> <span class='ocrx_word' id='word_1_29' title='bbox 652 301 786 338; x_wconf 86' lang='lat' dir='ltr'>cultum</span> <span class='ocrx_word' id='word_1_30' title='bbox 811 301 883 336; x_wconf 91' lang='lat' dir='ltr'>eius</span> <span class='ocrx_word' id='word_1_31' title='bbox 907 301 1089 344; x_wconf 79' lang='lat' dir='ltr'>attinebat,</span> <span class='ocrx_word' id='word_1_32' title='bbox 1116 302 1260 338; x_wconf 88' lang='lat' dir='ltr'>vinculis</span> <span class='ocrx_word' id='word_1_33' title='bbox 1284 303 1488 350; x_wconf 83' lang='lat' dir='ltr'>quibusdam</span> <span class='ocrx_word' id='word_1_34' title='bbox 1515 303 1718 351; x_wconf 82' lang='lat' dir='ltr'>prudentiae</span> 
     </span>
     <span class='ocr_line' id='line_1_5' title="bbox 180 362 1716 413; baseline 0.001 -12"><span class='ocrx_word' id='word_1_35' title='bbox 180 365 284 402; x_wconf 88' lang='lat' dir='ltr'>huius</span> <span class='ocrx_word' id='word_1_36' title='bbox 318 362 438 400; x_wconf 90' lang='lat' dir='ltr'>mundi</span> <span class='ocrx_word' id='word_1_37' title='bbox 469 362 716 406; x_wconf 79' lang='lat' dir='ltr'><strong>includeretur,</strong></span> <span class='ocrx_word' id='word_1_38' title='bbox 739 363 787 399; x_wconf 91' lang='lat' dir='ltr'>sic</span> <span class='ocrx_word' id='word_1_39' title='bbox 813 365 853 398; x_wconf 88' lang='lat' dir='ltr'>ut</span> <span class='ocrx_word' id='word_1_40' title='bbox 878 374 987 410; x_wconf 88' lang='lat' dir='ltr'>neque</span> <span class='ocrx_word' id='word_1_41' title='bbox 1010 363 1090 398; x_wconf 79' lang='lat' dir='ltr'>Rex</span> <span class='ocrx_word' id='word_1_42' title='bbox 1115 363 1187 409; x_wconf 88' lang='lat' dir='ltr'>ipse</span> <span class='ocrx_word' id='word_1_43' title='bbox 1212 363 1458 410; x_wconf 75' lang='lat' dir='ltr'>pientissimus,</span> <span class='ocrx_word' id='word_1_44' title='bbox 1482 376 1716 413; x_wconf 77' lang='lat' dir='ltr'>nequesanc·</span> 
     </span>
     <span class='ocr_line' id='line_1_6' title="bbox 179 423 1718 473; baseline -0.001 -11"><span class='ocrx_word' id='word_1_45' title='bbox 179 426 302 462; x_wconf 79' lang='lat' dir='ltr'><strong>tissimi</strong></span> <span class='ocrx_word' id='word_1_46' title='bbox 327 424 480 473; x_wconf 80' lang='lat' dir='ltr'>plerique</span> <span class='ocrx_word' id='word_1_47' title='bbox 505 424 569 460; x_wconf 90' lang='lat' dir='ltr'>viri</span> <span class='ocrx_word' id='word_1_48' title='bbox 593 424 671 466; x_wconf 89' lang='lat' dir='ltr'>Dei,</span> <span class='ocrx_word' id='word_1_49' title='bbox 694 425 754 471; x_wconf 89' lang='lat' dir='ltr'>qui</span> <span class='ocrx_word' id='word_1_50' title='bbox 779 435 875 462; x_wconf 89' lang='lat' dir='ltr'>suam</span> <span class='ocrx_word' id='word_1_51' title='bbox 903 423 1054 471; x_wconf 85' lang='lat' dir='ltr'>ipsorum</span> <span class='ocrx_word' id='word_1_52' title='bbox 1078 423 1182 460; x_wconf 86' lang='lat' dir='ltr'>fidem</span> <span class='ocrx_word' id='word_1_53' title='bbox 1206 426 1242 459; x_wconf 90' lang='lat' dir='ltr'>et</span> <span class='ocrx_word' id='word_1_54' title='bbox 1260 424 1424 471; x_wconf 84' lang='lat' dir='ltr'>pietatem</span> <span class='ocrx_word' id='word_1_55' title='bbox 1439 426 1718 462; x_wconf 75' lang='lat' dir='ltr'>constantissime</span> 
     </span>
     <span class='ocr_line' id='line_1_7' title="bbox 180 485 1716 533; baseline 0.001 -11"><span class='ocrx_word' id='word_1_56' title='bbox 180 489 263 522; x_wconf 90' lang='lat' dir='ltr'>sunt</span> <span class='ocrx_word' id='word_1_57' title='bbox 297 485 462 533; x_wconf 88' lang='lat' dir='ltr'>sanguine</span> <span class='ocrx_word' id='word_1_58' title='bbox 487 497 552 521; x_wconf 93' lang='lat' dir='ltr'>suo</span> <span class='ocrx_word' id='word_1_59' title='bbox 576 487 697 532; x_wconf 84' lang='lat' dir='ltr'>postea</span> <span class='ocrx_word' id='word_1_60' title='bbox 721 485 921 527; x_wconf 86' lang='lat' dir='ltr'>contestati,</span> <span class='ocrx_word' id='word_1_61' title='bbox 950 496 1069 520; x_wconf 89' lang='lat' dir='ltr'>verum</span> <span class='ocrx_word' id='word_1_62' title='bbox 1094 496 1135 521; x_wconf 88' lang='lat' dir='ltr'>ac</span> <span class='ocrx_word' id='word_1_63' title='bbox 1160 497 1284 532; x_wconf 89' lang='lat' dir='ltr'>purum</span> <span class='ocrx_word' id='word_1_64' title='bbox 1311 486 1377 528; x_wconf 86' lang='lat' dir='ltr'>Dei</span> <span class='ocrx_word' id='word_1_65' title='bbox 1401 486 1549 528; x_wconf 84' lang='lat' dir='ltr'>cultum,</span> <span class='ocrx_word' id='word_1_66' title='bbox 1577 487 1716 523; x_wconf 86' lang='lat' dir='ltr'>reiectis</span> 
     </span>
     <span class='ocr_line' id='line_1_8' title="bbox 184 545 1719 594; baseline 0.001 -11"><span class='ocrx_word' id='word_1_67' title='bbox 184 546 514 583; x_wconf 86' lang='lat' dir='ltr'>Antichristianismi</span> <span class='ocrx_word' id='word_1_68' title='bbox 543 546 635 581; x_wconf 89' lang='lat' dir='ltr'>notis</span> <span class='ocrx_word' id='word_1_69' title='bbox 669 545 841 589; x_wconf 88' lang='lat' dir='ltr'>omnibus,</span> <span class='ocrx_word' id='word_1_70' title='bbox 875 545 1065 581; x_wconf 84' lang='lat' dir='ltr'>instaurare</span> <span class='ocrx_word' id='word_1_71' title='bbox 1098 545 1200 593; x_wconf 90' lang='lat' dir='ltr'>plane</span> <span class='ocrx_word' id='word_1_72' title='bbox 1225 550 1381 594; x_wconf 82' lang='lat' dir='ltr'>possent,</span> <span class='ocrx_word' id='word_1_73' title='bbox 1409 546 1468 582; x_wconf 91' lang='lat' dir='ltr'>sed</span> <span class='ocrx_word' id='word_1_74' title='bbox 1493 548 1581 583; x_wconf 86' lang='lat' dir='ltr'>ferre</span> <span class='ocrx_word' id='word_1_75' title='bbox 1606 548 1719 584; x_wconf 86' lang='lat' dir='ltr'>coacti</span> 
     </span>
     <span class='ocr_line' id='line_1_9' title="bbox 182 606 1718 657; baseline 0.001 -13"><span class='ocrx_word' id='word_1_76' title='bbox 182 609 261 651; x_wconf 86' lang='lat' dir='ltr'>sint,</span> <span class='ocrx_word' id='word_1_77' title='bbox 298 611 336 643; x_wconf 92' lang='lat' dir='ltr'>ut</span> <span class='ocrx_word' id='word_1_78' title='bbox 368 607 527 644; x_wconf 87' lang='lat' dir='ltr'>Christus</span> <span class='ocrx_word' id='word_1_79' title='bbox 560 607 729 644; x_wconf 85' lang='lat' dir='ltr'>Dominus</span> <span class='ocrx_word' id='word_1_80' title='bbox 767 608 802 643; x_wconf 89' lang='lat' dir='ltr'>in</span> <span class='ocrx_word' id='word_1_81' title='bbox 838 606 997 644; x_wconf 84' lang='lat' dir='ltr'>doctrina</span> <span class='ocrx_word' id='word_1_82' title='bbox 1035 611 1071 643; x_wconf 91' lang='lat' dir='ltr'>et</span> <span class='ocrx_word' id='word_1_83' title='bbox 1105 607 1202 643; x_wconf 89' lang='lat' dir='ltr'>cultu</span> <span class='ocrx_word' id='word_1_84' title='bbox 1236 619 1300 643; x_wconf 90' lang='lat' dir='ltr'>suo</span> <span class='ocrx_word' id='word_1_85' title='bbox 1325 609 1469 655; x_wconf 88' lang='lat' dir='ltr'>privatis</span> <span class='ocrx_word' id='word_1_86' title='bbox 1492 608 1718 657; x_wconf 87' lang='lat' dir='ltr'>Potipharum</span> 
     </span>
     <span class='ocr_line' id='line_1_10' title="bbox 179 668 1715 718; baseline 0.001 -14"><span class='ocrx_word' id='word_1_87' title='bbox 179 669 361 704; x_wconf 85' lang='lat' dir='ltr'>affectibus</span> <span class='ocrx_word' id='word_1_88' title='bbox 384 669 420 704; x_wconf 90' lang='lat' dir='ltr'>in</span> <span class='ocrx_word' id='word_1_89' title='bbox 443 670 560 704; x_wconf 81' lang='lat' dir='ltr'>uxoris</span> <span class='ocrx_word' id='word_1_90' title='bbox 585 669 736 715; x_wconf 91' lang='lat' dir='ltr'>ipsorum</span> <span class='ocrx_word' id='word_1_91' title='bbox 762 669 907 716; x_wconf 84' lang='lat' dir='ltr'>gratiam</span> <span class='ocrx_word' id='word_1_92' title='bbox 932 668 1172 716; x_wconf 77' lang='lat' dir='ltr'>indigniSsime</span> <span class='ocrx_word' id='word_1_93' title='bbox 1197 669 1353 705; x_wconf 83' lang='lat' dir='ltr'>serviret.</span> <span class='ocrx_word' id='word_1_94' title='bbox 1392 669 1546 706; x_wconf 84' lang='lat' dir='ltr'>Possent</span> <span class='ocrx_word' id='word_1_95' title='bbox 1570 671 1715 718; x_wconf 86' lang='lat' dir='ltr'>proferri</span> 
     </span>
     <span class='ocr_line' id='line_1_11' title="bbox 182 729 1717 778; baseline 0.003 -14"><span class='ocrx_word' id='word_1_96' title='bbox 182 732 218 766; x_wconf 88' lang='lat' dir='ltr'>et·</span> <span class='ocrx_word' id='word_1_97' title='bbox 250 729 406 776; x_wconf 84' lang='lat' dir='ltr'>exempla</span> <span class='ocrx_word' id='word_1_98' title='bbox 443 732 479 764; x_wconf 90' lang='lat' dir='ltr'>et</span> <span class='ocrx_word' id='word_1_99' title='bbox 511 731 650 765; x_wconf 90' lang='lat' dir='ltr'>nomina</span> <span class='ocrx_word' id='word_1_100' title='bbox 683 729 911 777; x_wconf 85' lang='lat' dir='ltr'>Potipharum</span> <span class='ocrx_word' id='word_1_101' title='bbox 946 729 1084 765; x_wconf 86' lang='lat' dir='ltr'>illorum</span> <span class='ocrx_word' id='word_1_102' title='bbox 1117 729 1147 765; x_wconf 89' lang='lat' dir='ltr'>si</span> <span class='ocrx_word' id='word_1_103' title='bbox 1184 742 1254 765; x_wconf 89' lang='lat' dir='ltr'>non</span> <span class='ocrx_word' id='word_1_104' title='bbox 1289 742 1342 766; x_wconf 91' lang='lat' dir='ltr'>res</span> <span class='ocrx_word' id='word_1_105' title='bbox 1367 731 1441 777; x_wconf 87' lang='lat' dir='ltr'>ipsa</span> <span class='ocrx_word' id='word_1_106' title='bbox 1465 731 1543 778; x_wconf 89' lang='lat' dir='ltr'>plus</span> <span class='ocrx_word' id='word_1_107' title='bbox 1569 731 1717 768; x_wconf 89' lang='lat' dir='ltr'>invidiae</span> 
     </span>
     <span class='ocr_line' id='line_1_12' title="bbox 181 790 1717 837; baseline 0.002 -12"><span class='ocrx_word' id='word_1_108' title='bbox 181 794 283 837; x_wconf 89' lang='lat' dir='ltr'>atque</span> <span class='ocrx_word' id='word_1_109' title='bbox 315 790 386 825; x_wconf 87' lang='lat' dir='ltr'>odii</span> <span class='ocrx_word' id='word_1_110' title='bbox 419 800 521 837; x_wconf 85' lang='lat' dir='ltr'>quam</span> <span class='ocrx_word' id='word_1_111' title='bbox 558 791 693 826; x_wconf 86' lang='lat' dir='ltr'>fructus</span> <span class='ocrx_word' id='word_1_112' title='bbox 731 790 812 826; x_wconf 90' lang='lat' dir='ltr'>boni</span> <span class='ocrx_word' id='word_1_113' title='bbox 846 790 950 826; x_wconf 91' lang='lat' dir='ltr'>ullius</span> <span class='ocrx_word' id='word_1_114' title='bbox 986 802 1103 826; x_wconf 88' lang='lat' dir='ltr'>seeum</span> <span class='ocrx_word' id='word_1_115' title='bbox 1128 790 1276 826; x_wconf 89' lang='lat' dir='ltr'>allatura</span> <span class='ocrx_word' id='word_1_116' title='bbox 1300 803 1372 826; x_wconf 90' lang='lat' dir='ltr'>esse</span> <span class='ocrx_word' id='word_1_117' title='bbox 1399 791 1584 830; x_wconf 87' lang='lat' dir='ltr'>videretur.</span> <span class='ocrx_word' id='word_1_118' title='bbox 1630 792 1717 829; x_wconf 85' lang='lat' dir='ltr'>Eam</span> 
     </span>
     <span class='ocr_line' id='line_1_13' title="bbox 182 851 1718 900; baseline 0 -12"><span class='ocrx_word' id='word_1_119' title='bbox 182 864 283 900; x_wconf 89' lang='lat' dir='ltr'>porro</span> <span class='ocrx_word' id='word_1_120' title='bbox 308 852 455 888; x_wconf 86' lang='lat' dir='ltr'>nominis</span> <span class='ocrx_word' id='word_1_121' title='bbox 480 852 536 887; x_wconf 91' lang='lat' dir='ltr'>sui</span> <span class='ocrx_word' id='word_1_122' title='bbox 560 851 808 888; x_wconf 87' lang='lat' dir='ltr'>contumeliam</span> <span class='ocrx_word' id='word_1_123' title='bbox 833 855 873 888; x_wconf 91' lang='lat' dir='ltr'>ut</span> <span class='ocrx_word' id='word_1_124' title='bbox 899 863 1076 897; x_wconf 83' lang='lat' dir='ltr'>nunquam</span> <span class='ocrx_word' id='word_1_125' title='bbox 1102 864 1174 888; x_wconf 87' lang='lat' dir='ltr'>non</span> <span class='ocrx_word' id='word_1_126' title='bbox 1195 856 1249 887; x_wconf 90' lang='lat' dir='ltr'>est</span> <span class='ocrx_word' id='word_1_127' title='bbox 1274 852 1476 899; x_wconf 85' lang='lat' dir='ltr'>gravissime</span> <span class='ocrx_word' id='word_1_128' title='bbox 1502 853 1596 888; x_wconf 85' lang='lat' dir='ltr'>ultus</span> <span class='ocrx_word' id='word_1_129' title='bbox 1622 852 1718 888; x_wconf 90' lang='lat' dir='ltr'>Deus</span> 
     </span>
     <span class='ocr_line' id='line_1_14' title="bbox 183 912 1718 960; baseline 0 -12"><span class='ocrx_word' id='word_1_130' title='bbox 183 913 218 949; x_wconf 90' lang='lat' dir='ltr'>in</span> <span class='ocrx_word' id='word_1_131' title='bbox 243 925 306 948; x_wconf 91' lang='lat' dir='ltr'>suo</span> <span class='ocrx_word' id='word_1_132' title='bbox 332 912 460 959; x_wconf 88' lang='lat' dir='ltr'>populo</span> <span class='ocrx_word' id='word_1_133' title='bbox 484 913 698 959; x_wconf 86' lang='lat' dir='ltr'>praesertim,</span> <span class='ocrx_word' id='word_1_134' title='bbox 723 913 772 948; x_wconf 84' lang='lat' dir='ltr'>ita</span> <span class='ocrx_word' id='word_1_135' title='bbox 794 917 829 948; x_wconf 91' lang='lat' dir='ltr'>et</span> <span class='ocrx_word' id='word_1_136' title='bbox 853 913 934 948; x_wconf 91' lang='lat' dir='ltr'>istic</span> <span class='ocrx_word' id='word_1_137' title='bbox 958 912 1052 948; x_wconf 87' lang='lat' dir='ltr'>illam</span> <span class='ocrx_word' id='word_1_138' title='bbox 1078 917 1158 960; x_wconf 89' lang='lat' dir='ltr'>post</span> <span class='ocrx_word' id='word_1_139' title='bbox 1183 915 1341 948; x_wconf 83' lang='lat' dir='ltr'>exortum</span> <span class='ocrx_word' id='word_1_140' title='bbox 1368 913 1582 960; x_wconf 87' lang='lat' dir='ltr'>praesertim,</span> <span class='ocrx_word' id='word_1_141' title='bbox 1607 913 1637 949; x_wconf 91' lang='lat' dir='ltr'>si</span> <span class='ocrx_word' id='word_1_142' title='bbox 1661 925 1718 948; x_wconf 90' lang='lat' dir='ltr'>us-</span> 
     </span>
     <span class='ocr_line' id='line_1_15' title="bbox 184 973 1719 1022; baseline 0.001 -13"><span class='ocrx_word' id='word_1_143' title='bbox 184 986 287 1022; x_wconf 84' lang='lat' dir='ltr'>quam</span> <span class='ocrx_word' id='word_1_144' title='bbox 321 973 414 1016; x_wconf 91' lang='lat' dir='ltr'>alibi‚</span> <span class='ocrx_word' id='word_1_145' title='bbox 447 974 532 1009; x_wconf 88' lang='lat' dir='ltr'>lucis</span> <span class='ocrx_word' id='word_1_146' title='bbox 560 973 792 1021; x_wconf 87' lang='lat' dir='ltr'>Evangelicae</span> <span class='ocrx_word' id='word_1_147' title='bbox 817 973 1047 1021; x_wconf 83' lang='lat' dir='ltr'>splendorem,</span> <span class='ocrx_word' id='word_1_148' title='bbox 1073 974 1249 1020; x_wconf 87' lang='lat' dir='ltr'>impunem</span> <span class='ocrx_word' id='word_1_149' title='bbox 1274 985 1350 1009; x_wconf 89' lang='lat' dir='ltr'>esse</span> <span class='ocrx_word' id='word_1_150' title='bbox 1374 974 1500 1015; x_wconf 89' lang='lat' dir='ltr'>noluit,</span> <span class='ocrx_word' id='word_1_151' title='bbox 1527 985 1630 1021; x_wconf 87' lang='lat' dir='ltr'>quam</span> <span class='ocrx_word' id='word_1_152' title='bbox 1655 986 1719 1021; x_wconf 89' lang='lat' dir='ltr'>pro</span> 
     </span>
     <span class='ocr_line' id='line_1_16' title="bbox 185 1033 1718 1082; baseline 0 -12"><span class='ocrx_word' id='word_1_153' title='bbox 185 1035 274 1071; x_wconf 89' lang='lat' dir='ltr'>tanti</span> <span class='ocrx_word' id='word_1_154' title='bbox 309 1034 391 1070; x_wconf 92' lang='lat' dir='ltr'>doni</span> <span class='ocrx_word' id='word_1_155' title='bbox 424 1033 662 1081; x_wconf 86' lang='lat' dir='ltr'>magnitudine</span> <span class='ocrx_word' id='word_1_156' title='bbox 695 1034 815 1081; x_wconf 90' lang='lat' dir='ltr'>populi</span> <span class='ocrx_word' id='word_1_157' title='bbox 854 1035 933 1070; x_wconf 88' lang='lat' dir='ltr'>istic</span> <span class='ocrx_word' id='word_1_158' title='bbox 965 1034 1212 1081; x_wconf 85' lang='lat' dir='ltr'>gratitudinem</span> <span class='ocrx_word' id='word_1_159' title='bbox 1247 1035 1369 1070; x_wconf 90' lang='lat' dir='ltr'>merito</span> <span class='ocrx_word' id='word_1_160' title='bbox 1398 1047 1479 1070; x_wconf 88' lang='lat' dir='ltr'>sane</span> <span class='ocrx_word' id='word_1_161' title='bbox 1510 1034 1718 1082; x_wconf 83' lang='lat' dir='ltr'>requirebat.</span> 
     </span>
     <span class='ocr_line' id='line_1_17' title="bbox 184 1095 1717 1142; baseline 0.001 -11"><span class='ocrx_word' id='word_1_162' title='bbox 184 1095 476 1142; x_wconf 87' lang='lat' dir='ltr'>Ingratitudinem</span> <span class='ocrx_word' id='word_1_163' title='bbox 500 1095 608 1141; x_wconf 79' lang='lat' dir='ltr'>igitur</span> <span class='ocrx_word' id='word_1_164' title='bbox 631 1099 668 1131; x_wconf 92' lang='lat' dir='ltr'>et</span> <span class='ocrx_word' id='word_1_165' title='bbox 691 1096 771 1131; x_wconf 88' lang='lat' dir='ltr'>istic</span> <span class='ocrx_word' id='word_1_166' title='bbox 796 1096 851 1131; x_wconf 90' lang='lat' dir='ltr'>sui</span> <span class='ocrx_word' id='word_1_167' title='bbox 876 1095 1032 1131; x_wconf 89' lang='lat' dir='ltr'>beneficii</span> <span class='ocrx_word' id='word_1_168' title='bbox 1057 1095 1153 1131; x_wconf 87' lang='lat' dir='ltr'>ultus</span> <span class='ocrx_word' id='word_1_169' title='bbox 1178 1099 1233 1130; x_wconf 87' lang='lat' dir='ltr'>est</span> <span class='ocrx_word' id='word_1_170' title='bbox 1258 1095 1442 1139; x_wconf 87' lang='lat' dir='ltr'>Dominus,</span> <span class='ocrx_word' id='word_1_171' title='bbox 1465 1096 1526 1132; x_wconf 84' lang='lat' dir='ltr'>sed</span> <span class='ocrx_word' id='word_1_172' title='bbox 1551 1095 1717 1132; x_wconf 90' lang='lat' dir='ltr'>ultionem</span> 
     </span>
     <span class='ocr_line' id='line_1_18' title="bbox 179 1155 1714 1202; baseline -0.001 -11"><span class='ocrx_word' id='word_1_173' title='bbox 179 1168 276 1192; x_wconf 86' lang='lat' dir='ltr'>suam</span> <span class='ocrx_word' id='word_1_174' title='bbox 317 1156 366 1192; x_wconf 88' lang='lat' dir='ltr'>ita</span> <span class='ocrx_word' id='word_1_175' title='bbox 397 1168 533 1192; x_wconf 88' lang='lat' dir='ltr'>rursum</span> <span class='ocrx_word' id='word_1_176' title='bbox 564 1159 616 1191; x_wconf 89' lang='lat' dir='ltr'>est</span> <span class='ocrx_word' id='word_1_177' title='bbox 653 1155 849 1191; x_wconf 88' lang='lat' dir='ltr'>moderatus</span> <span class='ocrx_word' id='word_1_178' title='bbox 882 1155 1076 1191; x_wconf 81' lang='lat' dir='ltr'>admirabili</span> <span class='ocrx_word' id='word_1_179' title='bbox 1115 1155 1362 1192; x_wconf 82' lang='lat' dir='ltr'>Providentiae</span> <span class='ocrx_word' id='word_1_180' title='bbox 1407 1160 1442 1191; x_wconf 89' lang='lat' dir='ltr'>et</span> <span class='ocrx_word' id='word_1_181' title='bbox 1480 1156 1714 1202; x_wconf 85' lang='lat' dir='ltr'>Benignitatis</span> 
     </span>
     <span class='ocr_line' id='line_1_19' title="bbox 179 1215 1714 1263; baseline 0 -12"><span class='ocrx_word' id='word_1_182' title='bbox 179 1229 263 1252; x_wconf 90' lang='lat' dir='ltr'>suae</span> <span class='ocrx_word' id='word_1_183' title='bbox 298 1216 456 1257; x_wconf 88' lang='lat' dir='ltr'>consilio,</span> <span class='ocrx_word' id='word_1_184' title='bbox 491 1220 531 1252; x_wconf 94' lang='lat' dir='ltr'>ut</span> <span class='ocrx_word' id='word_1_185' title='bbox 568 1216 733 1252; x_wconf 89' lang='lat' dir='ltr'>iudicium</span> <span class='ocrx_word' id='word_1_186' title='bbox 765 1229 866 1252; x_wconf 90' lang='lat' dir='ltr'>suum</span> <span class='ocrx_word' id='word_1_187' title='bbox 896 1228 916 1251; x_wconf 90' lang='lat' dir='ltr'>a</span> <span class='ocrx_word' id='word_1_188' title='bbox 941 1216 1044 1251; x_wconf 89' lang='lat' dir='ltr'>domo</span> <span class='ocrx_word' id='word_1_189' title='bbox 1069 1215 1206 1263; x_wconf 88' lang='lat' dir='ltr'>quidem</span> <span class='ocrx_word' id='word_1_190' title='bbox 1231 1228 1294 1252; x_wconf 91' lang='lat' dir='ltr'>sua</span> <span class='ocrx_word' id='word_1_191' title='bbox 1319 1216 1533 1263; x_wconf 88' lang='lat' dir='ltr'>politicoque</span> <span class='ocrx_word' id='word_1_192' title='bbox 1558 1216 1631 1251; x_wconf 88' lang='lat' dir='ltr'>eius</span> <span class='ocrx_word' id='word_1_193' title='bbox 1658 1226 1714 1251; x_wconf 89' lang='lat' dir='ltr'>ca-</span> 
     </span>
     <span class='ocr_line' id='line_1_20' title="bbox 184 1276 1716 1325; baseline 0 -12"><span class='ocrx_word' id='word_1_194' title='bbox 184 1278 266 1325; x_wconf 87' lang='lat' dir='ltr'>pite,</span> <span class='ocrx_word' id='word_1_195' title='bbox 292 1278 391 1324; x_wconf 89' lang='lat' dir='ltr'>Rege</span> <span class='ocrx_word' id='word_1_196' title='bbox 415 1277 644 1318; x_wconf 80' lang='lat' dir='ltr'>sanctissimo,</span> <span class='ocrx_word' id='word_1_197' title='bbox 669 1276 852 1318; x_wconf 87' lang='lat' dir='ltr'>ordiretur,</span> <span class='ocrx_word' id='word_1_198' title='bbox 877 1276 938 1313; x_wconf 90' lang='lat' dir='ltr'>sed</span> <span class='ocrx_word' id='word_1_199' title='bbox 962 1277 1107 1312; x_wconf 88' lang='lat' dir='ltr'>aliorum</span> <span class='ocrx_word' id='word_1_200' title='bbox 1132 1277 1283 1319; x_wconf 87' lang='lat' dir='ltr'>interim,</span> <span class='ocrx_word' id='word_1_201' title='bbox 1310 1277 1434 1323; x_wconf 89' lang='lat' dir='ltr'>partim</span> <span class='ocrx_word' id='word_1_202' title='bbox 1461 1277 1716 1324; x_wconf 77' lang='lat' dir='ltr'>hypocriticam,</span> 
     </span>
     <span class='ocr_line' id='line_1_21' title="bbox 182 1337 1717 1384; baseline 0.001 -12"><span class='ocrx_word' id='word_1_203' title='bbox 182 1337 307 1384; x_wconf 85' lang='lat' dir='ltr'>partim</span> <span class='ocrx_word' id='word_1_204' title='bbox 343 1349 425 1373; x_wconf 89' lang='lat' dir='ltr'>vero</span> <span class='ocrx_word' id='word_1_205' title='bbox 456 1338 671 1373; x_wconf 78' lang='lat' dir='ltr'>manifestam</span> <span class='ocrx_word' id='word_1_206' title='bbox 704 1337 914 1384; x_wconf 86' lang='lat' dir='ltr'>impietatem</span> <span class='ocrx_word' id='word_1_207' title='bbox 947 1338 997 1373; x_wconf 83' lang='lat' dir='ltr'>ita.</span> <span class='ocrx_word' id='word_1_208' title='bbox 1029 1337 1156 1384; x_wconf 88' lang='lat' dir='ltr'>alioqui</span> <span class='ocrx_word' id='word_1_209' title='bbox 1190 1337 1336 1383; x_wconf 86' lang='lat' dir='ltr'>punivit,</span> <span class='ocrx_word' id='word_1_210' title='bbox 1367 1340 1408 1373; x_wconf 92' lang='lat' dir='ltr'>ut</span> <span class='ocrx_word' id='word_1_211' title='bbox 1444 1337 1591 1373; x_wconf 88' lang='lat' dir='ltr'>Divinae</span> <span class='ocrx_word' id='word_1_212' title='bbox 1616 1337 1717 1374; x_wconf 92' lang='lat' dir='ltr'>huius</span> 
     </span>
     <span class='ocr_line' id='line_1_22' title="bbox 183 1397 1717 1444; baseline 0.001 -12"><span class='ocrx_word' id='word_1_213' title='bbox 183 1398 326 1433; x_wconf 87' lang='lat' dir='ltr'>ultionis</span> <span class='ocrx_word' id='word_1_214' title='bbox 363 1398 526 1433; x_wconf 83' lang='lat' dir='ltr'>memoria</span> <span class='ocrx_word' id='word_1_215' title='bbox 551 1397 609 1433; x_wconf 76' lang='lat' dir='ltr'>vix</span> <span class='ocrx_word' id='word_1_216' title='bbox 636 1397 706 1432; x_wconf 91' lang='lat' dir='ltr'>ulla</span> <span class='ocrx_word' id='word_1_217' title='bbox 732 1409 880 1444; x_wconf 87' lang='lat' dir='ltr'>unquam</span> <span class='ocrx_word' id='word_1_218' title='bbox 907 1397 1082 1433; x_wconf 87' lang='lat' dir='ltr'>oblivione</span> <span class='ocrx_word' id='word_1_219' title='bbox 1107 1397 1236 1433; x_wconf 88' lang='lat' dir='ltr'>aboleri</span> <span class='ocrx_word' id='word_1_220' title='bbox 1261 1398 1382 1444; x_wconf 85' lang='lat' dir='ltr'>possit.</span> <span class='ocrx_word' id='word_1_221' title='bbox 1431 1398 1555 1444; x_wconf 86' lang='lat' dir='ltr'>Neque</span> <span class='ocrx_word' id='word_1_222' title='bbox 1581 1400 1635 1433; x_wconf 90' lang='lat' dir='ltr'>est</span> <span class='ocrx_word' id='word_1_223' title='bbox 1660 1410 1717 1434; x_wconf 89' lang='lat' dir='ltr'>co-</span> 
     </span>
     <span class='ocr_line' id='line_1_23' title="bbox 182 1458 1716 1505; baseline 0 -12"><span class='ocrx_word' id='word_1_224' title='bbox 182 1459 362 1505; x_wconf 87' lang='lat' dir='ltr'>gitandum</span> <span class='ocrx_word' id='word_1_225' title='bbox 387 1459 532 1494; x_wconf 81' lang='lat' dir='ltr'>fortuito</span> <span class='ocrx_word' id='word_1_226' title='bbox 556 1458 591 1494; x_wconf 90' lang='lat' dir='ltr'>id</span> <span class='ocrx_word' id='word_1_227' title='bbox 615 1459 663 1494; x_wconf 89' lang='lat' dir='ltr'>ita</span> <span class='ocrx_word' id='word_1_228' title='bbox 687 1459 766 1494; x_wconf 87' lang='lat' dir='ltr'>istic</span> <span class='ocrx_word' id='word_1_229' title='bbox 790 1458 970 1494; x_wconf 87' lang='lat' dir='ltr'>accidisse.</span> <span class='ocrx_word' id='word_1_230' title='bbox 1019 1458 1085 1494; x_wconf 88' lang='lat' dir='ltr'>Dei</span> <span class='ocrx_word' id='word_1_231' title='bbox 1111 1458 1219 1504; x_wconf 87' lang='lat' dir='ltr'>ipsius</span> <span class='ocrx_word' id='word_1_232' title='bbox 1245 1470 1332 1504; x_wconf 88' lang='lat' dir='ltr'>opus</span> <span class='ocrx_word' id='word_1_233' title='bbox 1358 1462 1423 1500; x_wconf 87' lang='lat' dir='ltr'>est,</span> <span class='ocrx_word' id='word_1_234' title='bbox 1447 1459 1505 1505; x_wconf 88' lang='lat' dir='ltr'>qui</span> <span class='ocrx_word' id='word_1_235' title='bbox 1529 1458 1716 1505; x_wconf 91' lang='lat' dir='ltr'>Iosephum</span> 
     </span>
     <span class='ocr_line' id='line_1_24' title="bbox 183 1518 1717 1565; baseline 0.001 -10"><span class='ocrx_word' id='word_1_236' title='bbox 183 1524 351 1561; x_wconf 80' lang='lat' dir='ltr'>nostrum,</span> <span class='ocrx_word' id='word_1_237' title='bbox 385 1519 560 1555; x_wconf 86' lang='lat' dir='ltr'>Christum</span> <span class='ocrx_word' id='word_1_238' title='bbox 593 1519 794 1561; x_wconf 91' lang='lat' dir='ltr'>Dominum,</span> <span class='ocrx_word' id='word_1_239' title='bbox 830 1531 901 1555; x_wconf 91' lang='lat' dir='ltr'>non</span> <span class='ocrx_word' id='word_1_240' title='bbox 934 1518 1080 1565; x_wconf 86' lang='lat' dir='ltr'>amplius</span> <span class='ocrx_word' id='word_1_241' title='bbox 1114 1520 1191 1554; x_wconf 88' lang='lat' dir='ltr'>istic</span> <span class='ocrx_word' id='word_1_242' title='bbox 1223 1520 1258 1554; x_wconf 90' lang='lat' dir='ltr'>in</span> <span class='ocrx_word' id='word_1_243' title='bbox 1291 1518 1449 1555; x_wconf 87' lang='lat' dir='ltr'>doctrina</span> <span class='ocrx_word' id='word_1_244' title='bbox 1472 1521 1507 1555; x_wconf 90' lang='lat' dir='ltr'>et</span> <span class='ocrx_word' id='word_1_245' title='bbox 1531 1519 1628 1555; x_wconf 84' lang='lat' dir='ltr'>cultu</span> <span class='ocrx_word' id='word_1_246' title='bbox 1654 1532 1717 1556; x_wconf 90' lang='lat' dir='ltr'>suo</span> 
     </span>
     <span class='ocr_line' id='line_1_25' title="bbox 183 1579 1718 1627; baseline 0.001 -12"><span class='ocrx_word' id='word_1_247' title='bbox 183 1580 331 1616; x_wconf 87' lang='lat' dir='ltr'>vinculis</span> <span class='ocrx_word' id='word_1_248' title='bbox 363 1580 531 1615; x_wconf 85' lang='lat' dir='ltr'>humanae</span> <span class='ocrx_word' id='word_1_249' title='bbox 558 1579 760 1626; x_wconf 86' lang='lat' dir='ltr'>prudentiae</span> <span class='ocrx_word' id='word_1_250' title='bbox 786 1579 861 1615; x_wconf 85' lang='lat' dir='ltr'>vult</span> <span class='ocrx_word' id='word_1_251' title='bbox 885 1580 1043 1616; x_wconf 80' lang='grc'><strong>1101111011.</strong></span> <span class='ocrx_word' id='word_1_252' title='bbox 1094 1580 1162 1616; x_wconf 85' lang='lat' dir='ltr'>Sed</span> <span class='ocrx_word' id='word_1_253' title='bbox 1187 1581 1323 1627; x_wconf 91' lang='lat' dir='ltr'>privata</span> <span class='ocrx_word' id='word_1_254' title='bbox 1348 1579 1573 1626; x_wconf 88' lang='lat' dir='ltr'>Potipharum</span> <span class='ocrx_word' id='word_1_255' title='bbox 1597 1581 1718 1627; x_wconf 86' lang='lat' dir='ltr'>impie-</span> 
     </span>
     <span class='ocr_line' id='line_1_26' title="bbox 184 1639 1719 1686; baseline 0.001 -12"><span class='ocrx_word' id='word_1_256' title='bbox 184 1643 256 1674; x_wconf 87' lang='lat' dir='ltr'>tate</span> <span class='ocrx_word' id='word_1_257' title='bbox 281 1646 316 1675; x_wconf 89' lang='lat' dir='ltr'>et</span> <span class='ocrx_word' id='word_1_258' title='bbox 341 1640 561 1686; x_wconf 88' lang='lat' dir='ltr'>comprobata</span> <span class='ocrx_word' id='word_1_259' title='bbox 587 1639 654 1674; x_wconf 86' lang='lat' dir='ltr'>fide</span> <span class='ocrx_word' id='word_1_260' title='bbox 678 1651 718 1675; x_wconf 88' lang='lat' dir='ltr'>ac</span> <span class='ocrx_word' id='word_1_261' title='bbox 743 1640 940 1675; x_wconf 85' lang='lat' dir='ltr'>constantia</span> <span class='ocrx_word' id='word_1_262' title='bbox 967 1650 1118 1681; x_wconf 89' lang='lat' dir='ltr'>suorum,</span> <span class='ocrx_word' id='word_1_263' title='bbox 1143 1639 1208 1675; x_wconf 92' lang='lat' dir='ltr'>hoc</span> <span class='ocrx_word' id='word_1_264' title='bbox 1233 1640 1300 1674; x_wconf 90' lang='lat' dir='ltr'>iam</span> <span class='ocrx_word' id='word_1_265' title='bbox 1329 1639 1402 1686; x_wconf 83' lang='lat' dir='ltr'>agit</span> <span class='ocrx_word' id='word_1_266' title='bbox 1422 1642 1462 1674; x_wconf 88' lang='lat' dir='ltr'>ut</span> <span class='ocrx_word' id='word_1_267' title='bbox 1482 1650 1583 1674; x_wconf 87' lang='lat' dir='ltr'>verus</span> <span class='ocrx_word' id='word_1_268' title='bbox 1599 1644 1719 1676; x_wconf 87' lang='lat' dir='ltr'>noster</span> 
     </span>
     <span class='ocr_line' id='line_1_27' title="bbox 184 1699 1715 1747; baseline 0.001 -12"><span class='ocrx_word' id='word_1_269' title='bbox 184 1700 365 1747; x_wconf 84' lang='lat' dir='ltr'>Iosephus,</span> <span class='ocrx_word' id='word_1_270' title='bbox 400 1700 558 1735; x_wconf 86' lang='lat' dir='ltr'>Christus</span> <span class='ocrx_word' id='word_1_271' title='bbox 592 1700 772 1740; x_wconf 86' lang='lat' dir='ltr'>Dominus,</span> <span class='ocrx_word' id='word_1_272' title='bbox 806 1700 940 1735; x_wconf 88' lang='lat' dir='ltr'>reiectis</span> <span class='ocrx_word' id='word_1_273' title='bbox 977 1699 1136 1735; x_wconf 89' lang='lat' dir='ltr'>omnibus</span> <span class='ocrx_word' id='word_1_274' title='bbox 1174 1699 1399 1746; x_wconf 87' lang='lat' dir='ltr'>Potipharum</span> <span class='ocrx_word' id='word_1_275' title='bbox 1433 1699 1715 1745; x_wconf 87' lang='lat' dir='ltr'>persuasionibus</span> 
     </span>
     <span class='ocr_line' id='line_1_28' title="bbox 185 1758 1718 1807; baseline -0.001 -11"><span class='ocrx_word' id='word_1_276' title='bbox 185 1772 226 1796; x_wconf 89' lang='lat' dir='ltr'>ac</span> <span class='ocrx_word' id='word_1_277' title='bbox 268 1761 431 1801; x_wconf 87' lang='lat' dir='ltr'>consiliis,</span> <span class='ocrx_word' id='word_1_278' title='bbox 476 1760 580 1795; x_wconf 84' lang='lat' dir='ltr'>semel</span> <span class='ocrx_word' id='word_1_279' title='bbox 615 1759 802 1807; x_wconf 84' lang='lat' dir='ltr'>aliquando</span> <span class='ocrx_word' id='word_1_280' title='bbox 835 1759 879 1796; x_wconf 89' lang='lat' dir='ltr'>ab</span> <span class='ocrx_word' id='word_1_281' title='bbox 913 1759 1085 1796; x_wconf 86' lang='lat' dir='ltr'>humanae</span> <span class='ocrx_word' id='word_1_282' title='bbox 1122 1758 1328 1807; x_wconf 84' lang='lat' dir='ltr'>prudentiae</span> <span class='ocrx_word' id='word_1_283' title='bbox 1361 1759 1511 1795; x_wconf 89' lang='lat' dir='ltr'>vinculis</span> <span class='ocrx_word' id='word_1_284' title='bbox 1542 1760 1718 1802; x_wconf 85' lang='lat' dir='ltr'>liberetur,</span> 
     </span>
     <span class='ocr_line' id='line_1_29' title="bbox 187 1820 1717 1868; baseline 0 -12"><span class='ocrx_word' id='word_1_285' title='bbox 187 1833 317 1868; x_wconf 88' lang='lat' dir='ltr'>suaque</span> <span class='ocrx_word' id='word_1_286' title='bbox 353 1820 405 1856; x_wconf 92' lang='lat' dir='ltr'>illi</span> <span class='ocrx_word' id='word_1_287' title='bbox 435 1820 586 1867; x_wconf 81' lang='lat' dir='ltr'>dignitas</span> <span class='ocrx_word' id='word_1_288' title='bbox 619 1824 655 1856; x_wconf 90' lang='lat' dir='ltr'>et</span> <span class='ocrx_word' id='word_1_289' title='bbox 678 1822 845 1857; x_wconf 87' lang='lat' dir='ltr'>autoritas</span> <span class='ocrx_word' id='word_1_290' title='bbox 871 1821 907 1856; x_wconf 90' lang='grc'>111</span> <span class='ocrx_word' id='word_1_291' title='bbox 931 1821 1109 1857; x_wconf 88' lang='lat' dir='ltr'>doetrinae</span> <span class='ocrx_word' id='word_1_292' title='bbox 1135 1824 1171 1856; x_wconf 91' lang='lat' dir='ltr'>et</span> <span class='ocrx_word' id='word_1_293' title='bbox 1195 1821 1312 1856; x_wconf 88' lang='lat' dir='ltr'>cultus</span> <span class='ocrx_word' id='word_1_294' title='bbox 1337 1821 1390 1856; x_wconf 90' lang='lat' dir='ltr'>sui</span> <span class='ocrx_word' id='word_1_295' title='bbox 1414 1821 1564 1868; x_wconf 85' lang='lat' dir='ltr'>puritate</span> <span class='ocrx_word' id='word_1_296' title='bbox 1589 1832 1717 1857; x_wconf 87' lang='lat' dir='ltr'>assera-</span> 
     </span>
     <span class='ocr_line' id='line_1_30' title="bbox 186 1882 1715 1930; baseline -0.001 -11"><span class='ocrx_word' id='word_1_297' title='bbox 186 1887 253 1919; x_wconf 88' lang='lat' dir='ltr'>tur.</span> <span class='ocrx_word' id='word_1_298' title='bbox 279 1883 362 1919; x_wconf 91' lang='lat' dir='ltr'>Non</span> <span class='ocrx_word' id='word_1_299' title='bbox 386 1882 466 1918; x_wconf 82' lang='lat' dir='ltr'>vult</span> <span class='ocrx_word' id='word_1_300' title='bbox 488 1894 551 1917; x_wconf 88' lang='lat' dir='ltr'>nos</span> <span class='ocrx_word' id='word_1_301' title='bbox 577 1894 652 1917; x_wconf 88' lang='lat' dir='ltr'>esse</span> <span class='ocrx_word' id='word_1_302' title='bbox 677 1883 903 1918; x_wconf 88' lang='lat' dir='ltr'>conciliorum</span> <span class='ocrx_word' id='word_1_303' title='bbox 929 1894 1070 1918; x_wconf 87' lang='lat' dir='ltr'>snorum</span> <span class='ocrx_word' id='word_1_304' title='bbox 1096 1884 1219 1924; x_wconf 91' lang='lat' dir='ltr'>socios,</span> <span class='ocrx_word' id='word_1_305' title='bbox 1243 1882 1353 1918; x_wconf 82' lang='lat' dir='ltr'>multo</span> <span class='ocrx_word' id='word_1_306' title='bbox 1378 1883 1488 1918; x_wconf 90' lang='lat' dir='ltr'>minus</span> <span class='ocrx_word' id='word_1_307' title='bbox 1514 1886 1628 1918; x_wconf 89' lang='grc'><strong>01110111</strong></span> <span class='ocrx_word' id='word_1_308' title='bbox 1652 1894 1715 1930; x_wconf 86' lang='lat' dir='ltr'>gu-</span> 
     </span>
     <span class='ocr_line' id='line_1_31' title="bbox 186 1943 1716 1992; baseline 0.001 -13"><span class='ocrx_word' id='word_1_309' title='bbox 186 1944 384 1980; x_wconf 86' lang='lat' dir='ltr'>bernatores</span> <span class='ocrx_word' id='word_1_310' title='bbox 411 1949 473 1980; x_wconf 88' lang='lat' dir='ltr'>aut</span> <span class='ocrx_word' id='word_1_311' title='bbox 496 1943 727 1980; x_wconf 85' lang='lat' dir='ltr'>moderatores</span> <span class='ocrx_word' id='word_1_312' title='bbox 752 1944 870 1987; x_wconf 86' lang='lat' dir='ltr'>etiam,</span> <span class='ocrx_word' id='word_1_313' title='bbox 896 1945 1023 1980; x_wconf 88' lang='lat' dir='ltr'>nedum</span> <span class='ocrx_word' id='word_1_314' title='bbox 1036 1950 1078 1980; x_wconf 90' lang='lat' dir='ltr'>ut</span> <span class='ocrx_word' id='word_1_315' title='bbox 1101 1956 1164 1981; x_wconf 91' lang='lat' dir='ltr'>nos</span> <span class='ocrx_word' id='word_1_316' title='bbox 1189 1944 1252 1980; x_wconf 88' lang='lat' dir='ltr'>hac</span> <span class='ocrx_word' id='word_1_317' title='bbox 1278 1943 1416 1992; x_wconf 88' lang='lat' dir='ltr'>quidem</span> <span class='ocrx_word' id='word_1_318' title='bbox 1440 1944 1475 1979; x_wconf 83' lang='lat' dir='ltr'>in</span> <span class='ocrx_word' id='word_1_319' title='bbox 1500 1950 1596 1990; x_wconf 87' lang='lat' dir='ltr'>parte</span> <span class='ocrx_word' id='word_1_320' title='bbox 1620 1944 1716 1991; x_wconf 87' lang='lat' dir='ltr'>inge-</span> 
     </span>
     <span class='ocr_line' id='line_1_32' title="bbox 187 2004 1714 2048; baseline 0 -7"><span class='ocrx_word' id='word_1_321' title='bbox 187 2005 302 2042; x_wconf 90' lang='lat' dir='ltr'>niosos</span> <span class='ocrx_word' id='word_1_322' title='bbox 327 2017 403 2041; x_wconf 88' lang='lat' dir='ltr'>esse</span> <span class='ocrx_word' id='word_1_323' title='bbox 427 2005 524 2048; x_wconf 85' lang='lat' dir='ltr'>velit,</span> <span class='ocrx_word' id='word_1_324' title='bbox 552 2004 614 2041; x_wconf 90' lang='lat' dir='ltr'>sed</span> <span class='ocrx_word' id='word_1_325' title='bbox 637 2005 877 2041; x_wconf 86' lang='lat' dir='ltr'>mandatorum</span> <span class='ocrx_word' id='word_1_326' title='bbox 902 2018 1042 2041; x_wconf 87' lang='lat' dir='ltr'>suorum</span> <span class='ocrx_word' id='word_1_327' title='bbox 1067 2005 1297 2042; x_wconf 85' lang='lat' dir='ltr'>obedientiam</span> <span class='ocrx_word' id='word_1_328' title='bbox 1325 2009 1363 2041; x_wconf 90' lang='lat' dir='ltr'>ut</span> <span class='ocrx_word' id='word_1_329' title='bbox 1390 2005 1560 2041; x_wconf 89' lang='lat' dir='ltr'>Dominus</span> <span class='ocrx_word' id='word_1_330' title='bbox 1585 2004 1630 2041; x_wconf 86' lang='lat' dir='ltr'>ab</span> <span class='ocrx_word' id='word_1_331' title='bbox 1644 2018 1714 2041; x_wconf 90' lang='lat' dir='ltr'>om-</span> 
     </span>
     <span class='ocr_line' id='line_1_33' title="bbox 188 2067 1717 2115; baseline 0.001 -12"><span class='ocrx_word' id='word_1_332' title='bbox 188 2067 290 2103; x_wconf 88' lang='lat' dir='ltr'>nibus</span> <span class='ocrx_word' id='word_1_333' title='bbox 329 2068 468 2103; x_wconf 88' lang='lat' dir='ltr'>omnino</span> <span class='ocrx_word' id='word_1_334' title='bbox 501 2068 575 2103; x_wconf 86' lang='lat' dir='ltr'>sine</span> <span class='ocrx_word' id='word_1_335' title='bbox 610 2067 682 2102; x_wconf 84' lang='lat' dir='ltr'>nlla</span> <span class='ocrx_word' id='word_1_336' title='bbox 713 2068 914 2115; x_wconf 87' lang='lat' dir='ltr'>cuiusquam</span> <span class='ocrx_word' id='word_1_337' title='bbox 951 2069 1154 2115; x_wconf 83' lang='lat' dir='ltr'>exceptione</span> <span class='ocrx_word' id='word_1_338' title='bbox 1185 2067 1342 2115; x_wconf 89' lang='lat' dir='ltr'>requirit.</span> <span class='ocrx_word' id='word_1_339' title='bbox 1389 2067 1439 2102; x_wconf 86' lang='lat' dir='ltr'>Te</span> <span class='ocrx_word' id='word_1_340' title='bbox 1477 2078 1558 2102; x_wconf 90' lang='lat' dir='ltr'>vero</span> <span class='ocrx_word' id='word_1_341' title='bbox 1591 2067 1628 2103; x_wconf 92' lang='lat' dir='ltr'>in</span> <span class='ocrx_word' id='word_1_342' title='bbox 1652 2067 1717 2104; x_wconf 86' lang='lat' dir='ltr'>hoc</span> 
     </span>
     <span class='ocr_line' id='line_1_34' title="bbox 187 2127 1716 2176; baseline 0 -13"><span class='ocrx_word' id='word_1_343' title='bbox 187 2128 403 2175; x_wconf 87' lang='lat' dir='ltr'>potissimum</span> <span class='ocrx_word' id='word_1_344' title='bbox 437 2127 583 2174; x_wconf 85' lang='lat' dir='ltr'>elegisse</span> <span class='ocrx_word' id='word_1_345' title='bbox 616 2127 752 2164; x_wconf 88' lang='lat' dir='ltr'>videtur</span> <span class='ocrx_word' id='word_1_346' title='bbox 784 2129 966 2171; x_wconf 89' lang='lat' dir='ltr'>Dominus,</span> <span class='ocrx_word' id='word_1_347' title='bbox 992 2132 1030 2164; x_wconf 88' lang='lat' dir='ltr'>ut</span> <span class='ocrx_word' id='word_1_348' title='bbox 1054 2129 1157 2164; x_wconf 84' lang='lat' dir='ltr'>fidem</span> <span class='ocrx_word' id='word_1_349' title='bbox 1181 2140 1222 2164; x_wconf 88' lang='lat' dir='ltr'>ac</span> <span class='ocrx_word' id='word_1_350' title='bbox 1248 2128 1411 2176; x_wconf 89' lang='lat' dir='ltr'>pietatem</span> <span class='ocrx_word' id='word_1_351' title='bbox 1436 2129 1530 2164; x_wconf 89' lang='lat' dir='ltr'>tuam</span> <span class='ocrx_word' id='word_1_352' title='bbox 1558 2128 1595 2164; x_wconf 91' lang='grc'>111</span> <span class='ocrx_word' id='word_1_353' title='bbox 1620 2127 1716 2164; x_wconf 90' lang='lat' dir='ltr'>verbi</span> 
     </span>
     <span class='ocr_line' id='line_1_35' title="bbox 187 2189 1715 2237; baseline 0.001 -12"><span class='ocrx_word' id='word_1_354' title='bbox 187 2190 242 2225; x_wconf 90' lang='lat' dir='ltr'>sui</span> <span class='ocrx_word' id='word_1_355' title='bbox 274 2189 472 2224; x_wconf 85' lang='lat' dir='ltr'>obedientia</span> <span class='ocrx_word' id='word_1_356' title='bbox 503 2201 564 2236; x_wconf 89' lang='lat' dir='ltr'>pro</span> <span class='ocrx_word' id='word_1_357' title='bbox 597 2189 730 2225; x_wconf 86' lang='lat' dir='ltr'>ratione</span> <span class='ocrx_word' id='word_1_358' title='bbox 763 2190 955 2225; x_wconf 87' lang='lat' dir='ltr'>vocationis</span> <span class='ocrx_word' id='word_1_359' title='bbox 994 2194 1073 2226; x_wconf 90' lang='lat' dir='ltr'>tuae</span> <span class='ocrx_word' id='word_1_360' title='bbox 1100 2190 1231 2237; x_wconf 80' lang='lat' dir='ltr'>Regiae</span> <span class='ocrx_word' id='word_1_361' title='bbox 1256 2190 1369 2237; x_wconf 87' lang='lat' dir='ltr'>palam</span> <span class='ocrx_word' id='word_1_362' title='bbox 1394 2189 1569 2225; x_wconf 85' lang='lat' dir='ltr'>declarare</span> <span class='ocrx_word' id='word_1_363' title='bbox 1594 2190 1715 2236; x_wconf 85' lang='lat' dir='ltr'>possis.</span> 
     </span>
     <span class='ocr_line' id='line_1_36' title="bbox 188 2250 1715 2299; baseline 0.001 -14"><span class='ocrx_word' id='word_1_364' title='bbox 188 2250 248 2286; x_wconf 90' lang='lat' dir='ltr'>Ad</span> <span class='ocrx_word' id='word_1_365' title='bbox 274 2251 404 2297; x_wconf 82' lang='lat' dir='ltr'>Regem</span> <span class='ocrx_word' id='word_1_366' title='bbox 430 2254 524 2285; x_wconf 88' lang='grc'><strong>00110</strong></span> <span class='ocrx_word' id='word_1_367' title='bbox 547 2250 680 2286; x_wconf 87' lang='lat' dir='ltr'>dietum</span> <span class='ocrx_word' id='word_1_368' title='bbox 704 2254 769 2294; x_wconf 88' lang='lat' dir='ltr'>est,</span> <span class='ocrx_word' id='word_1_369' title='bbox 793 2263 836 2287; x_wconf 93' lang='lat' dir='ltr'>ne</span> <span class='ocrx_word' id='word_1_370' title='bbox 860 2251 1033 2298; x_wconf 86' lang='lat' dir='ltr'>quomodo</span> <span class='ocrx_word' id='word_1_371' title='bbox 1059 2252 1175 2299; x_wconf 81' lang='lat' dir='ltr'>Reges</span> <span class='ocrx_word' id='word_1_372' title='bbox 1200 2251 1502 2298; x_wconf 84' lang='lat' dir='ltr'>praeeminentiam</span> <span class='ocrx_word' id='word_1_373' title='bbox 1527 2262 1625 2287; x_wconf 89' lang='lat' dir='ltr'>suam</span> <span class='ocrx_word' id='word_1_374' title='bbox 1641 2251 1715 2287; x_wconf 93' lang='lat' dir='ltr'>ullo</span> 
     </span>
    </p>
   </div>
   <div class='ocr_carea' id='block_1_3' title="bbox 189 2310 1775 2359">
    <p class='ocr_par' dir='ltr' id='par_1_3' title="bbox 189 2310 1775 2359">
     <span class='ocr_line' id='line_1_37' title="bbox 189 2310 1775 2359; baseline 0 -13"><span class='ocrx_word' id='word_1_375' title='bbox 189 2310 289 2346; x_wconf 89' lang='lat' dir='ltr'>modo</span> <span class='ocrx_word' id='word_1_376' title='bbox 313 2310 565 2347; x_wconf 88' lang='lat' dir='ltr'>inobedientiae</span> <span class='ocrx_word' id='word_1_377' title='bbox 589 2324 671 2348; x_wconf 89' lang='lat' dir='ltr'>suae</span> <span class='ocrx_word' id='word_1_378' title='bbox 695 2311 888 2348; x_wconf 87' lang='lat' dir='ltr'>obtendant</span> <span class='ocrx_word' id='word_1_379' title='bbox 923 2326 940 2344; x_wconf 78' lang='grc' dir='ltr'><em>υ</em></span> <span class='ocrx_word' id='word_1_380' title='bbox 953 2312 1080 2348; x_wconf 87' lang='grc' dir='ltr'><strong>Μο1101</strong></span> <span class='ocrx_word' id='word_1_381' title='bbox 1105 2318 1158 2347; x_wconf 89' lang='lat' dir='ltr'>est</span> <span class='ocrx_word' id='word_1_382' title='bbox 1182 2312 1378 2348; x_wconf 87' lang='lat' dir='ltr'>obedientia</span> <span class='ocrx_word' id='word_1_383' title='bbox 1403 2323 1506 2359; x_wconf 89' lang='lat' dir='ltr'>quam</span> <span class='ocrx_word' id='word_1_384' title='bbox 1532 2312 1715 2348; x_wconf 87' lang='lat' dir='ltr'>victimae”</span> <span class='ocrx_word' id='word_1_385' title='bbox 1770 2332 1775 2334; x_wconf 29' lang='grc' dir='ltr'><strong><em>Δ</em></strong></span> 
     </span>
    </p>
   </div>
   <div class='ocr_carea' id='block_1_4' title="bbox 183 2371 1716 2905">
    <p class='ocr_par' dir='ltr' id='par_1_4' title="bbox 183 2371 1716 2905">
     <span class='ocr_line' id='line_1_38' title="bbox 186 2371 1714 2420; baseline 0 -12"><span class='ocrx_word' id='word_1_386' title='bbox 186 2383 227 2408; x_wconf 88' lang='grc'>00</span> <span class='ocrx_word' id='word_1_387' title='bbox 265 2383 343 2407; x_wconf 81' lang='lat' dir='ltr'>mox</span> <span class='ocrx_word' id='word_1_388' title='bbox 367 2383 501 2407; x_wconf 90' lang='lat' dir='ltr'>rursum</span> <span class='ocrx_word' id='word_1_389' title='bbox 539 2372 663 2410; x_wconf 75' lang='lat' dir='ltr'>ttQuia</span> <span class='ocrx_word' id='word_1_390' title='bbox 687 2377 727 2408; x_wconf 89' lang='lat' dir='ltr'>tu</span> <span class='ocrx_word' id='word_1_391' title='bbox 751 2372 908 2408; x_wconf 84' lang='lat' dir='ltr'>abiecisti</span> <span class='ocrx_word' id='word_1_392' title='bbox 932 2372 1075 2408; x_wconf 88' lang='lat' dir='ltr'>verbum</span> <span class='ocrx_word' id='word_1_393' title='bbox 1100 2373 1253 2415; x_wconf 89' lang='lat' dir='ltr'>Domini,</span> <span class='ocrx_word' id='word_1_394' title='bbox 1277 2371 1403 2407; x_wconf 83' lang='lat' dir='ltr'>abiecit</span> <span class='ocrx_word' id='word_1_395' title='bbox 1428 2384 1564 2420; x_wconf 88' lang='lat' dir='ltr'>quoque</span> <span class='ocrx_word' id='word_1_396' title='bbox 1587 2375 1622 2407; x_wconf 88' lang='lat' dir='ltr'>te</span> <span class='ocrx_word' id='word_1_397' title='bbox 1646 2372 1714 2408; x_wconf 88' lang='lat' dir='ltr'>iam</span> 
     </span>
     <span class='ocr_line' id='line_1_39' title="bbox 187 2431 1716 2480; baseline 0 -13"><span class='ocrx_word' id='word_1_398' title='bbox 187 2431 390 2474; x_wconf 88' lang='lat' dir='ltr'>Dominus’&#39;,</span> <span class='ocrx_word' id='word_1_399' title='bbox 403 2450 449 2456; x_wconf 89' lang='lat'><strong>—</strong></span> <span class='ocrx_word' id='word_1_400' title='bbox 464 2435 504 2466; x_wconf 89' lang='lat' dir='ltr'>ut</span> <span class='ocrx_word' id='word_1_401' title='bbox 516 2432 654 2467; x_wconf 84' lang='lat' dir='ltr'>interim</span> <span class='ocrx_word' id='word_1_402' title='bbox 667 2437 797 2468; x_wconf 84' lang='lat' dir='ltr'>taccam</span> <span class='ocrx_word' id='word_1_403' title='bbox 815 2433 1000 2480; x_wconf 86' lang='lat' dir='ltr'>peculiaria</span> <span class='ocrx_word' id='word_1_404' title='bbox 1016 2434 1052 2469; x_wconf 89' lang='lat' dir='ltr'>in</span> <span class='ocrx_word' id='word_1_405' title='bbox 1071 2436 1105 2468; x_wconf 88' lang='lat' dir='ltr'>te</span> <span class='ocrx_word' id='word_1_406' title='bbox 1116 2433 1207 2468; x_wconf 91' lang='lat' dir='ltr'>dona</span> <span class='ocrx_word' id='word_1_407' title='bbox 1222 2444 1261 2469; x_wconf 91' lang='lat' dir='ltr'>ac</span> <span class='ocrx_word' id='word_1_408' title='bbox 1280 2432 1444 2468; x_wconf 86' lang='lat' dir='ltr'>beneficia</span> <span class='ocrx_word' id='word_1_409' title='bbox 1459 2432 1541 2468; x_wconf 90' lang='lat' dir='ltr'>Dei.</span> <span class='ocrx_word' id='word_1_410' title='bbox 1569 2431 1716 2468; x_wconf 86' lang='lat' dir='ltr'>Ornavit</span> 
     </span>
     <span class='ocr_line' id='line_1_40' title="bbox 186 2492 1714 2541; baseline 0.001 -14"><span class='ocrx_word' id='word_1_411' title='bbox 186 2494 221 2528; x_wconf 89' lang='lat' dir='ltr'>te</span> <span class='ocrx_word' id='word_1_412' title='bbox 248 2492 417 2528; x_wconf 86' lang='lat' dir='ltr'>Dominus</span> <span class='ocrx_word' id='word_1_413' title='bbox 440 2498 558 2528; x_wconf 86' lang='lat' dir='ltr'>noster</span> <span class='ocrx_word' id='word_1_414' title='bbox 581 2505 651 2529; x_wconf 89' lang='lat' dir='ltr'>non</span> <span class='ocrx_word' id='word_1_415' title='bbox 677 2493 811 2541; x_wconf 83' lang='lat' dir='ltr'>vulgari</span> <span class='ocrx_word' id='word_1_416' title='bbox 834 2493 1030 2541; x_wconf 84' lang='lat' dir='ltr'>linguarum</span> <span class='ocrx_word' id='word_1_417' title='bbox 1058 2497 1094 2529; x_wconf 85' lang='lat' dir='ltr'>et</span> <span class='ocrx_word' id='word_1_418' title='bbox 1118 2494 1375 2541; x_wconf 87' lang='lat' dir='ltr'>disciplinarum</span> <span class='ocrx_word' id='word_1_419' title='bbox 1400 2493 1533 2540; x_wconf 87' lang='lat' dir='ltr'>peritia,</span> <span class='ocrx_word' id='word_1_420' title='bbox 1561 2493 1714 2529; x_wconf 87' lang='grc'><strong>11111110-</strong></span> 
     </span>
     <span class='ocr_line' id='line_1_41' title="bbox 185 2553 1714 2602; baseline 0.001 -15"><span class='ocrx_word' id='word_1_421' title='bbox 185 2553 306 2599; x_wconf 86' lang='lat' dir='ltr'>gendis</span> <span class='ocrx_word' id='word_1_422' title='bbox 342 2553 590 2600; x_wconf 84' lang='lat' dir='ltr'>probatissimis</span> <span class='ocrx_word' id='word_1_423' title='bbox 622 2554 812 2601; x_wconf 88' lang='lat' dir='ltr'>quibusque</span> <span class='ocrx_word' id='word_1_424' title='bbox 842 2554 1019 2590; x_wconf 89' lang='lat' dir='ltr'>autoribus</span> <span class='ocrx_word' id='word_1_425' title='bbox 1053 2555 1126 2590; x_wconf 90' lang='lat' dir='ltr'>sine</span> <span class='ocrx_word' id='word_1_426' title='bbox 1151 2555 1290 2597; x_wconf 86' lang='lat' dir='ltr'>cortice,</span> <span class='ocrx_word' id='word_1_427' title='bbox 1315 2554 1406 2602; x_wconf 90' lang='lat' dir='ltr'>quod</span> <span class='ocrx_word' id='word_1_428' title='bbox 1433 2554 1572 2598; x_wconf 87' lang='lat' dir='ltr'>dicitur,</span> <span class='ocrx_word' id='word_1_429' title='bbox 1596 2557 1714 2589; x_wconf 80' lang='lat' dir='ltr'>natare</span> 
     </span>
     <span class='ocr_line' id='line_1_42' title="bbox 183 2613 1710 2661; baseline -0.001 -12"><span class='ocrx_word' id='word_1_430' title='bbox 183 2614 304 2659; x_wconf 84' lang='lat' dir='ltr'>possis.</span> <span class='ocrx_word' id='word_1_431' title='bbox 329 2613 502 2649; x_wconf 80' lang='lat' dir='ltr'>Adiunxit</span> <span class='ocrx_word' id='word_1_432' title='bbox 525 2614 607 2649; x_wconf 87' lang='lat' dir='ltr'>item</span> <span class='ocrx_word' id='word_1_433' title='bbox 633 2626 746 2650; x_wconf 86' lang='lat' dir='ltr'>veram</span> <span class='ocrx_word' id='word_1_434' title='bbox 772 2627 812 2650; x_wconf 90' lang='lat' dir='ltr'>ac</span> <span class='ocrx_word' id='word_1_435' title='bbox 836 2615 1022 2650; x_wconf 88' lang='lat' dir='ltr'>salutarem</span> <span class='ocrx_word' id='word_1_436' title='bbox 1047 2615 1110 2656; x_wconf 90' lang='lat' dir='ltr'>sui,</span> <span class='ocrx_word' id='word_1_437' title='bbox 1135 2615 1170 2651; x_wconf 90' lang='lat' dir='ltr'>in</span> <span class='ocrx_word' id='word_1_438' title='bbox 1194 2615 1374 2661; x_wconf 80' lang='lat' dir='ltr'>unigenito</span> <span class='ocrx_word' id='word_1_439' title='bbox 1398 2626 1461 2649; x_wconf 90' lang='lat' dir='ltr'>suo</span> <span class='ocrx_word' id='word_1_440' title='bbox 1486 2613 1568 2655; x_wconf 86' lang='lat' dir='ltr'>filio,</span> <span class='ocrx_word' id='word_1_441' title='bbox 1592 2613 1710 2659; x_wconf 85' lang='lat' dir='ltr'>cogni-</span> 
     </span>
     <span class='ocr_line' id='line_1_43' title="bbox 188 2674 1710 2722; baseline 0.001 -14"><span class='ocrx_word' id='word_1_442' title='bbox 188 2675 316 2709; x_wconf 88' lang='lat' dir='ltr'>tionem</span> <span class='ocrx_word' id='word_1_443' title='bbox 352 2686 453 2721; x_wconf 89' lang='lat' dir='ltr'>quam</span> <span class='ocrx_word' id='word_1_444' title='bbox 478 2686 548 2710; x_wconf 90' lang='lat' dir='ltr'>non</span> <span class='ocrx_word' id='word_1_445' title='bbox 572 2676 637 2709; x_wconf 90' lang='lat' dir='ltr'>sub</span> <span class='ocrx_word' id='word_1_446' title='bbox 662 2676 767 2711; x_wconf 82' lang='lat' dir='ltr'>fratre</span> <span class='ocrx_word' id='word_1_447' title='bbox 801 2676 913 2718; x_wconf 84' lang='lat' dir='ltr'>modo,</span> <span class='ocrx_word' id='word_1_448' title='bbox 939 2676 998 2711; x_wconf 90' lang='lat' dir='ltr'>sed</span> <span class='ocrx_word' id='word_1_449' title='bbox 1023 2676 1123 2712; x_wconf 87' lang='lat' dir='ltr'>etiam</span> <span class='ocrx_word' id='word_1_450' title='bbox 1151 2676 1214 2711; x_wconf 92' lang='lat' dir='ltr'>sub</span> <span class='ocrx_word' id='word_1_451' title='bbox 1240 2680 1337 2722; x_wconf 87' lang='lat' dir='ltr'>patre</span> <span class='ocrx_word' id='word_1_452' title='bbox 1361 2678 1423 2711; x_wconf 89' lang='lat' dir='ltr'>tuo</span> <span class='ocrx_word' id='word_1_453' title='bbox 1448 2675 1483 2710; x_wconf 90' lang='lat' dir='ltr'>in</span> <span class='ocrx_word' id='word_1_454' title='bbox 1507 2678 1625 2711; x_wconf 87' lang='lat' dir='ltr'>tenera</span> <span class='ocrx_word' id='word_1_455' title='bbox 1650 2674 1710 2710; x_wconf 88' lang='lat' dir='ltr'>ad-</span> 
     </span>
     <span class='ocr_line' id='line_1_44' title="bbox 187 2733 1712 2783; baseline 0.003 -15"><span class='ocrx_word' id='word_1_456' title='bbox 187 2733 253 2769; x_wconf 91' lang='lat' dir='ltr'>hue</span> <span class='ocrx_word' id='word_1_457' title='bbox 277 2739 390 2769; x_wconf 82' lang='lat' dir='ltr'>aetate</span> <span class='ocrx_word' id='word_1_458' title='bbox 416 2740 478 2770; x_wconf 84' lang='lat' dir='ltr'>tua</span> <span class='ocrx_word' id='word_1_459' title='bbox 502 2736 656 2781; x_wconf 88' lang='lat' dir='ltr'>professa</span> <span class='ocrx_word' id='word_1_460' title='bbox 679 2747 726 2771; x_wconf 92' lang='lat' dir='ltr'>es.</span> <span class='ocrx_word' id='word_1_461' title='bbox 776 2737 904 2772; x_wconf 89' lang='lat' dir='ltr'>Postea</span> <span class='ocrx_word' id='word_1_462' title='bbox 929 2740 964 2771; x_wconf 83' lang='lat' dir='ltr'>te</span> <span class='ocrx_word' id='word_1_463' title='bbox 989 2736 1140 2772; x_wconf 87' lang='lat' dir='ltr'>immissa</span> <span class='ocrx_word' id='word_1_464' title='bbox 1162 2748 1262 2772; x_wconf 86' lang='lat' dir='ltr'>cruce</span> <span class='ocrx_word' id='word_1_465' title='bbox 1289 2736 1471 2783; x_wconf 75' lang='lat' dir='ltr'>multiplici</span> <span class='ocrx_word' id='word_1_466' title='bbox 1496 2736 1651 2771; x_wconf 81' lang='lat' dir='ltr'>exercuit</span> <span class='ocrx_word' id='word_1_467' title='bbox 1676 2739 1712 2772; x_wconf 86' lang='lat' dir='ltr'>et</span> 
     </span>
     <span class='ocr_line' id='line_1_45' title="bbox 187 2794 1711 2844; baseline 0.003 -16"><span class='ocrx_word' id='word_1_468' title='bbox 187 2794 282 2828; x_wconf 87' lang='lat' dir='ltr'>velut</span> <span class='ocrx_word' id='word_1_469' title='bbox 311 2794 382 2840; x_wconf 85' lang='lat' dir='ltr'>igni</span> <span class='ocrx_word' id='word_1_470' title='bbox 406 2795 554 2841; x_wconf 87' lang='lat' dir='ltr'>quodam</span> <span class='ocrx_word' id='word_1_471' title='bbox 579 2797 750 2842; x_wconf 88' lang='lat' dir='ltr'>probavit,</span> <span class='ocrx_word' id='word_1_472' title='bbox 774 2802 814 2831; x_wconf 91' lang='lat' dir='ltr'>ut</span> <span class='ocrx_word' id='word_1_473' title='bbox 839 2797 993 2844; x_wconf 84' lang='lat' dir='ltr'>virginea</span> <span class='ocrx_word' id='word_1_474' title='bbox 1020 2802 1080 2832; x_wconf 81' lang='lat' dir='ltr'>tua</span> <span class='ocrx_word' id='word_1_475' title='bbox 1106 2797 1287 2833; x_wconf 82' lang='lat' dir='ltr'>tolerantia</span> <span class='ocrx_word' id='word_1_476' title='bbox 1314 2798 1463 2832; x_wconf 79' lang='lat' dir='ltr'>Satanae</span> <span class='ocrx_word' id='word_1_477' title='bbox 1499 2799 1535 2830; x_wconf 89' lang='lat' dir='ltr'>et</span> <span class='ocrx_word' id='word_1_478' title='bbox 1559 2797 1632 2831; x_wconf 88' lang='lat' dir='ltr'>eius</span> <span class='ocrx_word' id='word_1_479' title='bbox 1657 2809 1711 2832; x_wconf 90' lang='lat' dir='ltr'>sa-</span> 
     </span>
     <span class='ocr_line' id='line_1_46' title="bbox 187 2853 1709 2905; baseline 0.002 -16"><span class='ocrx_word' id='word_1_480' title='bbox 187 2853 336 2892; x_wconf 84' lang='lat' dir='ltr'>tellitum</span> <span class='ocrx_word' id='word_1_481' title='bbox 369 2856 584 2902; x_wconf 75' lang='lat' dir='ltr'>tyrannidem</span> <span class='ocrx_word' id='word_1_482' title='bbox 618 2869 690 2892; x_wconf 86' lang='lat' dir='ltr'>non</span> <span class='ocrx_word' id='word_1_483' title='bbox 726 2868 903 2905; x_wconf 87' lang='lat' dir='ltr'>superares</span> <span class='ocrx_word' id='word_1_484' title='bbox 929 2857 1044 2898; x_wconf 89' lang='lat' dir='ltr'>modo,</span> <span class='ocrx_word' id='word_1_485' title='bbox 1069 2857 1129 2893; x_wconf 91' lang='lat' dir='ltr'>sed</span> <span class='ocrx_word' id='word_1_486' title='bbox 1161 2858 1265 2894; x_wconf 89' lang='lat' dir='ltr'>etiam</span> <span class='ocrx_word' id='word_1_487' title='bbox 1289 2857 1502 2892; x_wconf 82' lang='lat' dir='ltr'>informares.</span> <span class='ocrx_word' id='word_1_488' title='bbox 1552 2855 1709 2904; x_wconf 87' lang='lat' dir='ltr'>Denique</span> 
     </span>
    </p>
   </div>
  </div>
 </body>
</html>
