1830 3147
807 120 876 159 675
1337 119 1398 168 [A.
1424 117 1470 156 D.
1496 118 1608 168 1553]

71 232 157 268 mihi
180 233 264 268 ante
288 243 419 268 annum
445 230 516 267 fere
540 229 709 266 ademisse
733 229 884 277 priorem
909 230 1004 266 vitae
1037 241 1133 265 meae
1158 229 1299 273 sociam,
1323 240 1469 265 uxorem
1495 240 1606 264 meam

70 293 226 340 inquam,
259 292 361 329 cuius
392 291 558 327 memoria
582 290 675 338 apud
701 303 756 326 me
781 290 965 326 intermori
989 302 1170 337 nunquam
1197 291 1326 338 potest,
1358 301 1437 326 cum
1462 291 1606 336 propter

71 353 237 401 pietatem
272 365 312 389 ac
344 351 555 400 probitatem
588 350 698 394 illius,
733 354 809 386 tum
834 355 979 399 propter
1004 354 1184 398 susceptas
1209 363 1252 386 ex
1276 349 1337 387 illa
1360 349 1490 397 proles,
1515 362 1606 397 quae

70 414 114 450 ob
140 413 262 451 oculos
288 425 382 449 meos
408 411 547 448 assidue
573 417 771 448 versantur.
822 411 935 457 Quam
960 411 1045 447 mihi
1070 424 1176 458 grave
1200 411 1312 458 igitur
1338 411 1447 447 fuerit
1473 410 1604 446 vulnus

72 475 138 511 hoc
170 474 272 511 iuxta
304 486 442 510 carnem
468 472 627 520 adeoque
652 475 690 509 et
715 485 809 509 nune
842 473 900 516 sit,
933 476 1051 510 tecum
1083 473 1157 520 ipse
1183 472 1284 508 facile
1308 471 1464 518 cogitare
1490 473 1603 518 potes,

69 539 113 573 ut
138 535 181 572 de
205 548 289 572 cura
314 534 366 571 rei
389 534 600 570 domesticae
625 537 769 577 taceam,
795 546 885 581 quae
909 534 946 569 in
972 534 1066 570 illam
1091 533 1221 570 reiecta
1245 535 1324 569 tota
1352 533 1476 575 fuerat,
1502 533 1539 567 et
1567 532 1602 567 in

70 609 125 633 me
159 609 280 640 unum,
306 595 358 631 illi
382 595 518 641 alioqui
543 594 706 638 alienum,
732 606 753 630 a
776 596 892 630 morte
916 594 1026 641 ipsius
1051 593 1270 630 recubuerat.
1320 592 1375 628 De
1399 590 1603 627 valetudine

69 657 155 694 nihil
189 657 278 701 dieo,
315 669 404 703 quae
437 656 487 691 ita
520 656 588 691 iam
620 655 753 702 alioqui
787 657 843 691 est
874 655 1011 698 attrita,
1036 656 1090 698 ut,
1115 667 1195 691 eum
1221 653 1352 701 optime
1378 652 1462 688 mihi
1487 650 1603 687 valere

70 718 204 761 videor,
235 729 417 764 nunquam
451 718 569 752 tamen
604 718 700 753 recte
737 715 885 759 valeam,
924 718 962 751 et
1003 715 1146 762 agendis
1179 714 1283 751 rebus
1323 713 1423 750 seriis
1463 711 1604 748 nonnisi

71 778 266 814 matutinas
294 778 365 814 sere
390 778 492 813 horas
517 777 592 813 sine
619 776 830 813 valetudinis
854 776 1083 812 incommodis
1109 775 1305 823 impendere
1330 774 1471 822 possim.
1505 772 1603 818 Quae

69 851 125 876 rcs
158 840 243 875 mihi
275 840 381 876 etiam
414 839 450 875 in
487 851 611 875 caussa
636 838 716 882 fuit,
741 841 795 881 ut,
821 850 901 874 cum
928 837 1154 873 sustinendae
1179 849 1282 873 curae
1307 836 1519 872 domesticae
1544 846 1601 881 pa-

71 912 145 937 rem
182 914 237 937 me
270 913 345 937 esse
379 913 450 937 non
475 912 579 948 posse
603 899 768 942 viderem,
794 899 837 934 ad
863 899 1032 935 secundas
1058 899 1200 946 nuptias
1231 898 1384 934 animum
1409 895 1604 932 adiecerim.

72 962 266 1010 Nunquam
299 962 389 998 enim
428 964 465 997 et
489 974 593 998 curae
618 960 828 997 domesticae
854 964 890 996 et
931 972 1009 996 meo
1042 959 1237 995 ministerio
1263 959 1300 995 in
1326 971 1400 994 mea
1424 957 1485 993 illa
1509 956 1602 992 vale-

72 1023 196 1059 tudine
222 1023 377 1059 sufficere
402 1022 605 1070 potuissem.
633 1022 727 1067 Quin
754 1026 789 1057 et
815 1033 909 1057 nunc
934 1033 1037 1068 aegre
1062 1021 1218 1057 sufficere
1244 1032 1385 1068 possum
1404 1019 1505 1055 novis
1523 1018 1602 1054 sub-

71 1083 153 1119 inde
184 1084 298 1119 turbis
332 1083 583 1126 exorientibus,
621 1082 790 1119 adversus
825 1095 912 1129 quas
946 1086 1116 1130 perpetuo
1150 1085 1204 1118 est
1228 1081 1487 1119 decertandum.
1538 1080 1605 1117 Sed

71 1144 365 1190 quemadmodum
390 1157 444 1181 me
471 1145 568 1181 Deus
593 1148 707 1181 morte
731 1144 856 1191 prioris
884 1156 977 1180 meae
1002 1144 1122 1180 uxoris
1148 1143 1293 1192 probare
1319 1143 1444 1187 voluit,
1463 1143 1514 1178 ita
1530 1154 1605 1177 rur-

73 1217 152 1241 sum
177 1205 285 1240 animi
311 1205 378 1241 mci
404 1205 558 1241 dolorem
585 1205 666 1240 data
693 1204 775 1240 mihi
801 1204 910 1241 altera
927 1217 1037 1240 uxore
1063 1217 1125 1252 pro
1151 1217 1214 1240 sua
1239 1204 1369 1240 Divina
1387 1203 1605 1250 benignitate

72 1265 217 1302 levavit.
244 1266 354 1301 Dedit
379 1267 470 1302 enim
497 1279 637 1302 rursum
664 1268 700 1302 et
724 1265 816 1313 piam
843 1268 879 1302 et
904 1266 1051 1309 fidelem,
1078 1265 1173 1312 quod
1200 1278 1312 1313 spero,
1338 1265 1432 1300 vitae
1465 1265 1606 1308 sociam,

73 1327 111 1363 in
136 1339 208 1374 qua
232 1327 319 1363 nihil
345 1327 537 1363 officiorum
563 1327 732 1363 hactenus
758 1325 954 1362 desiderare
979 1338 1122 1373 possum
1140 1328 1182 1372 2),
1210 1326 1258 1361 sic
1283 1328 1325 1361 ut
1350 1325 1434 1361 mihi
1453 1326 1519 1360 iam
1537 1336 1607 1359 me-

74 1389 145 1425 lius
182 1389 294 1426 multo
321 1389 427 1426 liceat
453 1389 637 1435 invigilare
663 1401 739 1425 meo
765 1388 962 1424 ministerio
988 1400 1050 1436 per
1076 1388 1223 1435 gratiam
1251 1387 1329 1431 Dei,
1366 1388 1396 1423 si
1420 1387 1523 1423 modo
1551 1399 1607 1422 va-

75 1450 199 1487 letudo
224 1452 299 1498 ipsa
323 1463 395 1486 non
421 1450 551 1486 obstet.

123 1512 179 1548 De
204 1511 319 1547 turbis
344 1511 399 1547 hic
425 1511 558 1547 nostris
584 1511 730 1558 longum
757 1514 851 1547 esset
876 1510 993 1547 omnia
1017 1522 1210 1554 recensere,
1236 1509 1295 1546 sed
1322 1509 1406 1545 nihil
1433 1522 1502 1545 non
1529 1512 1606 1545 ten-

76 1574 132 1609 tat
163 1572 201 1609 in
236 1584 300 1608 nos
325 1572 455 1608 Sathan
481 1576 625 1620 propter
649 1573 857 1608 restitutum
883 1576 1067 1618 utcunque
1091 1572 1128 1607 in
1153 1571 1284 1607 nostris
1309 1571 1474 1607 Ecelesiis
1507 1571 1608 1607 disei-

74 1634 188 1681 plinae
213 1646 335 1670 usum:
363 1634 528 1669 nimirum
554 1633 632 1669 hinc
659 1634 768 1670 sentit
794 1633 909 1669 locum
936 1634 1086 1680 praeripi
1112 1633 1288 1680 hypocrisi
1313 1645 1395 1668 suae
1421 1633 1513 1668 inter
1532 1645 1607 1677 nos,

77 1707 169 1742 quae
203 1694 388 1731 observato
423 1694 626 1741 disciplinae
651 1707 719 1730 usu
745 1694 892 1741 ipsamet
926 1705 1000 1729 sese
1042 1693 1159 1740 prodit
1192 1705 1306 1739 neque
1332 1693 1392 1729 diu
1418 1694 1610 1729 consistere

75 1756 218 1792 omnino
256 1757 387 1803 potest.
437 1755 576 1791 Volunt
608 1755 700 1791 enim
733 1754 848 1790 sancti
874 1753 984 1790 videri
1011 1754 1211 1801 hypocritae
1237 1767 1368 1797 omnes,
1410 1759 1446 1790 et
1471 1754 1607 1789 laudari

76 1829 183 1864 quam
210 1816 370 1863 redargui
399 1816 546 1860 malunt,
578 1829 730 1863 cumque
763 1829 850 1852 usus
876 1816 1080 1864 disciplinae
1111 1815 1205 1851 aliud
1240 1817 1276 1852 in
1310 1828 1347 1852 se
1373 1816 1458 1851 nihil
1484 1815 1608 1853 habeat

74 1891 180 1926 quam
206 1878 504 1926 reprehensiones,
529 1891 588 1926 per
615 1890 703 1924 quas
729 1878 894 1914 simulata
919 1877 980 1913 illa
1005 1878 1160 1924 ipsorum
1186 1877 1355 1913 sanctitas
1383 1879 1610 1924 oppugnatur

75 1939 348 1986 corruptelaque
380 1944 528 1975 naturae
561 1945 702 1976 nostrae
738 1939 895 1975 omnium
928 1942 1127 1982 accusatur,
1161 1939 1234 1975 fieri
1268 1952 1350 1976 sane
1386 1953 1455 1976 non
1480 1943 1611 1988 potest,

77 2000 165 2046 quin
190 2000 390 2047 hypocritae
416 2000 613 2036 simulatam
640 2001 864 2037 sanctitatem
890 2000 986 2036 illam
1012 2013 1109 2036 suam
1127 2001 1331 2048 oppugnari,
1351 2001 1452 2037 euius
1471 2002 1611 2037 nomine

77 2060 211 2106 alioqui
249 2061 284 2095 in
317 2061 430 2107 pretio
468 2060 583 2097 haberi
617 2060 756 2104 volunt,
791 2060 997 2107 gravissime
1031 2060 1156 2104 ferant,
1197 2073 1408 2108 sursumque
1448 2074 1488 2098 ac
1514 2062 1611 2098 deor-

80 2133 158 2156 sum
196 2121 365 2157 misceant
405 2122 533 2164 omnia,
574 2121 603 2157 si
636 2134 708 2168 quo
741 2121 844 2157 modo
886 2134 989 2157 usum
1026 2121 1229 2170 disciplinae
1272 2123 1425 2159 invisum
1470 2123 1614 2160 reddere

79 2181 241 2217 omnibus
274 2181 554 2229 hypocrisimque
588 2195 688 2218 suam
720 2182 888 2219 adversus
921 2183 1021 2220 illum
1057 2183 1149 2219 tueri
1184 2183 1332 2231 possint.
1396 2189 1519 2232 Atque
1560 2186 1614 2221 hic

79 2254 150 2277 non
175 2241 306 2277 dormit
331 2242 465 2285 sathan,
492 2242 551 2278 sed
576 2246 669 2279 artes
696 2255 816 2279 omues
841 2255 924 2280 suas
949 2243 1089 2291 expedit
1124 2244 1167 2280 ad
1210 2244 1467 2292 impediendum
1511 2246 1612 2283 disci-

73 2301 190 2350 plinae
214 2315 329 2338 usum.

125 2363 218 2399 Mira
251 2367 305 2399 est
337 2368 456 2399 autem
490 2363 544 2399 hic
580 2363 842 2411 hypocritarum
875 2369 1079 2401 nostrorum
1113 2365 1286 2401 vafrities.
1336 2365 1478 2402 Nolunt
1503 2367 1614 2403 videri

77 2426 201 2459 contra
224 2436 328 2459 usum
354 2423 559 2472 disciplinae
585 2424 778 2471 quidquam
803 2437 915 2471 agere,
943 2425 1015 2468 sed,
1041 2425 1128 2461 dum'
1151 2438 1187 2462 se
1211 2439 1273 2474 per
1290 2438 1393 2462 usum
1411 2427 1616 2475 disciplinae

77 2484 284 2532 pudefactus
310 2484 443 2522 vident.
468 2484 623 2520 severius
649 2497 778 2528 secum,
805 2498 909 2533 quam
935 2498 1016 2522 cum
1040 2486 1118 2522 aliis
1143 2487 1198 2532 agi
1216 2486 1378 2530 clamant,
1392 2488 1614 2535 cupiuntque

78 2557 196 2581 secum
222 2558 341 2581 omnes
367 2545 487 2581 eodem
512 2545 661 2582 carbone
687 2547 813 2591 notari,
848 2550 890 2583 ut
924 2548 1037 2590 aiunt,
1079 2553 1115 2583 et
1141 2547 1176 2583 in
1204 2548 1267 2584 hoc
1293 2549 1361 2584 toti
1388 2553 1484 2592 sunt,
1510 2554 1552 2586 ut
1579 2551 1613 2586 iu

79 2618 185 2654 quam
202 2606 371 2653 plurimos
397 2619 506 2643 novas
531 2619 665 2654 semper
689 2609 928 2645 accusationes
951 2609 1270 2646 comminiscantur.
1297 2610 1431 2656 Quodsi
1456 2611 1526 2647 illis
1544 2625 1615 2649 non

80 2668 318 2715 obsequimur,
352 2669 515 2717 protinus
553 2668 763 2706 clamoribus
795 2669 942 2717 implent
977 2671 1093 2706 omnia
1134 2674 1170 2707 et
1202 2683 1265 2707 nos
1299 2684 1524 2718 personarum
1559 2686 1612 2710 ac-

81 2732 241 2777 ceptores
272 2743 347 2766 esse
381 2729 631 2773 vociferantur,
667 2731 804 2766 etiamsi
837 2732 1080 2768 accusationes
1120 2744 1208 2779 quas
1241 2733 1426 2780 proferunt
1458 2747 1616 2784 compro-

81 2788 162 2825 bare
187 2803 259 2826 non
283 2793 444 2838 possunt.
471 2790 530 2826 Ita
555 2790 610 2827 hie
636 2791 777 2837 quidam
804 2792 904 2828 nobis
930 2792 1100 2829 molestus
1126 2797 1190 2836 est,
1217 2794 1279 2840 qui
1305 2806 1324 2830 e
1349 2794 1489 2841 publico
1516 2798 1618 2837 verbi

82 2850 277 2887 ministerio
299 2857 441 2900 propter
454 2851 626 2898 flagitium
646 2852 822 2898 quoddam
841 2853 1077 2900 Magistratus
1091 2853 1256 2891 mandato
1274 2855 1460 2892 submotus
1472 2859 1512 2904 ),
1531 2870 1611 2894 con-

85 2911 264 2959 quiescere
284 2925 354 2949 non
372 2915 503 2959 potest,
524 2912 634 2948 donee
655 2914 787 2949 socium
803 2914 1060 2960 pudefactionis
1079 2927 1161 2952 suae
1185 2916 1339 2963 aliquem
1366 2918 1431 2954 sibi
1449 2919 1616 2956 iuveniat.

1349 2979 1419 3016 43*
