1830 3147
237 133 309 170 202

236 243 405 282 Ecclesia
434 244 678 296 respondent:
711 243 903 283 aEtiamQ
931 243 1077 282 Deinde
1105 246 1152 284 ab
1179 246 1310 286 iisdem
1339 245 1528 284 Ministris
1546 245 1698 297 reliquis
1719 259 1762 283 ac

236 308 456 346 Senioribus
491 312 527 346 et
563 308 743 346 Diaconis
780 308 937 360 quaerit,
972 321 1060 347 num
1099 311 1295 362 quisquam
1323 324 1369 350 ex
1396 310 1565 348 Ecclesia
1591 314 1671 349 tota
1697 310 1762 348 illa

235 373 468 412 hebdomade
503 373 549 411 ad
584 373 686 425 ipsos
718 374 900 420 retulerit,
934 374 1035 425 quod
1071 375 1203 413 merito
1241 377 1392 414 obstare
1426 388 1537 426 posse
1564 375 1763 419 videretur,

234 438 435 489 quominus
471 437 518 475 ad
554 438 682 475 fratris
719 438 937 476 denunciati
973 441 1397 479 excommunicationem
1425 439 1659 491 procedatur,
1686 440 1761 478 illi-

235 516 306 553 que
340 516 489 541 rursum
525 504 764 555 respondent,
801 508 864 541 aut
901 503 995 541 nibil
1022 504 1068 541 ad
1097 518 1135 542 se
1161 506 1319 543 relatum
1346 519 1436 551 esse,
1464 509 1529 542 aut
1556 505 1654 556 quod
1683 518 1761 543 non

235 569 287 606 ita
321 568 483 606 multum
518 568 564 605 ad
600 582 678 606 rem
713 569 832 620 ipsam
869 569 991 607 facere
1020 569 1199 608 videatur.
1255 570 1404 609 Quodsi
1430 570 1554 608 futilia
1579 570 1761 621 quaedam

234 632 281 670 ad
309 646 348 670 se
374 633 490 671 relata
518 646 597 671 esse
625 633 764 677 dicant,
791 637 871 670 tum
900 645 941 669 ea
969 633 1095 670 omnia
1121 647 1187 684 per
1216 634 1469 672 Ecclesiasten
1496 647 1542 672 ex
1571 632 1675 672 verbi
1694 633 1762 671 Di-

235 696 313 735 vini
339 696 539 735 autoritate
566 698 806 735 confutantur
834 701 869 735 et
895 697 1129 736 refelluntur.

284 762 418 801 Postea
453 763 565 801 vertit
601 776 679 800 sese
715 762 760 799 ad
790 763 998 800 Ecclesiam
1026 763 1285 810 Ecclesiastes,
1310 764 1486 815 illamque
1513 764 1696 810 hortatur,
1723 770 1764 802 ut

234 827 353 865 vicem
387 828 514 865 fratris
551 827 606 864 sui
633 828 734 865 illius
760 827 1041 878 impoenitentis
1070 841 1154 865 vere
1180 832 1215 865 et
1243 840 1288 865 ex
1314 829 1439 865 animo
1469 828 1604 873 doleat,
1631 842 1761 879 quem-

233 892 434 930 admodum
480 893 647 930 membro
692 892 731 930 in
770 905 925 943 corpore
959 892 1056 930 male
1093 893 1222 930 affecto
1260 894 1425 930 membra
1459 893 1598 944 reliqua
1636 894 1763 931 omnia

234 957 432 996 condolere
459 958 632 1008 maloque
658 958 776 1009 ipsius
804 971 849 994 ex
876 957 1002 995 animo
1031 958 1124 995 affici
1153 958 1300 996 debent.
1348 958 1397 996 Et
1424 962 1667 1010 posteaquam
1694 972 1759 996 ex-

234 1029 394 1060 tremum
429 1021 486 1059 illi
521 1022 596 1059 iam
637 1022 841 1059 remedium
879 1035 966 1059 suae
1002 1022 1310 1073 impoenitentiae
1343 1023 1514 1061 adhiberi
1552 1023 1762 1061 necessario

235 1089 541 1139 oporte-(35l)re
577 1087 717 1131 vident,
756 1091 793 1124 ut
831 1086 1000 1124 dolorem
1029 1100 1135 1124 suum
1165 1101 1207 1124 ac
1235 1088 1376 1125 luctum
1404 1100 1471 1138 pro
1498 1087 1764 1138 impoenitente

234 1152 349 1189 fratre
385 1164 451 1189 suo
488 1151 639 1202 publica
674 1163 741 1188 sua
777 1151 824 1188 ad
861 1151 978 1188 Deum
1017 1151 1232 1201 precatione
1258 1151 1297 1188 in
1324 1165 1446 1200 genua
1473 1152 1762 1203 procumbentes

236 1220 502 1254 contestentur.
553 1216 639 1267 Ipse
666 1228 753 1253 vero
783 1215 1038 1261 Ecclesiastes‚
1068 1215 1338 1266 procumbente
1365 1217 1404 1253 in
1432 1229 1552 1265 genua
1578 1219 1659 1254 tota
1687 1215 1761 1253 Ec-

236 1281 359 1324 clesia,
386 1281 433 1319 ad
463 1281 562 1318 hunc
586 1282 738 1318 modum
769 1281 868 1319 clara
895 1286 931 1319 et
959 1281 1129 1332 expedita
1158 1294 1247 1319 voce
1274 1287 1465 1331 precatur:

285 1413 512 1451 Precatio
547 1425 629 1464 pro
658 1412 1010 1463 impoenitente
1038 1413 1195 1450 fratre
1222 1416 1332 1450 ante
1360 1412 1466 1450 eius
1494 1425 1758 1451 excommu-

236 1478 553 1518 nicationem.

286 1607 580 1657 nOmnipotens,
608 1610 753 1643 aeterne
781 1610 817 1643 et
844 1606 1054 1644 misericors
1080 1607 1208 1644 Pater!
1236 1607 1300 1657 qui
1326 1620 1392 1658 pro
1411 1611 1475 1645 tua
1494 1607 1657 1656 gratuita
1675 1621 1762 1657 erga

231 1684 300 1709 nos
336 1670 436 1708 bona
473 1671 512 1708 in
549 1670 698 1708 Christo
735 1670 928 1708 voluntate
954 1675 991 1708 et
1020 1670 1275 1708 misericordia
1304 1684 1380 1708 non
1410 1672 1464 1709 vis
1491 1676 1648 1709 mortem
1676 1685 1762 1723 pec-

232 1735 381 1779 catoris,
417 1734 480 1772 sed
516 1734 641 1785 potius
679 1737 718 1772 ut
748 1734 910 1785 Spiritus
940 1735 1059 1772 sancti
1086 1735 1141 1772 tui
1168 1735 1293 1772 afflatu
1324 1739 1561 1773 convertatur
1588 1739 1623 1773 et
1651 1735 1767 1781 vivat;

231 1800 369 1850 quique
403 1812 482 1836 eam
520 1812 598 1837 esse
633 1799 707 1836 vim
736 1799 883 1836 testaris
925 1799 1049 1836 Dis-ini
1078 1799 1182 1836 verbi
1208 1799 1277 1844 tui,
1308 1804 1345 1837 ut
1373 1804 1496 1850 petras
1524 1799 1636 1838 etiam
1663 1801 1762 1851 ipsas

231 1863 356 1900 mallei
387 1862 506 1900 instar
542 1866 712 1912 potenter
741 1861 971 1898 comminuat
1006 1875 1049 1898 ac
1079 1861 1296 1905 contundat,
1323 1883 1374 1890 —-
1399 1866 1435 1899 te
1464 1875 1546 1899 ecce
1575 1863 1760 1914 supplices

232 1940 274 1965 ac
314 1940 439 1964 coram
476 1927 595 1964 oculis
631 1926 705 1964 tuis
732 1926 910 1976 prostrati
937 1939 1001 1977 per
1030 1939 1166 1964 nomen
1196 1926 1323 1964 dilecti
1350 1927 1419 1963 filii
1446 1927 1500 1964 tui
1529 1940 1691 1972 oramus,
1719 1933 1762 1966 ut

231 1991 358 2029 fratris
396 1992 516 2029 nostri
550 1991 844 2041 impoenitentis,
879 1990 944 2034 N„
974 2004 1038 2028 cor
1065 1995 1176 2041 atque
1203 1991 1383 2036 animum,
1417 1991 1597 2029 hacteuus
1624 1992 1760 2042 lapidis

231 2057 349 2094 instar
376 2056 615 2101 obduratum,
642 2056 780 2092 virtute
808 2055 912 2092 verbi
940 2055 996 2092 tui
1023 2061 1153 2092 autore
1182 2056 1323 2107 Spiritu
1352 2060 1482 2094 sancto
1507 2062 1573 2094 tuo
1593 2057 1760 2094 emollire

229 2122 275 2159 ad
320 2120 721 2172 poeniten-(352)tiam
764 2120 1010 2171 tenebrasque
1053 2120 1188 2158 mentis
1235 2134 1321 2158 suae
1365 2121 1446 2158 luce
1485 2121 1643 2159 Divinae
1677 2126 1761 2159 tuae

228 2185 372 2234 gratiae
408 2185 604 2235 dispellere
641 2184 820 2234 digneris,
859 2189 896 2222 ut
930 2185 970 2222 in
1008 2184 1119 2222 corde
1153 2186 1303 2222 tandem
1342 2198 1408 2222 suo
1436 2186 1572 2223 sentiat
1598 2186 1760 2235 graviter

229 2264 278 2296 se,
305 2250 464 2301 primurn
493 2251 533 2287 in
561 2255 609 2294 te,
635 2263 668 2296 o,
698 2250 807 2287 Pater
833 2249 1180 2299 indulgentissime!
1208 2250 1342 2287 deinde
1370 2263 1456 2287 vero
1483 2250 1520 2288 in
1541 2255 1643 2288 tuam
1665 2264 1760 2302 quo-

230 2329 301 2366 que
329 2315 426 2353 hanc
452 2316 659 2353 Ecclesiam
687 2328 872 2365 peccasse,
898 2321 1166 2365 peccatumque
1192 2315 1264 2352 hoc
1293 2328 1400 2352 suum
1428 2315 1525 2366 apud
1553 2320 1590 2353 te
1608 2319 1643 2353 et
1663 2315 1759 2352 hanc

231 2380 436 2418 Ecclesiam
473 2385 622 2418 accuset
657 2393 700 2417 ac
737 2380 934 2417 nobiscum
969 2393 1042 2417 una
1079 2380 1256 2431 deploret,
1291 2393 1338 2417 ne
1373 2380 1491 2431 ipsum
1528 2380 1651 2425 inviti,
1695 2380 1758 2417 sed

229 2445 511 2495 impoenitentia
545 2444 664 2496 ipsius
702 2445 895 2495 compulsi,
930 2457 949 2481 e
987 2444 1144 2494 mystico
1171 2448 1236 2481 tuo
1267 2456 1420 2494 corpore
1448 2456 1530 2480 cum
1558 2444 1661 2481 luctu
1689 2457 1758 2481 no-

232 2513 308 2546 stro
343 2509 536 2546 excludere
574 2521 763 2557 cogamur,
799 2507 861 2545 sed
890 2521 973 2545 eum
1003 2508 1127 2558 potius
1154 2515 1195 2545 ut
1223 2509 1347 2546 vivum
1375 2507 1443 2546 filii
1470 2507 1524 2545 tui
1550 2508 1757 2546 membrum

230 2572 271 2610 in
298 2572 368 2609 hac
394 2573 711 2623 ipsius'E-cclesia
742 2586 824 2610 cum
853 2572 990 2620 gaudio
1020 2577 1054 2610 et
1081 2572 1336 2621 gratulatione
1363 2572 1600 2610 retineamus.
1631 2572 1756 2610 Exau-

232 2637 268 2674 di
296 2649 378 2682 ηοε,
407 2649 441 2682 0,
466 2637 575 2674 Pater
600 2637 945 2686 indulgentissime!
972 2650 1037 2686 per
1065 2650 1201 2674 nomen
1230 2637 1354 2675 dilecti
1382 2636 1450 2673 filii
1478 2637 1533 2673 tui
1560 2636 1604 2673 ad
1627 2641 1662 2674 te
1682 2638 1756 2676 cla-

231 2705 390 2747 mantes,
425 2706 669 2753 nostrumque
706 2702 803 2740 huuc
840 2703 991 2739 fratrem
1019 2702 1326 2752 impoenitentem
1352 2706 1464 2752 atque
1491 2700 1537 2738 ad
1565 2701 1755 2740 interitum

230 2768 305 2805 iam
341 2766 630 2818 propendentem
667 2767 707 2805 in
745 2767 842 2804 viam
880 2780 1009 2804 rursus
1038 2767 1238 2805 clementer
1265 2767 1378 2804 verbo
1409 2766 1556 2803 virtutis
1583 2771 1671 2805 tuae
1699 2781 1757 2805 re-

231 2845 336 2877 voca,
371 2844 446 2882 quo
482 2844 551 2869 nos
580 2844 720 2876 omnes,
747 2832 812 2883 qui
838 2837 990 2882 propter
1017 2831 1134 2881 ipsius
1163 2831 1455 2869 obstinationem
1489 2830 1527 2867 in
1556 2837 1758 2882 conspectu

230 2901 295 2935 tuo
331 2896 513 2946 lugemus,
546 2909 611 2947 per
646 2896 726 2933 eius
762 2895 1055 2946 resipiscentiam
1091 2895 1291 2933 exhilarari
1326 2895 1456 2945 illique
1492 2894 1682 2943 gratulari,
1719 2900 1755 2934 et
