1830 3147
209 112 272 162 [A.
294 111 344 150 D.
370 113 481 161 1553]
949 113 1019 152 676

212 221 261 257 Et
293 220 378 268 quia
410 221 447 257 in
483 219 558 256 vita
588 231 628 256 ac
661 221 930 257 conversatione
970 221 1126 257 omnium
1167 221 1356 268 utriusque
1399 223 1540 258 nostrae
1574 222 1754 259 Ecclesiae

214 283 457 320 ministrorum
490 283 577 320 nihil
612 283 709 331 quod
740 285 865 321 merito
899 284 1062 321 traducat
1098 285 1261 333 reperire,
1287 285 1402 333 gratia
1427 286 1521 322 Deo!
1548 289 1679 334 potest,
1705 287 1754 323 ri-

216 357 288 380 mas
324 345 462 392 quaerit
498 345 635 381 serendi
660 345 804 381 dissidia
837 346 874 382 in
900 345 1062 382 doctrina
1087 347 1123 382 et
1147 346 1262 383 multa
1286 346 1444 394 adfingit,
1470 359 1542 394 quo
1566 347 1676 394 magis
1701 348 1753 383 in-

216 407 330 442 visum
362 406 484 442 reddat
518 409 679 442 nostrum
713 407 961 444 ministerium.
1011 408 1127 443 Sumit
1162 411 1281 444 autem
1306 409 1520 445 occasionem
1546 408 1753 445 traducendi

215 472 376 503 nostrum
407 467 643 504 ministerium
676 481 697 504 a
721 468 1052 516 praedestinationis
1085 470 1337 513 controversia,
1363 483 1468 517 quam
1495 470 1580 506 mire
1606 482 1752 516 exagge-

214 532 280 564 rat.
319 529 368 564 Et
393 533 435 565 ut
460 530 581 577 paucis
617 542 690 566 rem
728 532 841 566 totam
876 530 942 566 tibi
967 530 1212 577 perstringam,
1238 532 1342 568 docui
1377 545 1453 578 ego,
1479 544 1538 568 eos
1563 544 1634 568 non
1659 534 1755 568 recte

215 589 257 625 de
283 590 603 637 praedestinatione
627 590 806 635 disserere,
834 591 897 638 qui
922 604 983 638 per
1008 591 1106 627 illius
1131 592 1327 629 doctrinam
1352 593 1517 629 meritum
1543 606 1582 629 ac
1600 593 1752 639 dignita-

215 653 287 686 tem
312 652 435 687 mortis
461 664 499 687 ac
525 652 712 688 sacerdotii
739 652 872 688 Christi
898 656 1088 689 extenuare
1113 653 1321 701 elevareque
1350 658 1534 698 conantur,
1552 654 1658 702 idque
1675 655 1753 691 ideo

214 712 436 758 potissimum
462 713 546 756 fieri,
573 713 668 760 quod
695 714 748 749 vis
774 726 812 749 ac
838 713 1082 751 condemnatio
1109 715 1246 762 peccati
1270 716 1386 751 nostri
1410 716 1447 751 in
1472 715 1550 751 Ada
1578 728 1649 751 non
1668 715 1754 751 satis

213 772 400 819 diligenter
431 786 451 809 a
484 773 661 821 plerisque
692 774 900 822 explicatur,
931 777 968 810 et
1000 775 1158 823 proinde,
1193 789 1256 812 nos
1292 789 1364 812 non
1396 777 1560 812 assentiri
1597 777 1651 820 iis,
1689 776 1752 823 qui

212 832 290 869 loca
315 835 483 881 quaedam
511 835 705 882 scripturae
731 835 772 871 de
798 835 1119 883 praedestinatione
1144 837 1194 872 ita
1221 840 1359 884 urgent,
1385 840 1426 872 ut
1451 840 1583 884 negent
1608 837 1751 873 omnino

217 895 395 930 Christum
421 908 484 942 pro
510 896 672 932 omnibus
698 902 878 933 mortuum
905 910 988 934 esse.
1027 898 1123 934 Hinc
1150 898 1262 934 bonus
1288 899 1348 935 ille
1375 899 1429 934 vir
1455 900 1654 936 occasiones
1680 912 1750 935 om-

214 969 275 993 nes
309 957 448 1004 quaerit
473 958 721 994 committendi
745 972 810 994 nos
835 971 914 995 cum
943 959 987 995 D.
1014 959 1173 1004 Calvino,
1200 961 1262 1007 qui
1288 960 1467 1009 plerisque
1492 961 1638 997 nimium
1664 961 1752 997 dure

213 1017 256 1054 de
280 1019 600 1066 praedestinatione
625 1020 805 1068 scripsisse
831 1021 982 1064 videtur,
1009 1024 1045 1057 et
1078 1035 1141 1058 nos
1167 1029 1309 1058 accusat
1334 1024 1472 1070 passim,
1500 1023 1601 1070 quasi
1625 1035 1752 1059 nomen

213 1093 252 1116 ac
278 1081 471 1117 doctrinam
497 1081 635 1117 Calvini
661 1081 914 1118 damnaremus.
940 1083 1031 1129 Quia
1056 1097 1139 1120 vero
1165 1097 1208 1120 ex
1235 1097 1289 1120 me
1315 1085 1402 1120 nihil
1427 1098 1584 1132 unquam
1602 1085 1750 1128 audivit,

213 1155 328 1190 neque
360 1144 444 1191 ipse,
479 1156 593 1190 neque
625 1143 716 1180 alius
752 1145 950 1192 quisquam,
977 1145 1073 1192 quod
1098 1145 1139 1181 ad
1168 1146 1422 1183 traducendum
1449 1146 1587 1183 Calvini
1612 1159 1751 1190 nomen,

214 1216 318 1251 quem
353 1217 417 1251 ego
451 1204 585 1252 alioqui
617 1209 660 1241 ut
699 1207 811 1242 virum
851 1207 917 1242 Dei
949 1219 1097 1243 veneror
1132 1209 1240 1254 atque
1283 1220 1371 1252 amo,
1398 1208 1601 1255 detorqueri
1627 1208 1751 1255 possit,

213 1265 321 1301 alium
355 1266 496 1314 reperit,
530 1279 640 1301 unum
681 1279 699 1302 e
733 1268 862 1303 nostris
895 1267 1051 1315 collegis,
1085 1281 1189 1315 quem
1214 1269 1337 1305 multis
1363 1269 1563 1305 nominibus
1588 1281 1751 1306 accusare

212 1327 316 1374 cepit,
353 1328 381 1363 si
407 1340 478 1375 quo
511 1327 614 1363 modo
654 1328 786 1364 efficere
821 1332 940 1376 queat,
974 1334 1016 1365 ut
1051 1330 1344 1377 quemadmodum
1378 1331 1450 1378 ipse
1475 1333 1619 1379 propter
1644 1344 1748 1367 suum

213 1388 386 1434 flagitium
419 1390 455 1424 et
486 1388 682 1424 ministerio
715 1402 779 1425 suo
815 1389 1000 1426 submotus
1033 1391 1137 1426 etad
1164 1390 1339 1439 publicam
1365 1392 1618 1439 paenitentiam
1643 1405 1746 1438 agen-

211 1447 290 1483 dam
308 1448 459 1484 'adactus
486 1455 573 1493 erat,
599 1450 648 1485 ita
674 1449 766 1485 hunc
792 1449 912 1485 eodem
938 1450 1077 1496 adigere
1103 1451 1207 1486 etiam
1234 1451 1357 1498 possit.
1406 1451 1579 1487 Solatium
1605 1454 1659 1487 est
1685 1452 1748 1487 sci-

211 1509 295 1545 licet
336 1510 449 1546 socios
492 1510 614 1546 habere
656 1523 857 1558 poenarum.
916 1511 1076 1547 Protulit
1117 1514 1237 1548 autem
1271 1512 1340 1548 tria
1364 1513 1597 1549 accusatiouis
1622 1512 1749 1561 capita.

213 1571 382 1614 Primum,
417 1571 511 1618 quod
545 1571 680 1619 collega
721 1574 843 1607 noster
877 1572 1018 1619 quidam
1052 1572 1212 1617 dixisset,
1247 1576 1427 1620 peccatum
1454 1573 1551 1610 Adae
1576 1586 1647 1610 non
1674 1585 1749 1610 esse

212 1633 385 1668 sufficiens
409 1633 453 1668 ad
479 1633 616 1679 generis
642 1633 784 1668 humani
811 1633 1151 1670 condemnationem.
1202 1634 1376 1678 Alterum,
1403 1635 1497 1682 quod
1523 1635 1651 1682 aliquis
1678 1648 1748 1671 ser-

213 1693 288 1728 vari
323 1693 445 1740 possit,
473 1693 578 1729 etiam
605 1693 679 1730 sine
704 1693 776 1729 ulla
803 1694 934 1729 Christi
961 1694 1105 1730 Domini
1130 1695 1343 1742 cognitione.
1392 1695 1563 1740 Tertium,
1591 1696 1685 1743 quod
1712 1696 1748 1731 in

212 1753 372 1789 doctrina
397 1754 728 1801 praedestinationis
761 1755 941 1791 diversum
966 1768 986 1792 a
1012 1755 1161 1792 Calvino
1186 1756 1366 1793 docuisset
1392 1762 1427 1794 et
1453 1770 1580 1794 nomen
1605 1757 1746 1793 Calvini

213 1815 440 1855 traduxisset.
490 1817 587 1853 Haec
619 1820 735 1852 tamen
773 1817 1006 1853 accusationis
1031 1817 1145 1865 capita
1171 1818 1279 1854 nullis
1317 1819 1531 1855 testimoniis
1557 1818 1747 1866 approbare

214 1878 344 1924 potuit,
389 1878 449 1914 sed
481 1878 523 1914 ad
559 1891 655 1914 suam
693 1879 870 1915 duntaxat
903 1879 1163 1916 accusationem
1188 1880 1356 1927 collegam
1383 1882 1545 1916 nostrum
1569 1880 1662 1926 adigi
1687 1892 1748 1927 per

213 1952 279 1976 nos
312 1940 412 1988 cupit
446 1939 488 1976 ad
520 1939 695 1987 publicam
728 1941 981 1988 poenitentiam
1012 1954 1052 1977 ac
1094 1941 1289 1978 ministerio
1316 1954 1381 1977 suo
1407 1941 1621 1978 submoveri.
1669 1941 1746 1988 Ego

215 2013 310 2045 vero,
337 2001 405 2037 etsi
427 2001 465 2037 in
490 2014 530 2038 eo
556 2002 631 2049 ipso
658 2001 791 2048 collega
816 2005 938 2038 nostro
965 2002 1134 2049 quaedam
1160 2002 1329 2047 desidero,
1355 2015 1506 2050 quorum
1529 2006 1583 2039 est
1610 2003 1675 2038 iam
1695 2014 1746 2038 se-

213 2063 283 2099 mel
315 2066 423 2110 atque
453 2063 584 2099 iterum
617 2063 818 2100 admonitus
848 2063 886 2099 in
919 2068 1025 2100 coetu
1059 2065 1237 2101 seniorum
1271 2065 1437 2109 omnium,
1464 2064 1602 2112 culpam
1629 2070 1746 2100 tamen

213 2138 346 2169 eorum,
379 2138 530 2172 quorum
566 2125 705 2161 nomine
731 2130 927 2169 accusatur,
963 2139 1151 2173 agnoscere
1181 2126 1218 2162 in
1252 2126 1315 2162 illo
1347 2139 1416 2163 non
1450 2139 1604 2174 possum.
1653 2126 1745 2161 Nam

214 2187 331 2234 priora
355 2186 425 2223 duo
451 2186 565 2234 capita
589 2186 823 2223 accusationis
849 2186 949 2223 nullo
975 2187 1078 2224 modo
1104 2188 1275 2235 agnoscit,
1301 2191 1337 2224 et
1363 2190 1547 2224 accusator
1564 2187 1624 2223 illa
1641 2186 1748 2223 nullis

214 2248 428 2284 testimoniis
462 2247 650 2296 approbare
675 2251 803 2295 potest.
862 2248 1022 2284 Tertium
1049 2262 1130 2285 vero
1156 2250 1206 2285 ita
1232 2249 1401 2296 agnoscit,
1427 2253 1469 2284 ut
1494 2261 1530 2285 se
1555 2261 1575 2284 a
1601 2247 1748 2284 Calvino

215 2310 400 2346 dissentire
438 2310 603 2354 fateatur,
641 2310 701 2346 sed
735 2313 852 2346 tamen
883 2323 954 2346 non
980 2309 1057 2347 ideo
1083 2316 1146 2346 aut
1180 2324 1303 2347 nomen
1340 2313 1403 2347 aut
1438 2311 1567 2357 scripta
1609 2309 1746 2345 Calvini

213 2370 289 2406 ullo
314 2370 417 2407 modo
444 2371 618 2407 traducat.
646 2370 763 2407 Habes
789 2371 894 2407 unius
919 2373 1182 2408 controversiae
1207 2372 1416 2420 exemplum,
1443 2372 1507 2407 Vir
1525 2370 1744 2407 doctissime!

214 2432 335 2478 paucis
359 2432 615 2475 adumbratum,
642 2431 743 2468 cuius
768 2431 901 2479 alioqui
926 2432 1082 2468 nondum
1108 2433 1211 2469 finem
1237 2433 1401 2468 habemus
1427 2434 1470 2478 ).

262 2493 329 2528 Sed
355 2496 409 2529 est
433 2496 470 2529 et
495 2493 590 2529 aliud
617 2493 729 2529 multo
755 2493 868 2530 adhuc
885 2494 1040 2540 gravius,
1058 2494 1088 2530 si
1105 2494 1387 2530 circumstantias
1405 2496 1614 2541 spectemus.
1641 2492 1744 2528 Unus

215 2565 235 2589 e
268 2554 365 2590 verbi
398 2555 569 2591 ministris
594 2555 631 2591 in
656 2558 777 2592 nostra
802 2556 1053 2592 Germanorum
1079 2555 1235 2592 Ecclesia
1261 2557 1302 2603 ),
1329 2568 1399 2601 npn
1424 2560 1541 2590 tamen
1566 2554 1745 2590 Martinus

216 2617 337 2651 noster
374 2615 583 2659 Mica-onius,
609 2616 652 2652 de
677 2616 790 2652 tribus
817 2616 917 2652 nobis
942 2617 1117 2664 capitibus
1144 2617 1356 2664 tragoediam
1382 2616 1419 2652 in
1444 2615 1599 2652 Ecclesia
1623 2614 1747 2659 movit,

213 2675 321 2722 idque
346 2689 416 2713 non
443 2677 546 2713 modo
572 2677 785 2713 inconsultis
811 2677 913 2713 nobis
939 2677 1111 2721 omnibus,
1137 2677 1197 2713 sed
1224 2677 1342 2713 studio
1368 2677 1472 2713 etiam
1497 2675 1559 2711 hac
1586 2675 1620 2710 in
1647 2680 1746 2722 parte

215 2737 348 2781 vitatis,
381 2750 421 2773 eo
447 2738 542 2784 quod
568 2738 819 2785 suspicaretur,
845 2750 910 2774 nos
936 2738 1000 2773 sibi
1026 2738 1277 2774 reclamaturos
1308 2750 1393 2773 esse.
1443 2736 1612 2778 Primum,
1638 2739 1747 2771 testes

212 2797 384 2845 Baptismi
418 2811 608 2846 puerorum
641 2799 677 2835 in
715 2797 872 2835 Ecclesia
904 2811 975 2834 non
1001 2810 1075 2834 esse
1099 2798 1337 2834 admittendos
1362 2796 1495 2839 docuit,
1521 2808 1611 2842 quos
1638 2795 1746 2842 vulgo

213 2861 434 2906 susceptores
467 2872 645 2896 vocamus.
697 2860 835 2896 Deinde
870 2872 990 2895 omnes
1021 2859 1208 2904 Ecclesias,
1234 2871 1324 2906 quae
1350 2869 1516 2894 consessu
1541 2856 1683 2905 publico
1708 2856 1746 2893 in

212 2932 340 2980 coenae
375 2933 442 2957 usu
468 2934 537 2958 non
564 2923 764 2966 uterentur,
788 2920 1008 2958 idololatriae
1033 2924 1070 2957 et
1096 2920 1296 2957 violationis
1324 2918 1525 2957 Dominicae
1550 2918 1746 2956 institutio-
