<?xml version="1.0" encoding="UTF-8"?>
<!DOCTYPE html PUBLIC "-//W3C//DTD XHTML 1.0 Transitional//EN"
    "http://www.w3.org/TR/xhtml1/DTD/xhtml1-transitional.dtd">
<html xmlns="http://www.w3.org/1999/xhtml" xml:lang="en" lang="en">
 <head>
  <title>
</title>
<meta http-equiv="Content-Type" content="text/html;charset=utf-8" />
  <meta name='ocr-system' content='tesseract 3.04.00' />
  <meta name='ocr-capabilities' content='ocr_page ocr_carea ocr_par ocr_line ocrx_word'/>
</head>
<body>
  <div class='ocr_page' id='page_1' title='image "./operatameditaqua02lask_0791.png"; bbox 0 0 1830 3147; ppageno 0'>
   <div class='ocr_carea' id='block_1_1' title="bbox 831 105 899 145">
    <p class='ocr_par' dir='ltr' id='par_1_1' title="bbox 831 105 899 145">
     <span class='ocr_line' id='line_1_1' title="bbox 831 105 899 145; baseline -0.044 -1"><span class='ocrx_word' id='word_1_1' title='bbox 831 105 899 145; x_wconf 81' lang='lat'><strong>⁷65</strong></span> 
     </span>
    </p>
   </div>
   <div class='ocr_carea' id='block_1_2' title="bbox 104 213 1632 326">
    <p class='ocr_par' dir='ltr' id='par_1_2' title="bbox 104 213 1632 326">
     <span class='ocr_line' id='line_1_2' title="bbox 104 213 1632 262; baseline -0.003 -7"><span class='ocrx_word' id='word_1_2' title='bbox 104 218 205 255; x_wconf 89' lang='lat' dir='ltr'><strong>initio</strong></span> <span class='ocrx_word' id='word_1_3' title='bbox 228 216 404 253; x_wconf 88' lang='lat' dir='ltr'><strong>literarum</strong></span> <span class='ocrx_word' id='word_1_4' title='bbox 429 227 503 252; x_wconf 90' lang='lat' dir='ltr'><strong>sum</strong></span> <span class='ocrx_word' id='word_1_5' title='bbox 530 214 718 262; x_wconf 87' lang='lat' dir='ltr'><strong>praefatus,</strong></span> <span class='ocrx_word' id='word_1_6' title='bbox 742 215 778 249; x_wconf 80' lang='lat' dir='ltr'><strong>et</strong></span> <span class='ocrx_word' id='word_1_7' title='bbox 803 226 857 250; x_wconf 91' lang='lat' dir='ltr'><strong>mc</strong></span> <span class='ocrx_word' id='word_1_8' title='bbox 883 216 991 250; x_wconf 83' lang='lat' dir='ltr'><strong>totum</strong></span> <span class='ocrx_word' id='word_1_9' title='bbox 1025 213 1204 260; x_wconf 88' lang='lat' dir='ltr'><strong>officiaque</strong></span> <span class='ocrx_word' id='word_1_10' title='bbox 1228 225 1314 261; x_wconf 85' lang='lat' dir='ltr'><strong>quae</strong></span> <span class='ocrx_word' id='word_1_11' title='bbox 1337 226 1359 251; x_wconf 81' lang='lat' dir='ltr'><strong>a</strong></span> <span class='ocrx_word' id='word_1_12' title='bbox 1387 226 1440 250; x_wconf 88' lang='lat' dir='ltr'><strong>me</strong></span> <span class='ocrx_word' id='word_1_13' title='bbox 1465 213 1632 262; x_wconf 84' lang='lat' dir='ltr'><strong>praestari</strong></span> 
     </span>
     <span class='ocr_line' id='line_1_3' title="bbox 105 275 1632 326; baseline -0.003 -11"><span class='ocrx_word' id='word_1_14' title='bbox 105 282 251 326; x_wconf 78' lang='lat' dir='ltr'>possunt</span> <span class='ocrx_word' id='word_1_15' title='bbox 290 277 493 324; x_wconf 81' lang='lat' dir='ltr'><strong>suppliciter</strong></span> <span class='ocrx_word' id='word_1_16' title='bbox 530 276 636 312; x_wconf 88' lang='lat' dir='ltr'><strong>offero</strong></span> <span class='ocrx_word' id='word_1_17' title='bbox 671 281 706 312; x_wconf 86' lang='lat' dir='ltr'><strong>et</strong></span> <span class='ocrx_word' id='word_1_18' title='bbox 744 275 961 312; x_wconf 87' lang='lat' dir='ltr'><strong>commendo.</strong></span> <span class='ocrx_word' id='word_1_19' title='bbox 1006 275 1135 311; x_wconf 82' lang='lat' dir='ltr'><strong>Datum</strong></span> <span class='ocrx_word' id='word_1_20' title='bbox 1161 276 1196 311; x_wconf 90' lang='lat' dir='ltr'><strong>in</strong></span> <span class='ocrx_word' id='word_1_21' title='bbox 1221 275 1416 318; x_wconf 87' lang='lat' dir='ltr'><strong>Dembiani,</strong></span> <span class='ocrx_word' id='word_1_22' title='bbox 1443 276 1498 311; x_wconf 88' lang='lat' dir='ltr'><strong>die</strong></span> <span class='ocrx_word' id='word_1_23' title='bbox 1523 276 1632 323; x_wconf 86' lang='lat' dir='ltr'><strong>prima</strong></span> 
     </span>
    </p>
   </div>
   <div class='ocr_carea' id='block_1_3' title="bbox 104 336 1634 625">
    <p class='ocr_par' dir='ltr' id='par_1_3' title="bbox 104 336 1634 625">
     <span class='ocr_line' id='line_1_4' title="bbox 105 336 665 387; baseline -0.005 -12"><span class='ocrx_word' id='word_1_24' title='bbox 105 339 315 387; x_wconf 77' lang='lat' dir='ltr'><strong>Septembris</strong></span> <span class='ocrx_word' id='word_1_25' title='bbox 341 339 385 374; x_wconf 92' lang='lat' dir='ltr'><strong>A.</strong></span> <span class='ocrx_word' id='word_1_26' title='bbox 412 338 459 374; x_wconf 90' lang='lat' dir='ltr'><strong>D.</strong></span> <span class='ocrx_word' id='word_1_27' title='bbox 486 336 665 373; x_wconf 86' lang='lat' dir='ltr'><strong>MDLIX.</strong></span> 
     </span>
     <span class='ocr_line' id='line_1_5' title="bbox 153 396 1634 445; baseline -0.002 -10"><span class='ocrx_word' id='word_1_28' title='bbox 153 400 260 435; x_wconf 80' lang='lat' dir='ltr'>Mitto</span> <span class='ocrx_word' id='word_1_29' title='bbox 292 398 469 434; x_wconf 89' lang='lat' dir='ltr'><strong>Maiestati</strong></span> <span class='ocrx_word' id='word_1_30' title='bbox 505 397 600 433; x_wconf 85' lang='lat' dir='ltr'><strong>Tuae</strong></span> <span class='ocrx_word' id='word_1_31' title='bbox 637 410 745 434; x_wconf 85' lang='lat' dir='ltr'><strong>meam</strong></span> <span class='ocrx_word' id='word_1_32' title='bbox 773 398 1048 445; x_wconf 89' lang='lat' dir='ltr'><strong>Responsionem</strong></span> <span class='ocrx_word' id='word_1_33' title='bbox 1073 396 1242 433; x_wconf 82' lang='lat' dir='ltr'><strong>adversus</strong></span> <span class='ocrx_word' id='word_1_34' title='bbox 1268 396 1455 432; x_wconf 83' lang='lat' dir='ltr'>calumnias</span> <span class='ocrx_word' id='word_1_35' title='bbox 1482 396 1634 443; x_wconf 87' lang='lat' dir='ltr'><strong>[H]osii,</strong></span> 
     </span>
     <span class='ocr_line' id='line_1_6' title="bbox 104 457 644 504; baseline -0.004 -9"><span class='ocrx_word' id='word_1_36' title='bbox 104 459 207 496; x_wconf 82' lang='lat' dir='ltr'><strong>titulo</strong></span> <span class='ocrx_word' id='word_1_37' title='bbox 236 459 443 495; x_wconf 85' lang='lat' dir='ltr'><strong>Varmiensis</strong></span> <span class='ocrx_word' id='word_1_38' title='bbox 469 457 644 504; x_wconf 82' lang='lat' dir='ltr'>Episcopi.</span> 
     </span>
     <span class='ocr_line' id='line_1_7' title="bbox 504 517 1587 565; baseline -0.002 -11"><span class='ocrx_word' id='word_1_39' title='bbox 504 519 600 554; x_wconf 88' lang='lat' dir='ltr'><strong>Tuae</strong></span> <span class='ocrx_word' id='word_1_40' title='bbox 626 517 751 554; x_wconf 84' lang='lat' dir='ltr'>Sacrae</span> <span class='ocrx_word' id='word_1_41' title='bbox 779 518 976 554; x_wconf 82' lang='lat' dir='ltr'><strong>Maiestatis</strong></span> <span class='ocrx_word' id='word_1_42' title='bbox 1002 517 1134 565; x_wconf 82' lang='lat' dir='ltr'><strong>Regiae</strong></span> <span class='ocrx_word' id='word_1_43' title='bbox 1158 517 1415 554; x_wconf 80' lang='lat' dir='ltr'><strong>addictissimus</strong></span> <span class='ocrx_word' id='word_1_44' title='bbox 1441 520 1587 554; x_wconf 82' lang='lat' dir='ltr'><strong>servitor</strong></span> 
     </span>
     <span class='ocr_line' id='line_1_8' title="bbox 641 577 1491 625; baseline -0.002 -10"><span class='ocrx_word' id='word_1_45' title='bbox 641 579 837 615; x_wconf 59' lang='lat' dir='ltr'><strong>Ionamffes</strong></span> <span class='ocrx_word' id='word_1_46' title='bbox 861 579 882 615; x_wconf 68' lang='lat' dir='ltr'><strong>a</strong></span> <span class='ocrx_word' id='word_1_47' title='bbox 907 580 1038 620; x_wconf 81' lang='lat' dir='ltr'><strong>LAsco,</strong></span> <span class='ocrx_word' id='word_1_48' title='bbox 1063 591 1165 615; x_wconf 87' lang='lat' dir='ltr'><strong>manu</strong></span> <span class='ocrx_word' id='word_1_49' title='bbox 1190 579 1291 625; x_wconf 90' lang='lat' dir='ltr'><strong>plane</strong></span> <span class='ocrx_word' id='word_1_50' title='bbox 1315 577 1491 625; x_wconf 82' lang='lat' dir='ltr'><strong>languida.</strong></span> 
     </span>
    </p>
   </div>
   <div class='ocr_carea' id='block_1_4' title="bbox 150 674 467 718">
    <p class='ocr_par' dir='ltr' id='par_1_4' title="bbox 150 674 467 718">
     <span class='ocr_line' id='line_1_9' title="bbox 150 674 467 718; baseline 0.003 -11"><span class='ocrx_word' id='word_1_51' title='bbox 150 677 175 716; x_wconf 88' lang='lat'><strong>¹)</strong></span> <span class='ocrx_word' id='word_1_52' title='bbox 199 674 398 718; x_wconf 61' lang='lat' dir='ltr'><strong>Apograph:</strong></span> <span class='ocrx_word' id='word_1_53' title='bbox 421 678 467 708; x_wconf 75' lang='lat' dir='ltr'><strong>ut.</strong></span> 
     </span>
    </p>
   </div>
   <div class='ocr_carea' id='block_1_5' title="bbox 1433 783 1624 790">
    <p class='ocr_par' dir='ltr' id='par_1_5' title="bbox 1433 783 1624 790">
     <span class='ocr_line' id='line_1_10' title="bbox 1433 783 1624 790; baseline 0 2357"><span class='ocrx_word' id='word_1_54' title='bbox 1433 783 1624 790; x_wconf 95' lang='lat' dir='ltr'><strong> </strong></span> 
     </span>
    </p>
   </div>
   <div class='ocr_carea' id='block_1_6' title="bbox 1274 785 1432 793">
    <p class='ocr_par' dir='ltr' id='par_1_6' title="bbox 1274 785 1432 793">
     <span class='ocr_line' id='line_1_11' title="bbox 1274 785 1432 793; baseline -0.013 -1"><span class='ocrx_word' id='word_1_55' title='bbox 1274 785 1432 793; x_wconf 44' lang='lat' dir='ltr'><strong>——v</strong></span> 
     </span>
    </p>
   </div>
   <div class='ocr_carea' id='block_1_7' title="bbox 107 855 1635 1013">
    <p class='ocr_par' dir='ltr' id='par_1_7' title="bbox 107 855 1635 1013">
     <span class='ocr_line' id='line_1_12' title="bbox 107 855 1635 903; baseline -0.001 -12"><span class='ocrx_word' id='word_1_56' title='bbox 107 855 168 891; x_wconf 81' lang='lat' dir='ltr'><strong>N⁰.</strong></span> <span class='ocrx_word' id='word_1_57' title='bbox 196 856 278 892; x_wconf 83' lang='lat'><strong>135.</strong></span> <span class='ocrx_word' id='word_1_58' title='bbox 1194 855 1241 901; x_wconf 81' lang='lat' dir='ltr'><strong>[Ex</strong></span> <span class='ocrx_word' id='word_1_59' title='bbox 1259 858 1329 892; x_wconf 61' lang='lat' dir='ltr'><strong>Arci.</strong></span> <span class='ocrx_word' id='word_1_60' title='bbox 1348 858 1414 892; x_wconf 72' lang='lat' dir='ltr'><strong>Secr.</strong></span> <span class='ocrx_word' id='word_1_61' title='bbox 1434 867 1485 898; x_wconf 72' lang='lat' dir='ltr'><strong>reg.</strong></span> <span class='ocrx_word' id='word_1_62' title='bbox 1508 855 1635 903; x_wconf 66' lang='lat' dir='ltr'><strong>llcgimsn]</strong></span> 
     </span>
     <span class='ocr_line' id='line_1_13' title="bbox 773 977 973 1013; baseline 0 0"><span class='ocrx_word' id='word_1_63' title='bbox 773 977 829 1013; x_wconf 87' lang='lat' dir='ltr'><strong>Ad</strong></span> <span class='ocrx_word' id='word_1_64' title='bbox 858 978 903 1013; x_wconf 89' lang='lat' dir='ltr'><strong>N.</strong></span> <span class='ocrx_word' id='word_1_65' title='bbox 929 977 973 1013; x_wconf 89' lang='lat' dir='ltr'><strong>N.</strong></span> 
     </span>
    </p>
   </div>
   <div class='ocr_carea' id='block_1_8' title="bbox 107 1096 1638 1933">
    <p class='ocr_par' dir='ltr' id='par_1_8' title="bbox 107 1096 1638 1933">
     <span class='ocr_line' id='line_1_14' title="bbox 216 1096 1632 1144; baseline 0.001 -11.957"><span class='ocrx_word' id='word_1_66' title='bbox 216 1096 289 1133; x_wconf 90' lang='lat' dir='ltr'><strong>Nos</strong></span> <span class='ocrx_word' id='word_1_67' title='bbox 317 1097 370 1133; x_wconf 80' lang='lat' dir='ltr'><strong>hic</strong></span> <span class='ocrx_word' id='word_1_68' title='bbox 395 1099 664 1135; x_wconf 82' lang='lat' dir='ltr'><strong>ceremoniarum</strong></span> <span class='ocrx_word' id='word_1_69' title='bbox 684 1101 903 1134; x_wconf 75' lang='lat' dir='ltr'><strong>externarum</strong></span> <span class='ocrx_word' id='word_1_70' title='bbox 919 1098 1030 1134; x_wconf 84' lang='lat' dir='ltr'><strong>nullas</strong></span> <span class='ocrx_word' id='word_1_71' title='bbox 1047 1102 1157 1133; x_wconf 79' lang='lat' dir='ltr'><strong>certas</strong></span> <span class='ocrx_word' id='word_1_72' title='bbox 1174 1097 1267 1144; x_wconf 78' lang='lat' dir='ltr'><strong>leges</strong></span> <span class='ocrx_word' id='word_1_73' title='bbox 1285 1097 1556 1144; x_wconf 81' lang='lat' dir='ltr'><strong>praescribimus,</strong></span> <span class='ocrx_word' id='word_1_74' title='bbox 1571 1096 1632 1133; x_wconf 81' lang='lat' dir='ltr'><strong>scd</strong></span> 
     </span>
     <span class='ocr_line' id='line_1_15' title="bbox 108 1156 1634 1205; baseline 0.001 -13"><span class='ocrx_word' id='word_1_75' title='bbox 108 1156 302 1193; x_wconf 86' lang='lat' dir='ltr'><strong>libertatem</strong></span> <span class='ocrx_word' id='word_1_76' title='bbox 331 1159 560 1205; x_wconf 73' lang='lat' dir='ltr'><strong>permittimus</strong></span> <span class='ocrx_word' id='word_1_77' title='bbox 585 1159 736 1196; x_wconf 88' lang='lat' dir='ltr'><strong>ecclesiis</strong></span> <span class='ocrx_word' id='word_1_78' title='bbox 763 1159 838 1194; x_wconf 87' lang='lat' dir='ltr'><strong>illas</strong></span> <span class='ocrx_word' id='word_1_79' title='bbox 864 1158 1028 1201; x_wconf 88' lang='lat' dir='ltr'><strong>variandi,</strong></span> <span class='ocrx_word' id='word_1_80' title='bbox 1053 1162 1092 1193; x_wconf 83' lang='lat' dir='ltr'><strong>ut</strong></span> <span class='ocrx_word' id='word_1_81' title='bbox 1116 1161 1254 1194; x_wconf 82' lang='lat' dir='ltr'><strong>constet</strong></span> <span class='ocrx_word' id='word_1_82' title='bbox 1279 1157 1432 1194; x_wconf 81' lang='lat' dir='ltr'><strong>libertati</strong></span> <span class='ocrx_word' id='word_1_83' title='bbox 1457 1170 1520 1194; x_wconf 84' lang='lat' dir='ltr'><strong>sua</strong></span> <span class='ocrx_word' id='word_1_84' title='bbox 1534 1159 1634 1198; x_wconf 85' lang='lat' dir='ltr'><strong>ratio.</strong></span> 
     </span>
     <span class='ocr_line' id='line_1_16' title="bbox 108 1216 1635 1266; baseline 0.001 -14"><span class='ocrx_word' id='word_1_85' title='bbox 108 1216 156 1252; x_wconf 85' lang='lat' dir='ltr'><strong>ita</strong></span> <span class='ocrx_word' id='word_1_86' title='bbox 193 1219 309 1253; x_wconf 80' lang='lat' dir='ltr'><strong>tamen</strong></span> <span class='ocrx_word' id='word_1_87' title='bbox 343 1223 381 1253; x_wconf 84' lang='lat' dir='ltr'><strong>ut</strong></span> <span class='ocrx_word' id='word_1_88' title='bbox 415 1219 591 1254; x_wconf 79' lang='lat' dir='ltr'><strong>harmonia</strong></span> <span class='ocrx_word' id='word_1_89' title='bbox 624 1219 791 1266; x_wconf 86' lang='lat' dir='ltr'><strong>quaedam</strong></span> <span class='ocrx_word' id='word_1_90' title='bbox 829 1218 976 1259; x_wconf 85' lang='lat' dir='ltr'><strong>illarum.</strong></span> <span class='ocrx_word' id='word_1_91' title='bbox 1009 1219 1103 1254; x_wconf 82' lang='lat' dir='ltr'><strong>varia</strong></span> <span class='ocrx_word' id='word_1_92' title='bbox 1129 1230 1222 1260; x_wconf 87' lang='lat' dir='ltr'><strong>sane,</strong></span> <span class='ocrx_word' id='word_1_93' title='bbox 1247 1218 1307 1254; x_wconf 87' lang='lat' dir='ltr'><strong>sed</strong></span> <span class='ocrx_word' id='word_1_94' title='bbox 1332 1219 1470 1254; x_wconf 87' lang='lat' dir='ltr'><strong>minime</strong></span> <span class='ocrx_word' id='word_1_95' title='bbox 1494 1218 1635 1254; x_wconf 82' lang='lat' dir='ltr'><strong>dissona</strong></span> 
     </span>
     <span class='ocr_line' id='line_1_17' title="bbox 111 1277 1638 1326; baseline 0.002 -15"><span class='ocrx_word' id='word_1_96' title='bbox 111 1277 246 1313; x_wconf 85' lang='lat' dir='ltr'><strong>iuterim</strong></span> <span class='ocrx_word' id='word_1_97' title='bbox 273 1279 479 1314; x_wconf 79' lang='lat' dir='ltr'><strong>retineatur.</strong></span> <span class='ocrx_word' id='word_1_98' title='bbox 531 1279 572 1315; x_wconf 91' lang='lat' dir='ltr'><strong>Iu</strong></span> <span class='ocrx_word' id='word_1_99' title='bbox 599 1278 776 1315; x_wconf 83' lang='lat' dir='ltr'><strong>doctrinae</strong></span> <span class='ocrx_word' id='word_1_100' title='bbox 803 1290 975 1315; x_wconf 83' lang='lat' dir='ltr'><strong>consensu</strong></span> <span class='ocrx_word' id='word_1_101' title='bbox 1003 1278 1181 1314; x_wconf 85' lang='lat' dir='ltr'><strong>retinendo</strong></span> <span class='ocrx_word' id='word_1_102' title='bbox 1206 1278 1313 1326; x_wconf 82' lang='lat' dir='ltr'><strong>magis</strong></span> <span class='ocrx_word' id='word_1_103' title='bbox 1339 1278 1480 1314; x_wconf 83' lang='lat' dir='ltr'><strong>solliciti</strong></span> <span class='ocrx_word' id='word_1_104' title='bbox 1505 1291 1638 1321; x_wconf 83' lang='lat' dir='ltr'><strong>sumus,</strong></span> 
     </span>
     <span class='ocr_line' id='line_1_18' title="bbox 110 1337 1637 1388; baseline 0.001 -15"><span class='ocrx_word' id='word_1_105' title='bbox 110 1337 153 1373; x_wconf 89' lang='lat' dir='ltr'><strong>ad</strong></span> <span class='ocrx_word' id='word_1_106' title='bbox 189 1350 288 1386; x_wconf 89' lang='lat' dir='ltr'><strong>quem</strong></span> <span class='ocrx_word' id='word_1_107' title='bbox 326 1346 362 1374; x_wconf 82' lang='lat' dir='ltr'><strong>et</strong></span> <span class='ocrx_word' id='word_1_108' title='bbox 386 1340 552 1376; x_wconf 74' lang='lat' dir='ltr'><strong>sectarios</strong></span> <span class='ocrx_word' id='word_1_109' title='bbox 577 1343 744 1388; x_wconf 87' lang='lat' dir='ltr'><strong>quantum</strong></span> <span class='ocrx_word' id='word_1_110' title='bbox 767 1340 802 1376; x_wconf 90' lang='lat' dir='ltr'><strong>in</strong></span> <span class='ocrx_word' id='word_1_111' title='bbox 826 1339 925 1375; x_wconf 90' lang='lat' dir='ltr'><strong>nobis</strong></span> <span class='ocrx_word' id='word_1_112' title='bbox 951 1344 1003 1375; x_wconf 84' lang='lat' dir='ltr'><strong>est</strong></span> <span class='ocrx_word' id='word_1_113' title='bbox 1028 1341 1190 1375; x_wconf 84' lang='lat' dir='ltr'><strong>reducere</strong></span> <span class='ocrx_word' id='word_1_114' title='bbox 1216 1339 1326 1375; x_wconf 86' lang='lat' dir='ltr'><strong>modis</strong></span> <span class='ocrx_word' id='word_1_115' title='bbox 1351 1339 1508 1375; x_wconf 84' lang='lat' dir='ltr'><strong>omnibus</strong></span> <span class='ocrx_word' id='word_1_116' title='bbox 1535 1351 1637 1376; x_wconf 88' lang='lat' dir='ltr'><strong>cona-</strong></span> 
     </span>
     <span class='ocr_line' id='line_1_19' title="bbox 113 1399 1636 1448; baseline 0.001 -14"><span class='ocrx_word' id='word_1_117' title='bbox 113 1411 199 1436; x_wconf 87' lang='lat' dir='ltr'><strong>mur.</strong></span> <span class='ocrx_word' id='word_1_118' title='bbox 238 1399 354 1435; x_wconf 83' lang='lat' dir='ltr'><strong>Huius</strong></span> <span class='ocrx_word' id='word_1_119' title='bbox 385 1401 557 1447; x_wconf 84' lang='lat' dir='ltr'><strong>epitomen</strong></span> <span class='ocrx_word' id='word_1_120' title='bbox 583 1406 609 1445; x_wconf 93' lang='lat'><strong>¹)</strong></span> <span class='ocrx_word' id='word_1_121' title='bbox 646 1401 709 1437; x_wconf 84' lang='lat' dir='ltr'><strong>tibi</strong></span> <span class='ocrx_word' id='word_1_122' title='bbox 742 1400 1027 1448; x_wconf 84' lang='lat' dir='ltr'><strong>quemadmodum</strong></span> <span class='ocrx_word' id='word_1_123' title='bbox 1066 1400 1207 1448; x_wconf 78' lang='lat' dir='ltr'><strong>petiisti,</strong></span> <span class='ocrx_word' id='word_1_124' title='bbox 1233 1402 1348 1442; x_wconf 84' lang='lat' dir='ltr'><strong>mitto,</strong></span> <span class='ocrx_word' id='word_1_125' title='bbox 1376 1400 1434 1436; x_wconf 88' lang='lat' dir='ltr'><strong>sed</strong></span> <span class='ocrx_word' id='word_1_126' title='bbox 1459 1400 1522 1436; x_wconf 86' lang='lat' dir='ltr'><strong>hac</strong></span> <span class='ocrx_word' id='word_1_127' title='bbox 1549 1400 1636 1448; x_wconf 81' lang='lat' dir='ltr'><strong>lege,</strong></span> 
     </span>
     <span class='ocr_line' id='line_1_20' title="bbox 111 1460 1636 1508; baseline 0.001 -13"><span class='ocrx_word' id='word_1_128' title='bbox 111 1463 151 1495; x_wconf 83' lang='lat' dir='ltr'><strong>ut</strong></span> <span class='ocrx_word' id='word_1_129' title='bbox 175 1460 267 1507; x_wconf 87' lang='lat' dir='ltr'><strong>apud</strong></span> <span class='ocrx_word' id='word_1_130' title='bbox 293 1463 327 1496; x_wconf 85' lang='lat' dir='ltr'><strong>te</strong></span> <span class='ocrx_word' id='word_1_131' title='bbox 354 1464 500 1504; x_wconf 85' lang='lat' dir='ltr'><strong>maneat,</strong></span> <span class='ocrx_word' id='word_1_132' title='bbox 525 1473 637 1508; x_wconf 86' lang='lat' dir='ltr'><strong>nequo</strong></span> <span class='ocrx_word' id='word_1_133' title='bbox 662 1462 751 1498; x_wconf 90' lang='lat' dir='ltr'><strong>enim</strong></span> <span class='ocrx_word' id='word_1_134' title='bbox 776 1462 812 1497; x_wconf 91' lang='lat' dir='ltr'><strong>in</strong></span> <span class='ocrx_word' id='word_1_135' title='bbox 839 1461 901 1497; x_wconf 87' lang='lat' dir='ltr'><strong>boc</strong></span> <span class='ocrx_word' id='word_1_136' title='bbox 925 1462 1052 1508; x_wconf 85' lang='lat' dir='ltr'><strong>scripta</strong></span> <span class='ocrx_word' id='word_1_137' title='bbox 1077 1466 1131 1496; x_wconf 85' lang='lat' dir='ltr'><strong>est</strong></span> <span class='ocrx_word' id='word_1_138' title='bbox 1158 1464 1197 1496; x_wconf 83' lang='lat' dir='ltr'><strong>ut</strong></span> <span class='ocrx_word' id='word_1_139' title='bbox 1222 1461 1435 1508; x_wconf 78' lang='lat' dir='ltr'><strong>invulgetur,</strong></span> <span class='ocrx_word' id='word_1_140' title='bbox 1460 1473 1571 1507; x_wconf 88' lang='lat' dir='ltr'><strong>neque</strong></span> <span class='ocrx_word' id='word_1_141' title='bbox 1587 1461 1636 1496; x_wconf 82' lang='lat' dir='ltr'><strong>ita</strong></span> 
     </span>
     <span class='ocr_line' id='line_1_21' title="bbox 107 1521 1637 1568; baseline 0.001 -12"><span class='ocrx_word' id='word_1_142' title='bbox 107 1521 143 1557; x_wconf 90' lang='lat' dir='ltr'><strong>in</strong></span> <span class='ocrx_word' id='word_1_143' title='bbox 174 1521 327 1557; x_wconf 87' lang='lat' dir='ltr'><strong>ordinem</strong></span> <span class='ocrx_word' id='word_1_144' title='bbox 363 1521 502 1558; x_wconf 85' lang='lat' dir='ltr'><strong>redacta</strong></span> <span class='ocrx_word' id='word_1_145' title='bbox 538 1522 662 1565; x_wconf 87' lang='lat' dir='ltr'><strong>adhue,</strong></span> <span class='ocrx_word' id='word_1_146' title='bbox 700 1526 740 1557; x_wconf 79' lang='lat' dir='ltr'><strong>ut</strong></span> <span class='ocrx_word' id='word_1_147' title='bbox 771 1522 864 1558; x_wconf 87' lang='lat' dir='ltr'><strong>illam</strong></span> <span class='ocrx_word' id='word_1_148' title='bbox 892 1522 1000 1568; x_wconf 83' lang='lat' dir='ltr'><strong>redigi</strong></span> <span class='ocrx_word' id='word_1_149' title='bbox 1025 1525 1209 1568; x_wconf 81' lang='lat' dir='ltr'><strong>oporteret,</strong></span> <span class='ocrx_word' id='word_1_150' title='bbox 1234 1523 1263 1557; x_wconf 89' lang='lat' dir='ltr'><strong>si</strong></span> <span class='ocrx_word' id='word_1_151' title='bbox 1289 1521 1459 1568; x_wconf 82' lang='lat' dir='ltr'><strong>invulgari</strong></span> <span class='ocrx_word' id='word_1_152' title='bbox 1486 1521 1637 1558; x_wconf 80' lang='lat' dir='ltr'><strong>deberet.</strong></span> 
     </span>
     <span class='ocr_line' id='line_1_22' title="bbox 113 1581 1636 1629; baseline 0.001 -12"><span class='ocrx_word' id='word_1_153' title='bbox 113 1581 202 1617; x_wconf 87' lang='lat' dir='ltr'><strong>Nam</strong></span> <span class='ocrx_word' id='word_1_154' title='bbox 241 1582 276 1618; x_wconf 86' lang='lat' dir='ltr'><strong>in</strong></span> <span class='ocrx_word' id='word_1_155' title='bbox 313 1583 484 1629; x_wconf 86' lang='lat' dir='ltr'><strong>Baptismi</strong></span> <span class='ocrx_word' id='word_1_156' title='bbox 518 1586 555 1618; x_wconf 82' lang='lat' dir='ltr'><strong>et</strong></span> <span class='ocrx_word' id='word_1_157' title='bbox 579 1584 716 1619; x_wconf 85' lang='lat' dir='ltr'><strong>Coenac</strong></span> <span class='ocrx_word' id='word_1_158' title='bbox 750 1582 991 1629; x_wconf 78' lang='lat' dir='ltr'><strong>explicatione,</strong></span> <span class='ocrx_word' id='word_1_159' title='bbox 1030 1583 1176 1628; x_wconf 84' lang='lat' dir='ltr'><strong>primum</strong></span> <span class='ocrx_word' id='word_1_160' title='bbox 1202 1583 1286 1618; x_wconf 87' lang='lat' dir='ltr'><strong>fines</strong></span> <span class='ocrx_word' id='word_1_161' title='bbox 1311 1582 1426 1629; x_wconf 87' lang='lat' dir='ltr'><strong>colligi</strong></span> <span class='ocrx_word' id='word_1_162' title='bbox 1451 1582 1636 1623; x_wconf 77' lang='lat' dir='ltr'><strong>debebant,</strong></span> 
     </span>
     <span class='ocr_line' id='line_1_23' title="bbox 111 1642 1638 1692; baseline 0.001 -14"><span class='ocrx_word' id='word_1_163' title='bbox 111 1642 236 1679; x_wconf 85' lang='lat' dir='ltr'><strong>deinde</strong></span> <span class='ocrx_word' id='word_1_164' title='bbox 267 1644 459 1679; x_wconf 88' lang='lat' dir='ltr'><strong>secundum</strong></span> <span class='ocrx_word' id='word_1_165' title='bbox 486 1644 562 1680; x_wconf 89' lang='lat' dir='ltr'><strong>illos</strong></span> <span class='ocrx_word' id='word_1_166' title='bbox 597 1644 756 1688; x_wconf 86' lang='lat' dir='ltr'><strong>mysteria</strong></span> <span class='ocrx_word' id='word_1_167' title='bbox 789 1656 926 1692; x_wconf 90' lang='lat' dir='ltr'><strong>quoque</strong></span> <span class='ocrx_word' id='word_1_168' title='bbox 960 1645 1082 1690; x_wconf 81' lang='lat' dir='ltr'><strong>exponi</strong></span> <span class='ocrx_word' id='word_1_169' title='bbox 1105 1647 1140 1679; x_wconf 89' lang='lat' dir='ltr'><strong>et</strong></span> <span class='ocrx_word' id='word_1_170' title='bbox 1172 1644 1206 1680; x_wconf 94' lang='lat' dir='ltr'><strong>in</strong></span> <span class='ocrx_word' id='word_1_171' title='bbox 1241 1643 1445 1691; x_wconf 72' lang='lat' dir='ltr'><strong>explicanda</strong></span> <span class='ocrx_word' id='word_1_172' title='bbox 1478 1643 1562 1691; x_wconf 84' lang='lat' dir='ltr'><strong>legis</strong></span> <span class='ocrx_word' id='word_1_173' title='bbox 1599 1655 1638 1680; x_wconf 85' lang='lat' dir='ltr'><strong>ac</strong></span> 
     </span>
     <span class='ocr_line' id='line_1_24' title="bbox 111 1704 1637 1755; baseline 0 -16"><span class='ocrx_word' id='word_1_174' title='bbox 111 1704 371 1750; x_wconf 84' lang='lat' dir='ltr'><strong>promissionum</strong></span> <span class='ocrx_word' id='word_1_175' title='bbox 407 1704 440 1740; x_wconf 91' lang='lat' dir='ltr'><strong>vi</strong></span> <span class='ocrx_word' id='word_1_176' title='bbox 464 1704 631 1751; x_wconf 81' lang='lat' dir='ltr'><strong>quaedam</strong></span> <span class='ocrx_word' id='word_1_177' title='bbox 657 1704 783 1741; x_wconf 87' lang='lat' dir='ltr'><strong>clarius</strong></span> <span class='ocrx_word' id='word_1_178' title='bbox 807 1704 928 1755; x_wconf 30' lang='lat' dir='ltr'><strong>adbucl</strong></span> <span class='ocrx_word' id='word_1_179' title='bbox 946 1705 1126 1740; x_wconf 84' lang='lat' dir='ltr'><strong>tractanda</strong></span> <span class='ocrx_word' id='word_1_180' title='bbox 1152 1710 1280 1746; x_wconf 85' lang='lat' dir='ltr'><strong>esseut,</strong></span> <span class='ocrx_word' id='word_1_181' title='bbox 1305 1716 1347 1739; x_wconf 87' lang='lat' dir='ltr'><strong>ue</strong></span> <span class='ocrx_word' id='word_1_182' title='bbox 1372 1704 1575 1740; x_wconf 83' lang='lat' dir='ltr'><strong>infirmiores</strong></span> <span class='ocrx_word' id='word_1_183' title='bbox 1602 1707 1637 1739; x_wconf 81' lang='lat' dir='ltr'><strong>et</strong></span> 
     </span>
     <span class='ocr_line' id='line_1_25' title="bbox 110 1764 1636 1812; baseline 0.001 -13"><span class='ocrx_word' id='word_1_184' title='bbox 110 1776 228 1810; x_wconf 89' lang='lat' dir='ltr'><strong>parum</strong></span> <span class='ocrx_word' id='word_1_185' title='bbox 254 1765 435 1800; x_wconf 81' lang='lat' dir='ltr'><strong>exercitati</strong></span> <span class='ocrx_word' id='word_1_186' title='bbox 460 1766 494 1800; x_wconf 89' lang='lat' dir='ltr'><strong>in</strong></span> <span class='ocrx_word' id='word_1_187' title='bbox 522 1764 691 1812; x_wconf 84' lang='lat' dir='ltr'><strong>mysteriis</strong></span> <span class='ocrx_word' id='word_1_188' title='bbox 715 1764 843 1801; x_wconf 88' lang='lat' dir='ltr'><strong>divinis</strong></span> <span class='ocrx_word' id='word_1_189' title='bbox 871 1764 1104 1800; x_wconf 87' lang='lat' dir='ltr'><strong>offendantur.</strong></span> <span class='ocrx_word' id='word_1_190' title='bbox 1131 1764 1316 1801; x_wconf 84' lang='lat' dir='ltr'><strong>Habentur</strong></span> <span class='ocrx_word' id='word_1_191' title='bbox 1341 1765 1431 1800; x_wconf 90' lang='lat' dir='ltr'><strong>enim</strong></span> <span class='ocrx_word' id='word_1_192' title='bbox 1457 1764 1527 1801; x_wconf 87' lang='lat' dir='ltr'><strong>illic</strong></span> <span class='ocrx_word' id='word_1_193' title='bbox 1552 1776 1636 1800; x_wconf 90' lang='lat' dir='ltr'><strong>non-</strong></span> 
     </span>
     <span class='ocr_line' id='line_1_26' title="bbox 114 1824 1638 1872; baseline -0.001 -12"><span class='ocrx_word' id='word_1_194' title='bbox 114 1825 208 1860; x_wconf 88' lang='lat' dir='ltr'><strong>nulla</strong></span> <span class='ocrx_word' id='word_1_195' title='bbox 240 1837 260 1860; x_wconf 87' lang='lat' dir='ltr'><strong>a</strong></span> <span class='ocrx_word' id='word_1_196' title='bbox 294 1825 439 1871; x_wconf 84' lang='lat' dir='ltr'><strong>receptis</strong></span> <span class='ocrx_word' id='word_1_197' title='bbox 475 1825 580 1872; x_wconf 85' lang='lat' dir='ltr'><strong>vulgo</strong></span> <span class='ocrx_word' id='word_1_198' title='bbox 604 1825 777 1872; x_wconf 85' lang='lat' dir='ltr'><strong>dogmatis</strong></span> <span class='ocrx_word' id='word_1_199' title='bbox 802 1825 956 1861; x_wconf 89' lang='lat' dir='ltr'><strong>nonnihil</strong></span> <span class='ocrx_word' id='word_1_200' title='bbox 981 1825 1128 1868; x_wconf 86' lang='lat' dir='ltr'><strong>diversa,</strong></span> <span class='ocrx_word' id='word_1_201' title='bbox 1156 1824 1217 1861; x_wconf 90' lang='lat' dir='ltr'><strong>sed</strong></span> <span class='ocrx_word' id='word_1_202' title='bbox 1243 1825 1378 1861; x_wconf 88' lang='lat' dir='ltr'><strong>iuterim</strong></span> <span class='ocrx_word' id='word_1_203' title='bbox 1404 1837 1482 1861; x_wconf 89' lang='lat' dir='ltr'><strong>vera</strong></span> <span class='ocrx_word' id='word_1_204' title='bbox 1509 1829 1544 1860; x_wconf 88' lang='lat' dir='ltr'><strong>et</strong></span> <span class='ocrx_word' id='word_1_205' title='bbox 1567 1836 1638 1860; x_wconf 87' lang='lat' dir='ltr'><strong>uon</strong></span> 
     </span>
     <span class='ocr_line' id='line_1_27' title="bbox 108 1884 1158 1933; baseline 0.002 -13"><span class='ocrx_word' id='word_1_206' title='bbox 108 1885 247 1921; x_wconf 80' lang='lat' dir='ltr'><strong>aliunde</strong></span> <span class='ocrx_word' id='word_1_207' title='bbox 271 1897 371 1932; x_wconf 87' lang='lat' dir='ltr'><strong>quam</strong></span> <span class='ocrx_word' id='word_1_208' title='bbox 398 1897 416 1920; x_wconf 90' lang='lat' dir='ltr'><strong>e</strong></span> <span class='ocrx_word' id='word_1_209' title='bbox 441 1885 546 1921; x_wconf 88' lang='lat' dir='ltr'><strong>verbo</strong></span> <span class='ocrx_word' id='word_1_210' title='bbox 571 1885 638 1921; x_wconf 94' lang='lat' dir='ltr'><strong>Dci</strong></span> <span class='ocrx_word' id='word_1_211' title='bbox 663 1886 771 1933; x_wconf 84' lang='lat' dir='ltr'><strong>petita</strong></span> <span class='ocrx_word' id='word_1_212' title='bbox 796 1889 830 1922; x_wconf 80' lang='lat' dir='ltr'><strong>et</strong></span> <span class='ocrx_word' id='word_1_213' title='bbox 854 1886 1004 1922; x_wconf 82' lang='lat' dir='ltr'><strong>deducta</strong></span> <span class='ocrx_word' id='word_1_214' title='bbox 1029 1884 1072 1931; x_wconf 76' lang='lat'><strong>²).</strong></span> <span class='ocrx_word' id='word_1_215' title='bbox 1098 1912 1158 1923; x_wconf 88' lang='lat'><strong>......</strong></span> 
     </span>
    </p>
   </div>
   <div class='ocr_carea' id='block_1_9' title="bbox 111 1994 1642 2140">
    <p class='ocr_par' dir='ltr' id='par_1_9' title="bbox 111 1994 1642 2140">
     <span class='ocr_line' id='line_1_28' title="bbox 156 1994 1636 2038; baseline 0.001 -12"><span class='ocrx_word' id='word_1_216' title='bbox 156 1995 180 2033; x_wconf 91' lang='lat'><strong>¹)</strong></span> <span class='ocrx_word' id='word_1_217' title='bbox 203 1994 253 2027; x_wconf 91' lang='lat' dir='ltr'><strong>Sc.</strong></span> <span class='ocrx_word' id='word_1_218' title='bbox 289 1994 429 2035; x_wconf 80' lang='lat' dir='ltr'><strong>Epitome</strong></span> <span class='ocrx_word' id='word_1_219' title='bbox 461 1994 634 2033; x_wconf 77' lang='lat' dir='ltr'><strong>doctrinae,</strong></span> <span class='ocrx_word' id='word_1_220' title='bbox 669 1995 718 2028; x_wconf 87' lang='lat' dir='ltr'><strong>ed.</strong></span> <span class='ocrx_word' id='word_1_221' title='bbox 743 1997 844 2028; x_wconf 77' lang='lat' dir='ltr'><strong>nostr.</strong></span> <span class='ocrx_word' id='word_1_222' title='bbox 868 1995 958 2028; x_wconf 80' lang='lat' dir='ltr'><strong>Toni.</strong></span> <span class='ocrx_word' id='word_1_223' title='bbox 984 1996 1011 2029; x_wconf 91' lang='lat' dir='ltr'><strong>l.</strong></span> <span class='ocrx_word' id='word_1_224' title='bbox 1036 1996 1070 2028; x_wconf 89' lang='lat' dir='ltr'><strong>in</strong></span> <span class='ocrx_word' id='word_1_225' title='bbox 1094 1997 1166 2028; x_wconf 90' lang='lat' dir='ltr'><strong>fine.</strong></span> <span class='ocrx_word' id='word_1_226' title='bbox 1210 1997 1237 2037; x_wconf 77' lang='lat'><strong>2)</strong></span> <span class='ocrx_word' id='word_1_227' title='bbox 1261 1995 1398 2028; x_wconf 86' lang='lat' dir='ltr'><strong>Nonnisi</strong></span> <span class='ocrx_word' id='word_1_228' title='bbox 1421 1996 1636 2038; x_wconf 83' lang='lat' dir='ltr'><strong>fragmentum</strong></span> 
     </span>
     <span class='ocr_line' id='line_1_29' title="bbox 111 2050 1642 2094; baseline 0.002 -13"><span class='ocrx_word' id='word_1_229' title='bbox 111 2053 168 2088; x_wconf 82' lang='lat' dir='ltr'><strong>cst,</strong></span> <span class='ocrx_word' id='word_1_230' title='bbox 202 2050 286 2092; x_wconf 85' lang='lat' dir='ltr'><strong>qnod</strong></span> <span class='ocrx_word' id='word_1_231' title='bbox 314 2053 420 2082; x_wconf 82' lang='lat' dir='ltr'><strong>tamen</strong></span> <span class='ocrx_word' id='word_1_232' title='bbox 451 2051 600 2083; x_wconf 82' lang='lat' dir='ltr'><strong>omittere</strong></span> <span class='ocrx_word' id='word_1_233' title='bbox 631 2051 730 2090; x_wconf 84' lang='lat' dir='ltr'><strong>nolui,</strong></span> <span class='ocrx_word' id='word_1_234' title='bbox 763 2052 837 2094; x_wconf 76' lang='lat' dir='ltr'><strong>quia</strong></span> <span class='ocrx_word' id='word_1_235' title='bbox 860 2052 1028 2084; x_wconf 74' lang='lat' dir='ltr'><strong>historiam</strong></span> <span class='ocrx_word' id='word_1_236' title='bbox 1054 2052 1220 2093; x_wconf 68' lang='lat' dir='ltr'><strong>Epitomae</strong></span> <span class='ocrx_word' id='word_1_237' title='bbox 1240 2052 1339 2084; x_wconf 69' lang='lat' dir='ltr'><strong>doctr.</strong></span> <span class='ocrx_word' id='word_1_238' title='bbox 1363 2052 1441 2084; x_wconf 79' lang='lat' dir='ltr'><strong>satis</strong></span> <span class='ocrx_word' id='word_1_239' title='bbox 1463 2051 1642 2084; x_wconf 82' lang='lat' dir='ltr'><strong>luculenter</strong></span> 
     </span>
     <span class='ocr_line' id='line_1_30' title="bbox 111 2107 756 2140; baseline 0.003 -2"><span class='ocrx_word' id='word_1_240' title='bbox 111 2107 260 2139; x_wconf 77' lang='lat' dir='ltr'><strong>illustrat.</strong></span> <span class='ocrx_word' id='word_1_241' title='bbox 285 2108 459 2139; x_wconf 81' lang='lat' dir='ltr'><strong>Rcfcrcnda</strong></span> <span class='ocrx_word' id='word_1_242' title='bbox 484 2111 531 2139; x_wconf 83' lang='lat' dir='ltr'><strong>cst-</strong></span> <span class='ocrx_word' id='word_1_243' title='bbox 553 2108 591 2139; x_wconf 81' lang='lat' dir='ltr'><strong>ad</strong></span> <span class='ocrx_word' id='word_1_244' title='bbox 615 2119 641 2140; x_wconf 83' lang='lat' dir='ltr'><strong>a.</strong></span> <span class='ocrx_word' id='word_1_245' title='bbox 668 2109 756 2140; x_wconf 62' lang='lat'><strong>1545.</strong></span> 
     </span>
    </p>
   </div>
   <div class='ocr_carea' id='block_1_10' title="bbox 117 2468 1640 2632">
    <p class='ocr_par' dir='ltr' id='par_1_10' title="bbox 117 2468 1640 2632">
     <span class='ocr_line' id='line_1_31' title="bbox 117 2468 1640 2517; baseline 0.001 -12"><span class='ocrx_word' id='word_1_246' title='bbox 117 2468 178 2505; x_wconf 81' lang='lat' dir='ltr'><strong>N⁰.</strong></span> <span class='ocrx_word' id='word_1_247' title='bbox 203 2469 283 2504; x_wconf 84' lang='lat'><strong>136.</strong></span> <span class='ocrx_word' id='word_1_248' title='bbox 1210 2471 1256 2517; x_wconf 73' lang='lat' dir='ltr'><strong>[Ex</strong></span> <span class='ocrx_word' id='word_1_249' title='bbox 1279 2474 1348 2507; x_wconf 42' lang='lat' dir='ltr'><strong>Arrii.</strong></span> <span class='ocrx_word' id='word_1_250' title='bbox 1365 2474 1431 2508; x_wconf 69' lang='lat' dir='ltr'><strong>Sodi.</strong></span> <span class='ocrx_word' id='word_1_251' title='bbox 1450 2484 1503 2516; x_wconf 76' lang='lat' dir='ltr'><strong>reg.</strong></span> <span class='ocrx_word' id='word_1_252' title='bbox 1517 2470 1640 2517; x_wconf 59' lang='lat' dir='ltr'><strong>Reginum]</strong></span> 
     </span>
     <span class='ocr_line' id='line_1_32' title="bbox 666 2591 1105 2632; baseline -0.002 -4"><span class='ocrx_word' id='word_1_253' title='bbox 666 2591 722 2628; x_wconf 88' lang='lat' dir='ltr'><strong>Ad</strong></span> <span class='ocrx_word' id='word_1_254' title='bbox 750 2593 885 2629; x_wconf 67' lang='lat' dir='ltr'><strong>Ducam</strong></span> <span class='ocrx_word' id='word_1_255' title='bbox 911 2591 1105 2632; x_wconf 53' lang='lat' dir='ltr'><strong>Pnussmm</strong></span> 
     </span>
    </p>
   </div>
   <div class='ocr_carea' id='block_1_11' title="bbox 117 2714 1643 2943">
    <p class='ocr_par' dir='ltr' id='par_1_11' title="bbox 166 2714 1147 2762">
     <span class='ocr_line' id='line_1_33' title="bbox 166 2714 1147 2762; baseline 0 -13"><span class='ocrx_word' id='word_1_256' title='bbox 166 2714 404 2752; x_wconf 76' lang='lat' dir='ltr'><strong>lllustrissime</strong></span> <span class='ocrx_word' id='word_1_257' title='bbox 430 2715 593 2762; x_wconf 88' lang='lat' dir='ltr'><strong>Princeps</strong></span> <span class='ocrx_word' id='word_1_258' title='bbox 619 2726 659 2751; x_wconf 88' lang='lat' dir='ltr'><strong>ac</strong></span> <span class='ocrx_word' id='word_1_259' title='bbox 683 2715 947 2751; x_wconf 86' lang='lat' dir='ltr'><strong>clementissime</strong></span> <span class='ocrx_word' id='word_1_260' title='bbox 977 2715 1147 2761; x_wconf 59' lang='lat' dir='ltr'><strong>Domiueli</strong></span> 
     </span>
    </p>

    <p class='ocr_par' dir='ltr' id='par_1_12' title="bbox 117 2773 1643 2943">
     <span class='ocr_line' id='line_1_34' title="bbox 163 2773 1642 2822; baseline 0 -13"><span class='ocrx_word' id='word_1_261' title='bbox 163 2774 220 2809; x_wconf 88' lang='lat' dir='ltr'><strong>Ab</strong></span> <span class='ocrx_word' id='word_1_262' title='bbox 245 2787 286 2810; x_wconf 89' lang='lat' dir='ltr'><strong>eo</strong></span> <span class='ocrx_word' id='word_1_263' title='bbox 311 2779 464 2822; x_wconf 86' lang='lat' dir='ltr'><strong>tempore</strong></span> <span class='ocrx_word' id='word_1_264' title='bbox 487 2787 555 2822; x_wconf 91' lang='lat' dir='ltr'><strong>quo</strong></span> <span class='ocrx_word' id='word_1_265' title='bbox 580 2775 788 2811; x_wconf 87' lang='lat' dir='ltr'><strong>clarissimus</strong></span> <span class='ocrx_word' id='word_1_266' title='bbox 814 2774 873 2810; x_wconf 89' lang='lat' dir='ltr'><strong>ille</strong></span> <span class='ocrx_word' id='word_1_267' title='bbox 901 2775 950 2810; x_wconf 87' lang='lat' dir='ltr'><strong>vir</strong></span> <span class='ocrx_word' id='word_1_268' title='bbox 975 2775 1123 2810; x_wconf 85' lang='lat' dir='ltr'><strong>Ioannes</strong></span> <span class='ocrx_word' id='word_1_269' title='bbox 1149 2775 1169 2810; x_wconf 79' lang='lat' dir='ltr'><strong>a</strong></span> <span class='ocrx_word' id='word_1_270' title='bbox 1194 2773 1306 2810; x_wconf 86' lang='lat' dir='ltr'><strong>Lasco</strong></span> <span class='ocrx_word' id='word_1_271' title='bbox 1332 2775 1474 2810; x_wconf 87' lang='lat' dir='ltr'><strong>maritus</strong></span> <span class='ocrx_word' id='word_1_272' title='bbox 1499 2785 1594 2809; x_wconf 87' lang='lat' dir='ltr'><strong>meus</strong></span> <span class='ocrx_word' id='word_1_273' title='bbox 1623 2785 1642 2809; x_wconf 86' lang='lat' dir='ltr'><strong>e</strong></span> 
     </span>
     <span class='ocr_line' id='line_1_35' title="bbox 117 2833 1641 2883; baseline 0.001 -15"><span class='ocrx_word' id='word_1_274' title='bbox 117 2834 217 2870; x_wconf 88' lang='lat' dir='ltr'><strong>terris</strong></span> <span class='ocrx_word' id='word_1_275' title='bbox 252 2835 286 2871; x_wconf 89' lang='lat' dir='ltr'><strong>iu</strong></span> <span class='ocrx_word' id='word_1_276' title='bbox 324 2837 467 2882; x_wconf 76' lang='lat' dir='ltr'><strong>patriam</strong></span> <span class='ocrx_word' id='word_1_277' title='bbox 507 2836 690 2872; x_wconf 81' lang='lat' dir='ltr'><strong>caelestem</strong></span> <span class='ocrx_word' id='word_1_278' title='bbox 726 2836 896 2883; x_wconf 86' lang='lat' dir='ltr'><strong>migravit,</strong></span> <span class='ocrx_word' id='word_1_279' title='bbox 921 2847 1053 2883; x_wconf 87' lang='lat' dir='ltr'><strong>semper</strong></span> <span class='ocrx_word' id='word_1_280' title='bbox 1077 2835 1264 2872; x_wconf 76' lang='lat' dir='ltr'><strong>habueram</strong></span> <span class='ocrx_word' id='word_1_281' title='bbox 1288 2836 1323 2871; x_wconf 86' lang='lat' dir='ltr'><strong>in</strong></span> <span class='ocrx_word' id='word_1_282' title='bbox 1348 2836 1462 2871; x_wconf 86' lang='lat' dir='ltr'><strong>animo</strong></span> <span class='ocrx_word' id='word_1_283' title='bbox 1487 2833 1531 2870; x_wconf 90' lang='lat' dir='ltr'><strong>ad</strong></span> <span class='ocrx_word' id='word_1_284' title='bbox 1557 2834 1641 2869; x_wconf 85' lang='lat' dir='ltr'><strong>Illu-</strong></span> 
     </span>
     <span class='ocr_line' id='line_1_36' title="bbox 120 2894 1643 2943; baseline 0.001 -14"><span class='ocrx_word' id='word_1_285' title='bbox 120 2894 324 2932; x_wconf 80' lang='lat' dir='ltr'><strong>strissimam</strong></span> <span class='ocrx_word' id='word_1_286' title='bbox 372 2896 463 2933; x_wconf 74' lang='lat' dir='ltr'><strong>Celsi</strong></span> <span class='ocrx_word' id='word_1_287' title='bbox 486 2895 623 2934; x_wconf 82' lang='lat' dir='ltr'><strong>udinem</strong></span> <span class='ocrx_word' id='word_1_288' title='bbox 647 2899 740 2933; x_wconf 82' lang='lat' dir='ltr'><strong>tuam</strong></span> <span class='ocrx_word' id='word_1_289' title='bbox 767 2896 914 2933; x_wconf 87' lang='lat' dir='ltr'><strong>scribere</strong></span> <span class='ocrx_word' id='word_1_290' title='bbox 938 2908 978 2933; x_wconf 79' lang='lat' dir='ltr'><strong>ac</strong></span> <span class='ocrx_word' id='word_1_291' title='bbox 1004 2896 1113 2933; x_wconf 84' lang='lat' dir='ltr'><strong>literis</strong></span> <span class='ocrx_word' id='word_1_292' title='bbox 1140 2908 1181 2934; x_wconf 79' lang='lat' dir='ltr'><strong>ca</strong></span> <span class='ocrx_word' id='word_1_293' title='bbox 1205 2896 1337 2939; x_wconf 81' lang='lat' dir='ltr'><strong>testari,</strong></span> <span class='ocrx_word' id='word_1_294' title='bbox 1359 2908 1447 2943; x_wconf 83' lang='lat' dir='ltr'><strong>quae</strong></span> <span class='ocrx_word' id='word_1_295' title='bbox 1472 2894 1643 2942; x_wconf 82' lang='lat' dir='ltr'><strong>praeclare</strong></span> 
     </span>
    </p>
   </div>
  </div>
 </body>
</html>
