1830 3147
214 92 286 134 122

214 207 410 247 restituere
454 205 579 245 adhuc
616 216 694 244 non
730 218 840 257 posse
877 204 957 243 sine
993 215 1129 253 magna
1165 201 1421 241 Ecclesiarum
1457 198 1752 253 perturbatione.

216 273 392 312 Fatemur
419 272 538 310 filium
567 269 733 308 hominis
761 283 842 308 esse
869 269 1075 308 Dominum
1104 267 1214 305 etiam
1242 267 1359 319 ipsius
1388 262 1594 314 sabbati¹),
1613 269 1751 304 etcum

213 338 430 389 Augustino
468 350 545 375 non
582 339 757 388 putamus
796 333 1022 373 scindendas
1059 347 1139 371 esse
1176 332 1363 370 Ecclesias
1390 335 1541 383 propter
1569 344 1623 376 ea,
1659 344 1755 382 quae

214 416 283 442 nos
319 416 364 441 ex
401 415 439 439 se
474 414 595 452 neque
623 400 815 450 digniores
843 412 963 451 neque
990 397 1224 447 indigniores
1252 410 1377 434 coram
1406 397 1485 434 Deo
1515 397 1636 434 facere
1663 409 1751 447 pos-

214 471 314 505 sunt.
360 466 434 504 Sed
462 466 621 503 officium
651 465 817 503 fidelium
845 464 885 502 in
914 462 1083 500 Ecclesia
1113 461 1375 499 Ministrorum
1404 474 1483 498 esse
1513 460 1684 506 dicimus,
1712 464 1753 498 ut

213 532 371 571 Divinas
408 544 537 569 omnes
572 530 842 573 institutiones,
879 542 946 580 pro
986 541 1130 566 summa
1168 527 1266 564 virili
1303 540 1368 565 sua
1405 527 1509 564 iuxta
1546 526 1659 563 fidem
1695 526 1753 563 sui

212 597 412 636 ministerii
456 596 504 634 ad
538 596 739 648 puritatem
773 595 878 633 illam
913 594 1142 645 primaevam
1179 593 1371 630 doctrinae
1410 597 1445 629 et
1480 591 1754 629 observationis

212 661 455 713 Apostolicae
491 661 666 698 reducere
704 672 848 711 semper
885 672 948 710 per
976 660 1088 706 (156)
1116 670 1265 694 omnem
1293 656 1529 694 occasionem
1559 660 1752 694 conentur.

214 727 328 766 Quod
355 727 478 778 ipsum
506 725 680 778 equidem
708 738 776 763 nos
805 724 916 762 etiam
945 723 1056 761 nobis
1085 723 1122 760 in
1152 735 1330 760 consessu
1359 722 1505 759 Coenae
1533 721 1753 759 Dominicae

211 792 442 831 restituendo
498 790 728 842 sequendum
776 803 857 827 esse
902 787 1211 832 existimavimus,
1254 786 1475 838 praesertim
1519 799 1601 823 cum
1643 786 1749 823 illum

213 856 354 895 Christi
398 855 553 894 Domini
597 855 766 906 exemplo
813 853 1106 905 Apostolicaque
1141 851 1416 896 observatione,
1451 851 1619 901 mysterii
1660 852 1750 889 item

210 920 430 960 excellentia
467 925 503 958 et
531 920 655 971 typica
685 919 855 957 coelestis
882 922 1034 956 nostrae
1061 917 1151 954 olim
1179 917 1322 966 gloriae
1350 916 1647 960 adumbratione,
1686 915 1750 954 de-

211 986 324 1037 nique
352 989 387 1024 et
413 985 591 1023 mandato
620 985 702 1036 ipso
732 983 934 1021 Dominieo
963 995 1040 1020 non
1069 986 1205 1020 temere
1233 981 1483 1032 proculdubio
1513 980 1748 1018 commenda-

211 1056 292 1089 tum
328 1063 418 1096 esse,
457 1054 493 1087 et
518 1049 676 1100 proinde
704 1048 815 1086 etiam
843 1046 890 1085 ad
918 1046 1108 1084 Ecclesiae
1135 1045 1437 1084 aedificationem
1464 1045 1666 1096 plurimum
1696 1046 1751 1083 fa-

212 1128 294 1153 cere
330 1114 558 1152 videremus:
599 1118 635 1151 et
671 1113 820 1164 quidem
860 1125 944 1150 cum
981 1112 1091 1149 nobis
1119 1111 1197 1149 eius
1225 1111 1278 1148 rei
1306 1114 1470 1161 potestas
1500 1110 1615 1159 Regia
1644 1115 1750 1148 auto-

209 1180 321 1218 ritate
348 1180 448 1217 facta
475 1182 585 1217 esset.

263 1245 370 1282 Haec
407 1257 492 1282 vero
527 1243 580 1281 ita
610 1242 654 1280 de
682 1243 855 1280 restituto
887 1241 945 1279 hic
973 1255 1037 1292 per
1066 1254 1133 1278 nos
1162 1241 1199 1278 in
1229 1241 1369 1279 nostris
1398 1240 1576 1278 Ecclesiis
1606 1239 1752 1278 Coenae

208 1309 431 1348 Dominicae
469 1320 648 1346 consessu
683 1320 748 1345 suo
785 1307 941 1358 publico
978 1319 1268 1344 commemorare
1307 1306 1504 1351 voluimus,
1533 1310 1575 1343 ut
1603 1305 1751 1342 consilii

210 1375 280 1413 hac
306 1375 346 1412 in
373 1379 477 1425 parte
504 1373 625 1411 nostri
652 1373 834 1411 rationem
863 1372 935 1423 piis
964 1372 1141 1409 omnibus
1169 1371 1421 1410 redderemus.
1478 1371 1598 1409 Multa
1627 1376 1748 1410 autem

210 1440 418 1485 omisimus,
452 1452 545 1490 quae
580 1438 627 1476 ad
666 1451 745 1475 eam
781 1451 858 1475 rem
895 1437 1035 1475 adferri
1063 1424 1184 1474 adhuc
1211 1441 1399 1488 poterant,
1425 1437 1526 1487 quod
1556 1437 1613 1474 his
1641 1438 1751 1476 satis-

211 1506 351 1543 factum
386 1505 459 1556 piis
494 1504 670 1542 omnibus
707 1504 788 1541 fore
825 1515 902 1540 non
940 1502 1167 1540 dubitemus.
1222 1502 1303 1540 Iam
1332 1515 1420 1551 ergo
1446 1502 1492 1540 ad
1521 1516 1612 1545 eam,
1638 1516 1750 1554 quam

211 1571 466 1616 observamus,
491 1569 815 1621 praeparationem
843 1568 890 1606 ad
918 1569 1080 1606 Coenam
1110 1567 1264 1605 Domini
1293 1568 1497 1606 veniamus.

393 1700 457 1739 De
488 1698 876 1751 Praeparatione
905 1697 961 1736 ad
991 1698 1198 1736 Coenam
1228 1697 1436 1736 Domini.
1464 1699 1572 1746 (157)

264 1828 486 1879 Priusquam
524 1828 649 1865 Coena
687 1826 841 1864 Domini
879 1825 927 1863 sit
954 1825 1199 1871 instituenda,
1236 1826 1516 1877 quintodecimo
1554 1831 1662 1864 antea
1692 1826 1752 1865 die

214 1894 252 1933 id
290 1894 362 1933 toti
397 1893 588 1931 Ecclesiae
628 1892 877 1930 denunciatur
915 1895 950 1930 et
987 1892 1064 1930 dies
1103 1891 1341 1940 designatur,
1384 1905 1457 1941 quo
1496 1892 1749 1930 administrari

215 1961 361 2007 debeat,
412 1964 659 2010 moneturque
705 1962 782 1996 tota
820 1957 1003 2003 Ecclesia,
1040 1970 1086 1995 ne
1122 1957 1319 2008 quisquam
1357 1969 1395 1993 se
1431 1970 1450 1993 a
1493 1957 1639 1994 Coenae
1680 1970 1751 1994 usu

216 2025 413 2067 subducat,
450 2023 523 2061 nisi
558 2027 622 2061 aut
657 2036 722 2074 per
750 2021 1014 2067 valetudinem,
1041 2025 1103 2059 aut
1131 2034 1195 2072 per
1225 2025 1390 2058 coactam
1419 2020 1559 2071 alioqui
1588 2022 1750 2059 necessi-

215 2095 330 2130 tatem
366 2089 528 2140 aliquam
564 2087 801 2139 impediatur.
856 2087 911 2124 Ut
948 2086 1047 2124 enim
1076 2085 1171 2124 nihil
1201 2085 1332 2124 merito
1361 2085 1408 2123 ab
1438 2085 1589 2123 homine
1616 2086 1749 2136 quovis

215 2159 368 2205 aegroto
395 2153 562 2205 praetexi
588 2156 723 2204 potest,
760 2139 972 2202 quominus‘
989 2150 1120 2188 morbo
1149 2163 1215 2188 suo
1243 2150 1406 2188 remedia
1433 2149 1622 2196 adhibeat,
1657 2163 1751 2201 quo-

215 2221 286 2259 ties
323 2225 358 2257 et
392 2219 558 2269 medicus
586 2221 622 2256 et
648 2216 810 2255 remedia
837 2219 984 2267 praesto
1016 2215 1214 2259 habentur,
1242 2215 1316 2253 nisi
1346 2214 1376 2251 si
1405 2228 1508 2252 suam
1537 2214 1620 2265 quis
1650 2215 1748 2252 vale-

216 2285 386 2324 tudinem
414 2283 538 2322 studio
566 2282 756 2332 negligere
784 2281 884 2320 velit.
913 2281 974 2319 Ita
1003 2294 1084 2318 cum
1116 2280 1261 2319 Coenae
1288 2279 1509 2317 Dominicae
1536 2293 1625 2317 usus
1644 2293 1750 2331 prae-

218 2348 490 2388 stantissimum
531 2346 578 2385 sit
608 2345 830 2384 diffidentiae
857 2348 1009 2383 nostrae
1035 2345 1239 2382 remedium
1267 2357 1311 2382 ex
1341 2344 1481 2381 Christi
1509 2343 1661 2380 Domini
1691 2344 1749 2381 in-

219 2411 423 2456 stitutione,
461 2422 603 2460 nosque
640 2408 719 2446 sine
745 2407 965 2458 exceptione
992 2420 1120 2444 omnes
1149 2406 1218 2444 sub
1247 2406 1489 2444 diffidentiam
1519 2410 1652 2443 natura
1680 2420 1749 2444 no-

219 2479 296 2514 stra
332 2475 383 2512 ita
420 2473 587 2511 conclusi
624 2472 752 2517 simus,
789 2476 829 2509 ut
864 2471 965 2508 illius
1003 2471 1154 2509 nomine
1193 2471 1294 2508 aliud
1332 2483 1410 2508 esse
1447 2483 1523 2507 non
1551 2469 1751 2521 possimus,

219 2537 317 2589 quod
347 2538 386 2575 in
416 2537 526 2575 nobis
554 2543 621 2581 est,
649 2549 759 2587 quam
788 2535 864 2573 irae
891 2538 927 2572 et
948 2535 1078 2573 mortis
1099 2535 1223 2582 filii2).
1243 2535 1308 2585 qui
1326 2534 1494 2585 equidem
1517 2540 1571 2571 est
1590 2534 1751 2572 exitialis

219 2603 373 2641 morbus
400 2606 569 2640 nostrum
597 2600 777 2645 omnium,
794 2612 968 2636 —nemo
998 2604 1167 2637 nostrum
1195 2598 1597 2651 profecto-subduccre
1625 2612 1703 2636 sese
1730 2613 1750 2636 a

221 2669 367 2706 Coenae
400 2666 621 2704 Dominicae
656 2678 725 2703 usu
761 2668 897 2716 potest,
931 2668 1190 2715 praeterquam
1226 2664 1257 2702 si
1291 2668 1353 2701 aut
1389 2676 1453 2714 per
1487 2664 1662 2701 morbum
1689 2669 1752 2700 aut

220 2743 284 2783 per
321 2734 486 2767 coactam
522 2728 680 2766 similem
716 2727 879 2778 aliquam
917 2726 1176 2766 necessitatem
1211 2726 1447 2779 impediatur,
1483 2726 1555 2764 nisi
1589 2726 1619 2764 si
1648 2739 1753 2764 suam

266 2857 290 2897 ¹)
314 2855 415 2887 Marc.
438 2854 469 2887 2.
719 2855 747 2896 ²)
770 2854 870 2899 Ephe.
894 2855 923 2887 2.
