<?xml version="1.0" encoding="UTF-8"?>
<!DOCTYPE html PUBLIC "-//W3C//DTD XHTML 1.0 Transitional//EN"
    "http://www.w3.org/TR/xhtml1/DTD/xhtml1-transitional.dtd">
<html xmlns="http://www.w3.org/1999/xhtml" xml:lang="en" lang="en">
 <head>
  <title>
</title>
<meta http-equiv="Content-Type" content="text/html;charset=utf-8" />
  <meta name='ocr-system' content='tesseract 3.04.00' />
  <meta name='ocr-capabilities' content='ocr_page ocr_carea ocr_par ocr_line ocrx_word'/>
</head>
<body>
  <div class='ocr_page' id='page_1' title='image "./operatameditaqua02lask_0754.png"; bbox 0 0 1830 3147; ppageno 0'>
   <div class='ocr_carea' id='block_1_1' title="bbox 170 97 979 148">
    <p class='ocr_par' dir='ltr' id='par_1_1' title="bbox 170 97 979 148">
     <span class='ocr_line' id='line_1_1' title="bbox 170 97 979 148; baseline -0.005 -11"><span class='ocrx_word' id='word_1_1' title='bbox 170 100 239 148; x_wconf 89' lang='lat' dir='ltr'>[A.</span> <span class='ocrx_word' id='word_1_2' title='bbox 265 100 311 136; x_wconf 91' lang='lat' dir='ltr'>D.</span> <span class='ocrx_word' id='word_1_3' title='bbox 335 99 448 146; x_wconf 82' lang='lat'>1556]</span> <span class='ocrx_word' id='word_1_4' title='bbox 911 97 979 138; x_wconf 76' lang='lat'>732</span> 
     </span>
    </p>
   </div>
   <div class='ocr_carea' id='block_1_2' title="bbox 164 207 1703 1044">
    <p class='ocr_par' dir='ltr' id='par_1_2' title="bbox 164 207 1703 1044">
     <span class='ocr_line' id='line_1_2' title="bbox 166 207 1695 256; baseline 0 -12"><span class='ocrx_word' id='word_1_5' title='bbox 166 220 228 256; x_wconf 90' lang='lat' dir='ltr'>pro</span> <span class='ocrx_word' id='word_1_6' title='bbox 252 220 413 255; x_wconf 86' lang='lat' dir='ltr'>expressa</span> <span class='ocrx_word' id='word_1_7' title='bbox 436 207 480 243; x_wconf 87' lang='lat' dir='ltr'>ad</span> <span class='ocrx_word' id='word_1_8' title='bbox 505 207 621 243; x_wconf 84' lang='lat' dir='ltr'>vivum</span> <span class='ocrx_word' id='word_1_9' title='bbox 647 207 796 254; x_wconf 80' lang='lat' dir='ltr'>imagine</span> <span class='ocrx_word' id='word_1_10' title='bbox 822 218 881 242; x_wconf 89' lang='lat' dir='ltr'>sen</span> <span class='ocrx_word' id='word_1_11' title='bbox 908 207 1018 254; x_wconf 90' lang='lat' dir='ltr'>effigie</span> <span class='ocrx_word' id='word_1_12' title='bbox 1044 207 1250 243; x_wconf 82' lang='lat' dir='ltr'>serenissimi</span> <span class='ocrx_word' id='word_1_13' title='bbox 1270 207 1399 255; x_wconf 83' lang='lat' dir='ltr'>pridem</span> <span class='ocrx_word' id='word_1_14' title='bbox 1418 207 1568 255; x_wconf 88' lang='lat' dir='ltr'>Angliac</span> <span class='ocrx_word' id='word_1_15' title='bbox 1587 209 1695 256; x_wconf 85' lang='lat' dir='ltr'>Regis</span> 
     </span>
     <span class='ocr_line' id='line_1_3' title="bbox 164 267 1699 317; baseline 0.001 -13"><span class='ocrx_word' id='word_1_16' title='bbox 164 269 331 311; x_wconf 84' lang='lat' dir='ltr'>Eduardi‚</span> <span class='ocrx_word' id='word_1_17' title='bbox 367 281 469 316; x_wconf 90' lang='lat' dir='ltr'>quam</span> <span class='ocrx_word' id='word_1_18' title='bbox 504 269 577 303; x_wconf 89' lang='lat' dir='ltr'>eius</span> <span class='ocrx_word' id='word_1_19' title='bbox 616 267 823 303; x_wconf 84' lang='lat' dir='ltr'>Celsitudini</span> <span class='ocrx_word' id='word_1_20' title='bbox 860 267 948 303; x_wconf 86' lang='lat' dir='ltr'>dedi.</span> <span class='ocrx_word' id='word_1_21' title='bbox 1001 268 1127 315; x_wconf 88' lang='lat' dir='ltr'>ltaque</span> <span class='ocrx_word' id='word_1_22' title='bbox 1153 273 1247 304; x_wconf 85' lang='lat' dir='ltr'>tuam</span> <span class='ocrx_word' id='word_1_23' title='bbox 1274 269 1526 305; x_wconf 65' lang='lat' dir='ltr'>celsitudinem</span> <span class='ocrx_word' id='word_1_24' title='bbox 1551 270 1699 317; x_wconf 74' lang='lat' dir='ltr'>supplex</span> 
     </span>
     <span class='ocr_line' id='line_1_4' title="bbox 166 329 1703 377; baseline 0 -11"><span class='ocrx_word' id='word_1_25' title='bbox 166 342 239 372; x_wconf 87' lang='lat' dir='ltr'>oro,</span> <span class='ocrx_word' id='word_1_26' title='bbox 276 334 317 365; x_wconf 90' lang='lat' dir='ltr'>ut</span> <span class='ocrx_word' id='word_1_27' title='bbox 349 342 407 377; x_wconf 89' lang='lat' dir='ltr'>per</span> <span class='ocrx_word' id='word_1_28' title='bbox 442 342 518 365; x_wconf 91' lang='lat' dir='ltr'>eum</span> <span class='ocrx_word' id='word_1_29' title='bbox 552 330 663 376; x_wconf 88' lang='lat' dir='ltr'>ipsum</span> <span class='ocrx_word' id='word_1_30' title='bbox 699 330 865 365; x_wconf 86' lang='lat' dir='ltr'>nuncium</span> <span class='ocrx_word' id='word_1_31' title='bbox 893 329 1012 365; x_wconf 82' lang='lat' dir='ltr'>literas</span> <span class='ocrx_word' id='word_1_32' title='bbox 1037 330 1337 366; x_wconf 74' lang='lat' dir='ltr'>commendatitias</span> <span class='ocrx_word' id='word_1_33' title='bbox 1362 330 1397 366; x_wconf 91' lang='lat' dir='ltr'>in</span> <span class='ocrx_word' id='word_1_34' title='bbox 1421 331 1573 366; x_wconf 82' lang='lat' dir='ltr'>favorem</span> <span class='ocrx_word' id='word_1_35' title='bbox 1598 331 1703 366; x_wconf 86' lang='lat' dir='ltr'>Pere-</span> 
     </span>
     <span class='ocr_line' id='line_1_5' title="bbox 166 389 1701 439; baseline 0.001 -14"><span class='ocrx_word' id='word_1_36' title='bbox 166 390 340 439; x_wconf 80' lang='lat' dir='ltr'>grinarum</span> <span class='ocrx_word' id='word_1_37' title='bbox 356 389 587 427; x_wconf 83' lang='lat' dir='ltr'>Ecclesiarum</span> <span class='ocrx_word' id='word_1_38' title='bbox 600 389 644 424; x_wconf 84' lang='lat' dir='ltr'>ad</span> <span class='ocrx_word' id='word_1_39' title='bbox 671 390 919 437; x_wconf 75' lang='lat' dir='ltr'>Magistratum</span> <span class='ocrx_word' id='word_1_40' title='bbox 945 391 1270 427; x_wconf 84' lang='lat' dir='ltr'>Francol‘ortensem</span> <span class='ocrx_word' id='word_1_41' title='bbox 1295 391 1376 427; x_wconf 86' lang='lat' dir='ltr'>dare</span> <span class='ocrx_word' id='word_1_42' title='bbox 1402 390 1701 439; x_wconf 83' lang='lat' dir='ltr'>dignetur—ego</span> 
     </span>
     <span class='ocr_line' id='line_1_6' title="bbox 167 450 1702 499; baseline 0.001 -13"><span class='ocrx_word' id='word_1_43' title='bbox 167 451 257 486; x_wconf 85' lang='lat' dir='ltr'>enirn</span> <span class='ocrx_word' id='word_1_44' title='bbox 283 450 395 486; x_wconf 85' lang='lat' dir='ltr'>nullas</span> <span class='ocrx_word' id='word_1_45' title='bbox 408 451 525 497; x_wconf 83' lang='lat' dir='ltr'>accepi</span> <span class='ocrx_word' id='word_1_46' title='bbox 545 471 580 478; x_wconf 89' lang='lat'><em>-</em></span> <span class='ocrx_word' id='word_1_47' title='bbox 606 463 644 486; x_wconf 85' lang='lat' dir='ltr'>ea</span> <span class='ocrx_word' id='word_1_48' title='bbox 670 463 738 497; x_wconf 85' lang='lat' dir='ltr'>spe,</span> <span class='ocrx_word' id='word_1_49' title='bbox 763 454 804 485; x_wconf 88' lang='lat' dir='ltr'>ut</span> <span class='ocrx_word' id='word_1_50' title='bbox 818 462 877 497; x_wconf 89' lang='lat' dir='ltr'>per</span> <span class='ocrx_word' id='word_1_51' title='bbox 895 451 1000 486; x_wconf 89' lang='lat' dir='ltr'>istum</span> <span class='ocrx_word' id='word_1_52' title='bbox 1022 451 1184 486; x_wconf 89' lang='lat' dir='ltr'>nuncium</span> <span class='ocrx_word' id='word_1_53' title='bbox 1205 451 1398 494; x_wconf 75' lang='lat' dir='ltr'>mittantur,</span> <span class='ocrx_word' id='word_1_54' title='bbox 1413 452 1702 499; x_wconf 81' lang='lat' dir='ltr'>quemadmodum</span> 
     </span>
     <span class='ocr_line' id='line_1_7' title="bbox 166 511 1701 559; baseline 0.001 -11"><span class='ocrx_word' id='word_1_55' title='bbox 166 512 201 548; x_wconf 90' lang='lat' dir='ltr'>id</span> <span class='ocrx_word' id='word_1_56' title='bbox 223 512 371 547; x_wconf 89' lang='lat' dir='ltr'>Domino</span> <span class='ocrx_word' id='word_1_57' title='bbox 389 512 648 559; x_wconf 85' lang='lat' dir='ltr'>Christophoro‚</span> <span class='ocrx_word' id='word_1_58' title='bbox 675 516 754 547; x_wconf 87' lang='lat' dir='ltr'>tuae</span> <span class='ocrx_word' id='word_1_59' title='bbox 771 512 998 547; x_wconf 88' lang='lat' dir='ltr'>Celsitudinis</span> <span class='ocrx_word' id='word_1_60' title='bbox 1026 511 1225 554; x_wconf 85' lang='lat' dir='ltr'>secretario,</span> <span class='ocrx_word' id='word_1_61' title='bbox 1240 516 1359 559; x_wconf 84' lang='lat' dir='ltr'>postea</span> <span class='ocrx_word' id='word_1_62' title='bbox 1377 513 1527 550; x_wconf 85' lang='lat' dir='ltr'>indicavi</span> <span class='ocrx_word' id='word_1_63' title='bbox 1541 514 1582 557; x_wconf 75' lang='lat'>³).</span> <span class='ocrx_word' id='word_1_64' title='bbox 1608 514 1701 550; x_wconf 84' lang='lat' dir='ltr'>Red-</span> 
     </span>
     <span class='ocr_line' id='line_1_8' title="bbox 167 571 1701 620; baseline 0.001 -12"><span class='ocrx_word' id='word_1_65' title='bbox 167 572 293 608; x_wconf 87' lang='lat' dir='ltr'>dantur</span> <span class='ocrx_word' id='word_1_66' title='bbox 316 584 399 608; x_wconf 88' lang='lat' dir='ltr'>vero</span> <span class='ocrx_word' id='word_1_67' title='bbox 424 571 592 608; x_wconf 86' lang='lat' dir='ltr'>eiusmodi</span> <span class='ocrx_word' id='word_1_68' title='bbox 616 572 735 608; x_wconf 86' lang='lat' dir='ltr'>literae</span> <span class='ocrx_word' id='word_1_69' title='bbox 760 573 859 608; x_wconf 87' lang='lat' dir='ltr'>uxori</span> <span class='ocrx_word' id='word_1_70' title='bbox 884 584 991 614; x_wconf 86' lang='lat' dir='ltr'>meae,</span> <span class='ocrx_word' id='word_1_71' title='bbox 1016 573 1083 608; x_wconf 88' lang='lat' dir='ltr'>nisi</span> <span class='ocrx_word' id='word_1_72' title='bbox 1109 573 1138 608; x_wconf 88' lang='lat' dir='ltr'>si</span> <span class='ocrx_word' id='word_1_73' title='bbox 1164 576 1224 608; x_wconf 88' lang='lat' dir='ltr'>tua</span> <span class='ocrx_word' id='word_1_74' title='bbox 1244 573 1423 609; x_wconf 86' lang='lat' dir='ltr'>Celsitudo</span> <span class='ocrx_word' id='word_1_75' title='bbox 1442 573 1518 609; x_wconf 85' lang='lat' dir='ltr'>illas</span> <span class='ocrx_word' id='word_1_76' title='bbox 1545 586 1604 620; x_wconf 88' lang='lat' dir='ltr'>per</span> <span class='ocrx_word' id='word_1_77' title='bbox 1619 587 1701 610; x_wconf 91' lang='lat' dir='ltr'>eun-</span> 
     </span>
     <span class='ocr_line' id='line_1_9' title="bbox 168 632 1699 681; baseline 0.002 -12"><span class='ocrx_word' id='word_1_78' title='bbox 168 634 246 669; x_wconf 87' lang='lat' dir='ltr'>dem</span> <span class='ocrx_word' id='word_1_79' title='bbox 280 633 392 680; x_wconf 90' lang='lat' dir='ltr'>ipsum</span> <span class='ocrx_word' id='word_1_80' title='bbox 424 633 487 669; x_wconf 83' lang='lat' dir='ltr'>filii</span> <span class='ocrx_word' id='word_1_81' title='bbox 518 635 571 668; x_wconf 88' lang='lat' dir='ltr'>sui</span> <span class='ocrx_word' id='word_1_82' title='bbox 609 632 775 669; x_wconf 89' lang='lat' dir='ltr'>nuncium</span> <span class='ocrx_word' id='word_1_83' title='bbox 803 633 1029 681; x_wconf 84' lang='lat' dir='ltr'>Magistratui</span> <span class='ocrx_word' id='word_1_84' title='bbox 1055 633 1120 680; x_wconf 88' lang='lat' dir='ltr'>ipsi</span> <span class='ocrx_word' id='word_1_85' title='bbox 1146 632 1241 669; x_wconf 82' lang='lat' dir='ltr'>reddi</span> <span class='ocrx_word' id='word_1_86' title='bbox 1267 635 1376 670; x_wconf 78' lang='lat' dir='ltr'>malit.</span> <span class='ocrx_word' id='word_1_87' title='bbox 1425 635 1530 670; x_wconf 89' lang='lat' dir='ltr'>Plura</span> <span class='ocrx_word' id='word_1_88' title='bbox 1556 647 1608 671; x_wconf 89' lang='lat' dir='ltr'>me</span> <span class='ocrx_word' id='word_1_89' title='bbox 1634 635 1699 672; x_wconf 87' lang='lat' dir='ltr'>iam</span> 
     </span>
     <span class='ocr_line' id='line_1_10' title="bbox 168 693 1702 743; baseline 0.001 -13"><span class='ocrx_word' id='word_1_90' title='bbox 168 706 237 730; x_wconf 88' lang='lat' dir='ltr'>non</span> <span class='ocrx_word' id='word_1_91' title='bbox 263 695 395 741; x_wconf 78' lang='lat' dir='ltr'>patitur</span> <span class='ocrx_word' id='word_1_92' title='bbox 419 693 567 729; x_wconf 89' lang='lat' dir='ltr'>scribere</span> <span class='ocrx_word' id='word_1_93' title='bbox 592 694 667 741; x_wconf 81' lang='lat' dir='ltr'>ipsa</span> <span class='ocrx_word' id='word_1_94' title='bbox 691 694 824 730; x_wconf 83' lang='lat' dir='ltr'>itineris</span> <span class='ocrx_word' id='word_1_95' title='bbox 850 694 1066 736; x_wconf 60' lang='lat' dir='ltr'>acceleratim</span> <span class='ocrx_word' id='word_1_96' title='bbox 1090 706 1195 742; x_wconf 85' lang='lat' dir='ltr'>quare</span> <span class='ocrx_word' id='word_1_97' title='bbox 1219 694 1310 742; x_wconf 88' lang='lat' dir='ltr'>quod</span> <span class='ocrx_word' id='word_1_98' title='bbox 1335 695 1501 743; x_wconf 88' lang='lat' dir='ltr'>reliquum</span> <span class='ocrx_word' id='word_1_99' title='bbox 1525 701 1588 738; x_wconf 87' lang='lat' dir='ltr'>est,</span> <span class='ocrx_word' id='word_1_100' title='bbox 1608 707 1702 732; x_wconf 88' lang='lat' dir='ltr'>com-</span> 
     </span>
     <span class='ocr_line' id='line_1_11' title="bbox 172 754 1700 798; baseline 0.001 -7"><span class='ocrx_word' id='word_1_101' title='bbox 172 755 297 791; x_wconf 90' lang='lat' dir='ltr'>mendo</span> <span class='ocrx_word' id='word_1_102' title='bbox 321 767 375 790; x_wconf 88' lang='lat' dir='ltr'>me</span> <span class='ocrx_word' id='word_1_103' title='bbox 399 767 532 791; x_wconf 87' lang='lat' dir='ltr'>summa</span> <span class='ocrx_word' id='word_1_104' title='bbox 556 767 632 791; x_wconf 88' lang='lat' dir='ltr'>eum</span> <span class='ocrx_word' id='word_1_105' title='bbox 660 754 881 790; x_wconf 85' lang='lat' dir='ltr'>observantia</span> <span class='ocrx_word' id='word_1_106' title='bbox 906 754 1111 790; x_wconf 85' lang='lat' dir='ltr'>Celsitudini</span> <span class='ocrx_word' id='word_1_107' title='bbox 1133 758 1224 797; x_wconf 85' lang='lat' dir='ltr'>tuae,</span> <span class='ocrx_word' id='word_1_108' title='bbox 1246 760 1282 790; x_wconf 89' lang='lat' dir='ltr'>et</span> <span class='ocrx_word' id='word_1_109' title='bbox 1308 755 1419 792; x_wconf 89' lang='lat' dir='ltr'>Deum</span> <span class='ocrx_word' id='word_1_110' title='bbox 1445 768 1516 798; x_wconf 85' lang='lat' dir='ltr'>oro,</span> <span class='ocrx_word' id='word_1_111' title='bbox 1542 760 1582 793; x_wconf 90' lang='lat' dir='ltr'>ut</span> <span class='ocrx_word' id='word_1_112' title='bbox 1607 759 1700 793; x_wconf 87' lang='lat' dir='ltr'>tuam</span> 
     </span>
     <span class='ocr_line' id='line_1_12' title="bbox 172 816 1702 864; baseline 0.001 -13"><span class='ocrx_word' id='word_1_113' title='bbox 172 816 423 852; x_wconf 89' lang='lat' dir='ltr'>Celsitudinem</span> <span class='ocrx_word' id='word_1_114' title='bbox 450 817 711 863; x_wconf 82' lang='lat' dir='ltr'>universamque</span> <span class='ocrx_word' id='word_1_115' title='bbox 737 816 809 852; x_wconf 90' lang='lat' dir='ltr'>eius</span> <span class='ocrx_word' id='word_1_116' title='bbox 836 816 1000 852; x_wconf 85' lang='lat' dir='ltr'>familiam</span> <span class='ocrx_word' id='word_1_117' title='bbox 1027 819 1140 852; x_wconf 88' lang='lat' dir='ltr'>servet</span> <span class='ocrx_word' id='word_1_118' title='bbox 1166 820 1264 864; x_wconf 86' lang='lat' dir='ltr'>regat</span> <span class='ocrx_word' id='word_1_119' title='bbox 1282 820 1317 853; x_wconf 88' lang='lat' dir='ltr'>et</span> <span class='ocrx_word' id='word_1_120' title='bbox 1333 818 1497 855; x_wconf 79' lang='lat' dir='ltr'>fortunet.</span> <span class='ocrx_word' id='word_1_121' title='bbox 1523 817 1702 854; x_wconf 84' lang='lat' dir='ltr'>Erfordiae</span> 
     </span>
     <span class='ocr_line' id='line_1_13' title="bbox 175 876 711 914; baseline -0.004 0"><span class='ocrx_word' id='word_1_122' title='bbox 175 877 347 914; x_wconf 86' lang='lat' dir='ltr'>secundae</span> <span class='ocrx_word' id='word_1_123' title='bbox 372 876 580 913; x_wconf 88' lang='lat' dir='ltr'>Novembris</span> <span class='ocrx_word' id='word_1_124' title='bbox 605 878 711 913; x_wconf 89' lang='grc'><strong>1556.</strong></span> 
     </span>
     <span class='ocr_line' id='line_1_14' title="bbox 789 937 1681 975; baseline 0 -1"><span class='ocrx_word' id='word_1_125' title='bbox 789 938 885 974; x_wconf 84' lang='lat' dir='ltr'>Tuae</span> <span class='ocrx_word' id='word_1_126' title='bbox 911 937 1118 973; x_wconf 88' lang='lat' dir='ltr'>Celsitudini</span> <span class='ocrx_word' id='word_1_127' title='bbox 1145 937 1402 974; x_wconf 85' lang='lat' dir='ltr'>Illustrissimae</span> <span class='ocrx_word' id='word_1_128' title='bbox 1428 938 1681 975; x_wconf 75' lang='lat' dir='ltr'>addictissimus</span> 
     </span>
     <span class='ocr_line' id='line_1_15' title="bbox 977 997 1495 1044; baseline 0.004 -11"><span class='ocrx_word' id='word_1_129' title='bbox 977 998 1142 1034; x_wconf 63' lang='lat' dir='ltr'>lomnes</span> <span class='ocrx_word' id='word_1_130' title='bbox 1165 997 1186 1033; x_wconf 71' lang='lat' dir='ltr'>a</span> <span class='ocrx_word' id='word_1_131' title='bbox 1212 997 1346 1039; x_wconf 49' lang='lat' dir='ltr'>hisco,</span> <span class='ocrx_word' id='word_1_132' title='bbox 1375 1011 1418 1033; x_wconf 90' lang='lat' dir='ltr'>m.</span> <span class='ocrx_word' id='word_1_133' title='bbox 1445 1010 1495 1044; x_wconf 89' lang='lat' dir='ltr'>pr.</span> 
     </span>
    </p>
   </div>
   <div class='ocr_carea' id='block_1_3' title="bbox 177 1081 1715 1180">
    <p class='ocr_par' dir='ltr' id='par_1_3' title="bbox 177 1081 1715 1180">
     <span class='ocr_line' id='line_1_16' title="bbox 221 1081 1715 1124; baseline 0.001 -12"><span class='ocrx_word' id='word_1_134' title='bbox 221 1082 247 1122; x_wconf 85' lang='lat'>¹)</span> <span class='ocrx_word' id='word_1_135' title='bbox 270 1081 331 1124; x_wconf 81' lang='lat' dir='ltr'>Ep.</span> <span class='ocrx_word' id='word_1_136' title='bbox 355 1081 451 1115; x_wconf 66' lang='lat'>12720</span> <span class='ocrx_word' id='word_1_137' title='bbox 473 1092 548 1124; x_wconf 89' lang='lat' dir='ltr'>pars</span> <span class='ocrx_word' id='word_1_138' title='bbox 571 1081 621 1114; x_wconf 86' lang='lat' dir='ltr'>his</span> <span class='ocrx_word' id='word_1_139' title='bbox 647 1082 768 1113; x_wconf 85' lang='lat' dir='ltr'>notulis</span> <span class='ocrx_word' id='word_1_140' title='bbox 791 1085 918 1113; x_wconf 78' lang='lat' dir='ltr'>exarata</span> <span class='ocrx_word' id='word_1_141' title='bbox 941 1084 1019 1113; x_wconf 83' lang='lat' dir='ltr'>erat.</span> <span class='ocrx_word' id='word_1_142' title='bbox 1056 1082 1082 1121; x_wconf 73' lang='grc'>2)</span> <span class='ocrx_word' id='word_1_143' title='bbox 1106 1081 1165 1112; x_wconf 79' lang='lat' dir='ltr'>Est</span> <span class='ocrx_word' id='word_1_144' title='bbox 1186 1081 1263 1112; x_wconf 87' lang='lat' dir='ltr'>haec</span> <span class='ocrx_word' id='word_1_145' title='bbox 1287 1092 1337 1124; x_wconf 88' lang='lat' dir='ltr'>ep.</span> <span class='ocrx_word' id='word_1_146' title='bbox 1359 1081 1416 1114; x_wconf 68' lang='grc' dir='ltr'>ΝΟ.</span> <span class='ocrx_word' id='word_1_147' title='bbox 1433 1082 1493 1113; x_wconf 78' lang='grc'>120</span> <span class='ocrx_word' id='word_1_148' title='bbox 1516 1081 1556 1114; x_wconf 86' lang='lat' dir='ltr'>ad</span> <span class='ocrx_word' id='word_1_149' title='bbox 1579 1082 1715 1115; x_wconf 86' lang='lat' dir='ltr'>Horsac-</span> 
     </span>
     <span class='ocr_line' id='line_1_17' title="bbox 177 1136 1361 1180; baseline 0 -11"><span class='ocrx_word' id='word_1_150' title='bbox 177 1137 276 1170; x_wconf 87' lang='lat' dir='ltr'>kium.</span> <span class='ocrx_word' id='word_1_151' title='bbox 298 1138 327 1178; x_wconf 77' lang='lat'>³)</span> <span class='ocrx_word' id='word_1_152' title='bbox 351 1137 401 1170; x_wconf 88' lang='lat' dir='ltr'>Cf.</span> <span class='ocrx_word' id='word_1_153' title='bbox 424 1137 484 1180; x_wconf 84' lang='lat' dir='ltr'>Ep.</span> <span class='ocrx_word' id='word_1_154' title='bbox 508 1137 707 1171; x_wconf 85' lang='lat' dir='ltr'>Melanchth.</span> <span class='ocrx_word' id='word_1_155' title='bbox 730 1138 770 1169; x_wconf 85' lang='lat' dir='ltr'>ad</span> <span class='ocrx_word' id='word_1_156' title='bbox 792 1137 1023 1179; x_wconf 83' lang='lat' dir='ltr'>Lantgravium</span> <span class='ocrx_word' id='word_1_157' title='bbox 1046 1136 1077 1170; x_wconf 88' lang='lat' dir='ltr'>d.</span> <span class='ocrx_word' id='word_1_158' title='bbox 1099 1136 1139 1168; x_wconf 77' lang='lat'>21</span> <span class='ocrx_word' id='word_1_159' title='bbox 1163 1136 1245 1169; x_wconf 86' lang='lat' dir='ltr'>Nov.</span> <span class='ocrx_word' id='word_1_160' title='bbox 1269 1137 1361 1170; x_wconf 86' lang='lat'>1556.</span> 
     </span>
    </p>
   </div>
   <div class='ocr_carea' id='block_1_4' title="bbox 182 1256 713 1266">
    <p class='ocr_par' dir='ltr' id='par_1_4' title="bbox 182 1256 713 1266">
     <span class='ocr_line' id='line_1_18' title="bbox 182 1256 713 1266; baseline 0 0"><span class='ocrx_word' id='word_1_161' title='bbox 182 1256 713 1266; x_wconf 95' lang='lat' dir='ltr'> </span> 
     </span>
    </p>
   </div>
   <div class='ocr_carea' id='block_1_5' title="bbox 177 1345 1710 1392">
    <p class='ocr_par' dir='ltr' id='par_1_5' title="bbox 177 1345 1710 1392">
     <span class='ocr_line' id='line_1_19' title="bbox 177 1345 1710 1392; baseline -0.001 -11"><span class='ocrx_word' id='word_1_162' title='bbox 177 1345 241 1382; x_wconf 74' lang='grc' dir='ltr'>ΝΟ.</span> <span class='ocrx_word' id='word_1_163' title='bbox 267 1346 348 1380; x_wconf 76' lang='grc'><strong>123.</strong></span> <span class='ocrx_word' id='word_1_164' title='bbox 1345 1345 1395 1392; x_wconf 79' lang='lat' dir='ltr'>[Ex</span> <span class='ocrx_word' id='word_1_165' title='bbox 1411 1349 1482 1381; x_wconf 74' lang='lat' dir='ltr'>Arch.</span> <span class='ocrx_word' id='word_1_166' title='bbox 1501 1349 1571 1381; x_wconf 78' lang='lat' dir='ltr'>Elecl.</span> <span class='ocrx_word' id='word_1_167' title='bbox 1589 1346 1710 1391; x_wconf 54' lang='lat' dir='ltr'>nussiam]</span> 
     </span>
    </p>
   </div>
   <div class='ocr_carea' id='block_1_6' title="bbox 663 1439 1232 1477">
    <p class='ocr_par' dir='ltr' id='par_1_6' title="bbox 663 1439 1232 1477">
     <span class='ocr_line' id='line_1_20' title="bbox 663 1439 1232 1477; baseline -0.002 -1"><span class='ocrx_word' id='word_1_168' title='bbox 663 1439 720 1476; x_wconf 80' lang='lat' dir='ltr'>Ad</span> <span class='ocrx_word' id='word_1_169' title='bbox 745 1440 1028 1475; x_wconf 69' lang='lat' dir='ltr'>LANTenAvruM</span> <span class='ocrx_word' id='word_1_170' title='bbox 1053 1440 1232 1477; x_wconf 54' lang='lat' dir='ltr'>Hassm..</span> 
     </span>
    </p>
   </div>
   <div class='ocr_carea' id='block_1_7' title="bbox 181 1542 1725 2935">
    <p class='ocr_par' dir='ltr' id='par_1_7' title="bbox 181 1542 1725 2935">
     <span class='ocr_line' id='line_1_21' title="bbox 229 1542 1712 1590; baseline -0.001 -10"><span class='ocrx_word' id='word_1_171' title='bbox 229 1543 470 1580; x_wconf 87' lang='lat' dir='ltr'>Illustrissime</span> <span class='ocrx_word' id='word_1_172' title='bbox 495 1543 659 1588; x_wconf 83' lang='lat' dir='ltr'>Princeps</span> <span class='ocrx_word' id='word_1_173' title='bbox 685 1546 721 1578; x_wconf 87' lang='lat' dir='ltr'>et</span> <span class='ocrx_word' id='word_1_174' title='bbox 750 1543 910 1585; x_wconf 87' lang='lat' dir='ltr'>Domine,</span> <span class='ocrx_word' id='word_1_175' title='bbox 937 1543 1084 1578; x_wconf 87' lang='lat' dir='ltr'>Domine</span> <span class='ocrx_word' id='word_1_176' title='bbox 1108 1542 1392 1579; x_wconf 84' lang='lat' dir='ltr'>clementissime!</span> <span class='ocrx_word' id='word_1_177' title='bbox 1412 1542 1712 1590; x_wconf 82' lang='lat' dir='ltr'>diligentissimam</span> 
     </span>
     <span class='ocr_line' id='line_1_22' title="bbox 181 1604 1712 1651; baseline -0.001 -9"><span class='ocrx_word' id='word_1_178' title='bbox 181 1605 422 1642; x_wconf 79' lang='lat' dir='ltr'>observantiae</span> <span class='ocrx_word' id='word_1_179' title='bbox 455 1616 549 1640; x_wconf 82' lang='lat' dir='ltr'>meae</span> <span class='ocrx_word' id='word_1_180' title='bbox 582 1605 933 1641; x_wconf 82' lang='lat' dir='ltr'>commendationem!</span> <span class='ocrx_word' id='word_1_181' title='bbox 984 1604 1129 1640; x_wconf 85' lang='lat' dir='ltr'>Perveni</span> <span class='ocrx_word' id='word_1_182' title='bbox 1166 1604 1233 1640; x_wconf 91' lang='lat' dir='ltr'>huc</span> <span class='ocrx_word' id='word_1_183' title='bbox 1266 1605 1395 1646; x_wconf 82' lang='lat' dir='ltr'>salvus,</span> <span class='ocrx_word' id='word_1_184' title='bbox 1434 1605 1544 1651; x_wconf 85' lang='lat' dir='ltr'>gratia</span> <span class='ocrx_word' id='word_1_185' title='bbox 1569 1605 1617 1640; x_wconf 84' lang='lat' dir='ltr'>sit</span> <span class='ocrx_word' id='word_1_186' title='bbox 1642 1605 1712 1641; x_wconf 91' lang='lat' dir='ltr'>Do-</span> 
     </span>
     <span class='ocr_line' id='line_1_23' title="bbox 184 1666 1714 1709; baseline -0.001 -5"><span class='ocrx_word' id='word_1_187' title='bbox 184 1668 292 1704; x_wconf 88' lang='lat' dir='ltr'>mino!</span> <span class='ocrx_word' id='word_1_188' title='bbox 321 1670 356 1702; x_wconf 84' lang='lat' dir='ltr'>et</span> <span class='ocrx_word' id='word_1_189' title='bbox 375 1667 480 1702; x_wconf 85' lang='lat' dir='ltr'>salvis</span> <span class='ocrx_word' id='word_1_190' title='bbox 507 1666 607 1702; x_wconf 88' lang='lat' dir='ltr'>rebus</span> <span class='ocrx_word' id='word_1_191' title='bbox 634 1666 717 1702; x_wconf 89' lang='lat' dir='ltr'>meis</span> <span class='ocrx_word' id='word_1_192' title='bbox 740 1666 910 1709; x_wconf 85' lang='lat' dir='ltr'>omnibus,</span> <span class='ocrx_word' id='word_1_193' title='bbox 936 1678 975 1702; x_wconf 91' lang='lat' dir='ltr'>ac</span> <span class='ocrx_word' id='word_1_194' title='bbox 1003 1666 1141 1701; x_wconf 85' lang='lat' dir='ltr'>biduum</span> <span class='ocrx_word' id='word_1_195' title='bbox 1169 1666 1223 1702; x_wconf 83' lang='lat' dir='ltr'>hic</span> <span class='ocrx_word' id='word_1_196' title='bbox 1249 1671 1492 1708; x_wconf 80' lang='lat' dir='ltr'>commoratus,</span> <span class='ocrx_word' id='word_1_197' title='bbox 1514 1667 1616 1702; x_wconf 85' lang='lat' dir='ltr'>hodie</span> <span class='ocrx_word' id='word_1_198' title='bbox 1640 1678 1714 1703; x_wconf 89' lang='lat' dir='ltr'>rur·</span> 
     </span>
     <span class='ocr_line' id='line_1_24' title="bbox 181 1727 1713 1775; baseline -0.001 -10"><span class='ocrx_word' id='word_1_199' title='bbox 181 1742 257 1765; x_wconf 86' lang='lat' dir='ltr'>sum</span> <span class='ocrx_word' id='word_1_200' title='bbox 293 1740 479 1775; x_wconf 83' lang='lat' dir='ltr'>prosequar</span> <span class='ocrx_word' id='word_1_201' title='bbox 504 1740 562 1775; x_wconf 90' lang='lat' dir='ltr'>per</span> <span class='ocrx_word' id='word_1_202' title='bbox 587 1729 732 1774; x_wconf 76' lang='lat' dir='ltr'>gratiam</span> <span class='ocrx_word' id='word_1_203' title='bbox 760 1728 825 1764; x_wconf 89' lang='lat' dir='ltr'>Dei</span> <span class='ocrx_word' id='word_1_204' title='bbox 850 1729 915 1764; x_wconf 87' lang='lat' dir='ltr'>iter</span> <span class='ocrx_word' id='word_1_205' title='bbox 943 1741 1066 1763; x_wconf 89' lang='lat' dir='ltr'>meum.</span> <span class='ocrx_word' id='word_1_206' title='bbox 1119 1727 1186 1774; x_wconf 79' lang='lat' dir='ltr'>Egi</span> <span class='ocrx_word' id='word_1_207' title='bbox 1209 1734 1325 1764; x_wconf 86' lang='lat' dir='ltr'>autem</span> <span class='ocrx_word' id='word_1_208' title='bbox 1353 1740 1432 1763; x_wconf 88' lang='lat' dir='ltr'>cum</span> <span class='ocrx_word' id='word_1_209' title='bbox 1457 1728 1607 1764; x_wconf 90' lang='lat' dir='ltr'>Domino</span> <span class='ocrx_word' id='word_1_210' title='bbox 1633 1728 1713 1764; x_wconf 89' lang='lat' dir='ltr'>Phi·</span> 
     </span>
     <span class='ocr_line' id='line_1_25' title="bbox 183 1788 1716 1836; baseline 0 -12"><span class='ocrx_word' id='word_1_211' title='bbox 183 1789 276 1836; x_wconf 90' lang='lat' dir='ltr'>lippo</span> <span class='ocrx_word' id='word_1_212' title='bbox 300 1789 563 1825; x_wconf 82' lang='lat' dir='ltr'>familiarissime</span> <span class='ocrx_word' id='word_1_213' title='bbox 588 1790 631 1824; x_wconf 86' lang='lat' dir='ltr'>de</span> <span class='ocrx_word' id='word_1_214' title='bbox 657 1794 731 1824; x_wconf 81' lang='lat' dir='ltr'>tota</span> <span class='ocrx_word' id='word_1_215' title='bbox 757 1801 831 1824; x_wconf 87' lang='lat' dir='ltr'>mea</span> <span class='ocrx_word' id='word_1_216' title='bbox 855 1800 961 1824; x_wconf 89' lang='lat' dir='ltr'>causa</span> <span class='ocrx_word' id='word_1_217' title='bbox 996 1789 1180 1835; x_wconf 86' lang='lat' dir='ltr'>literasque</span> <span class='ocrx_word' id='word_1_218' title='bbox 1218 1796 1297 1824; x_wconf 81' lang='lat' dir='ltr'>tuae</span> <span class='ocrx_word' id='word_1_219' title='bbox 1324 1788 1552 1824; x_wconf 87' lang='lat' dir='ltr'>Celsitudinis</span> <span class='ocrx_word' id='word_1_220' title='bbox 1572 1789 1622 1825; x_wconf 88' lang='lat' dir='ltr'>illi</span> <span class='ocrx_word' id='word_1_221' title='bbox 1644 1789 1716 1824; x_wconf 89' lang='lat' dir='ltr'>red·</span> 
     </span>
     <span class='ocr_line' id='line_1_26' title="bbox 182 1850 1719 1898; baseline 0 -12"><span class='ocrx_word' id='word_1_222' title='bbox 182 1851 265 1893; x_wconf 87' lang='lat' dir='ltr'>didi,</span> <span class='ocrx_word' id='word_1_223' title='bbox 296 1851 419 1898; x_wconf 88' lang='lat' dir='ltr'>quibus</span> <span class='ocrx_word' id='word_1_224' title='bbox 451 1851 510 1887; x_wconf 87' lang='lat' dir='ltr'>ille</span> <span class='ocrx_word' id='word_1_225' title='bbox 543 1855 739 1886; x_wconf 81' lang='lat' dir='ltr'>reverenter</span> <span class='ocrx_word' id='word_1_226' title='bbox 763 1852 917 1896; x_wconf 85' lang='lat' dir='ltr'>acceptis</span> <span class='ocrx_word' id='word_1_227' title='bbox 953 1850 1142 1886; x_wconf 64' lang='lat' dir='ltr'>&#39;‘Utinam”</span> <span class='ocrx_word' id='word_1_228' title='bbox 1176 1850 1289 1897; x_wconf 87' lang='lat' dir='ltr'>iuquit</span> <span class='ocrx_word' id='word_1_229' title='bbox 1327 1851 1443 1886; x_wconf 78' lang='lat' dir='ltr'>atales</span> <span class='ocrx_word' id='word_1_230' title='bbox 1468 1851 1596 1886; x_wconf 77' lang='lat' dir='ltr'>multos</span> <span class='ocrx_word' id='word_1_231' title='bbox 1621 1851 1719 1886; x_wconf 88' lang='lat' dir='ltr'>Prin-</span> 
     </span>
     <span class='ocr_line' id='line_1_27' title="bbox 184 1910 1720 1958; baseline 0 -11"><span class='ocrx_word' id='word_1_232' title='bbox 184 1912 276 1958; x_wconf 86' lang='lat' dir='ltr'>cipes</span> <span class='ocrx_word' id='word_1_233' title='bbox 301 1914 367 1947; x_wconf 82' lang='lat' dir='ltr'>iam</span> <span class='ocrx_word' id='word_1_234' title='bbox 392 1911 427 1947; x_wconf 86' lang='lat' dir='ltr'>in</span> <span class='ocrx_word' id='word_1_235' title='bbox 453 1911 602 1958; x_wconf 88' lang='lat' dir='ltr'>Imperio</span> <span class='ocrx_word' id='word_1_236' title='bbox 628 1910 872 1946; x_wconf 80' lang='lat' dir='ltr'>haberemus!”</span> <span class='ocrx_word' id='word_1_237' title='bbox 906 1911 978 1947; x_wconf 91' lang='lat' dir='ltr'>Ubi</span> <span class='ocrx_word' id='word_1_238' title='bbox 1003 1923 1084 1946; x_wconf 88' lang='lat' dir='ltr'>vero</span> <span class='ocrx_word' id='word_1_239' title='bbox 1109 1910 1187 1946; x_wconf 87' lang='lat' dir='ltr'>illas</span> <span class='ocrx_word' id='word_1_240' title='bbox 1214 1912 1355 1958; x_wconf 83' lang='lat' dir='ltr'>legisset</span> <span class='ocrx_word' id='word_1_241' title='bbox 1379 1916 1414 1946; x_wconf 91' lang='lat' dir='ltr'>et</span> <span class='ocrx_word' id='word_1_242' title='bbox 1438 1923 1501 1958; x_wconf 88' lang='lat' dir='ltr'>ego</span> <span class='ocrx_word' id='word_1_243' title='bbox 1527 1912 1577 1948; x_wconf 88' lang='lat' dir='ltr'>illi</span> <span class='ocrx_word' id='word_1_244' title='bbox 1602 1923 1720 1948; x_wconf 87' lang='lat' dir='ltr'>omnes</span> 
     </span>
     <span class='ocr_line' id='line_1_28' title="bbox 184 1971 1722 2019; baseline 0.001 -11"><span class='ocrx_word' id='word_1_245' title='bbox 184 1973 322 2009; x_wconf 84' lang='lat' dir='ltr'>consilii</span> <span class='ocrx_word' id='word_1_246' title='bbox 345 1974 412 2008; x_wconf 87' lang='lat' dir='ltr'>mei</span> <span class='ocrx_word' id='word_1_247' title='bbox 437 1973 586 2008; x_wconf 86' lang='lat' dir='ltr'>rationes</span> <span class='ocrx_word' id='word_1_248' title='bbox 611 1972 855 2019; x_wconf 82' lang='lat' dir='ltr'>exposuissem,</span> <span class='ocrx_word' id='word_1_249' title='bbox 883 1971 1024 2007; x_wconf 58' lang='lat' dir='ltr'>:Nihiw</span> <span class='ocrx_word' id='word_1_250' title='bbox 1048 1972 1161 2019; x_wconf 86' lang='lat' dir='ltr'>inquit</span> <span class='ocrx_word' id='word_1_251' title='bbox 1187 1972 1290 2007; x_wconf 75' lang='lat' dir='ltr'>umihi</span> <span class='ocrx_word' id='word_1_252' title='bbox 1311 1972 1495 2008; x_wconf 84' lang='lat' dir='ltr'>iucundius</span> <span class='ocrx_word' id='word_1_253' title='bbox 1514 1985 1588 2008; x_wconf 86' lang='lat' dir='ltr'>esse</span> <span class='ocrx_word' id='word_1_254' title='bbox 1604 1976 1722 2019; x_wconf 83' lang='lat' dir='ltr'>posset</span> 
     </span>
     <span class='ocr_line' id='line_1_29' title="bbox 186 2032 1716 2079; baseline 0.001 -11"><span class='ocrx_word' id='word_1_255' title='bbox 186 2046 260 2069; x_wconf 87' lang='lat' dir='ltr'>mea</span> <span class='ocrx_word' id='word_1_256' title='bbox 286 2039 399 2068; x_wconf 87' lang='lat' dir='ltr'>tecum</span> <span class='ocrx_word' id='word_1_257' title='bbox 425 2033 469 2069; x_wconf 86' lang='lat' dir='ltr'>ad</span> <span class='ocrx_word' id='word_1_258' title='bbox 497 2033 690 2079; x_wconf 87' lang='lat' dir='ltr'>Principem</span> <span class='ocrx_word' id='word_1_259' title='bbox 716 2038 872 2068; x_wconf 84' lang='lat' dir='ltr'>nostrum</span> <span class='ocrx_word' id='word_1_260' title='bbox 899 2032 1096 2068; x_wconf 86' lang='lat' dir='ltr'>Electorem</span> <span class='ocrx_word' id='word_1_261' title='bbox 1114 2033 1339 2078; x_wconf 82' lang='lat' dir='ltr'>profectione,</span> <span class='ocrx_word' id='word_1_262' title='bbox 1362 2033 1391 2068; x_wconf 88' lang='lat' dir='ltr'>si</span> <span class='ocrx_word' id='word_1_263' title='bbox 1409 2033 1541 2068; x_wconf 78' lang='lat' dir='ltr'>itineris</span> <span class='ocrx_word' id='word_1_264' title='bbox 1560 2032 1604 2068; x_wconf 86' lang='lat' dir='ltr'>ad</span> <span class='ocrx_word' id='word_1_265' title='bbox 1620 2033 1716 2069; x_wconf 91' lang='lat' dir='ltr'>illum</span> 
     </span>
     <span class='ocr_line' id='line_1_30' title="bbox 187 2094 1720 2141; baseline 0 -11"><span class='ocrx_word' id='word_1_266' title='bbox 187 2101 222 2130; x_wconf 86' lang='lat' dir='ltr'>et</span> <span class='ocrx_word' id='word_1_267' title='bbox 244 2096 296 2130; x_wconf 85' lang='lat' dir='ltr'>tui</span> <span class='ocrx_word' id='word_1_268' title='bbox 320 2094 422 2130; x_wconf 90' lang='lat' dir='ltr'>simul</span> <span class='ocrx_word' id='word_1_269' title='bbox 449 2101 485 2130; x_wconf 89' lang='lat' dir='ltr'>et</span> <span class='ocrx_word' id='word_1_270' title='bbox 510 2096 576 2130; x_wconf 90' lang='lat' dir='ltr'>mei</span> <span class='ocrx_word' id='word_1_271' title='bbox 612 2094 886 2141; x_wconf 84' lang='lat' dir='ltr'>qualemcunque</span> <span class='ocrx_word' id='word_1_272' title='bbox 911 2094 1034 2130; x_wconf 85' lang='lat' dir='ltr'>saltem</span> <span class='ocrx_word' id='word_1_273' title='bbox 1061 2095 1213 2130; x_wconf 79' lang='lat' dir='ltr'>fructum</span> <span class='ocrx_word' id='word_1_274' title='bbox 1240 2094 1401 2129; x_wconf 84' lang='lat' dir='ltr'>viderem.</span> <span class='ocrx_word' id='word_1_275' title='bbox 1443 2094 1489 2130; x_wconf 78' lang='lat' dir='ltr'>Et</span> <span class='ocrx_word' id='word_1_276' title='bbox 1514 2095 1622 2130; x_wconf 80' lang='lat' dir='ltr'>fateor</span> <span class='ocrx_word' id='word_1_277' title='bbox 1646 2095 1720 2141; x_wconf 88' lang='lat' dir='ltr'>qni-</span> 
     </span>
     <span class='ocr_line' id='line_1_31' title="bbox 187 2154 1719 2202; baseline 0 -12"><span class='ocrx_word' id='word_1_278' title='bbox 187 2154 289 2190; x_wconf 86' lang='lat' dir='ltr'>dem”</span> <span class='ocrx_word' id='word_1_279' title='bbox 314 2156 426 2202; x_wconf 88' lang='lat' dir='ltr'>inquit</span> <span class='ocrx_word' id='word_1_280' title='bbox 451 2167 610 2191; x_wconf 78' lang='lat' dir='ltr'>ucausam</span> <span class='ocrx_word' id='word_1_281' title='bbox 638 2157 743 2202; x_wconf 83' lang='lat' dir='ltr'>ipsam</span> <span class='ocrx_word' id='word_1_282' title='bbox 770 2154 938 2191; x_wconf 89' lang='lat' dir='ltr'>eiusmodi</span> <span class='ocrx_word' id='word_1_283' title='bbox 964 2167 1048 2197; x_wconf 89' lang='lat' dir='ltr'>esse,</span> <span class='ocrx_word' id='word_1_284' title='bbox 1065 2159 1106 2190; x_wconf 88' lang='lat' dir='ltr'>ut</span> <span class='ocrx_word' id='word_1_285' title='bbox 1130 2167 1190 2201; x_wconf 91' lang='lat' dir='ltr'>pro</span> <span class='ocrx_word' id='word_1_286' title='bbox 1212 2167 1251 2190; x_wconf 90' lang='lat' dir='ltr'>ea</span> <span class='ocrx_word' id='word_1_287' title='bbox 1267 2156 1400 2201; x_wconf 81' lang='lat' dir='ltr'>agenda</span> <span class='ocrx_word' id='word_1_288' title='bbox 1419 2156 1719 2202; x_wconf 82' lang='lat' dir='ltr'>promovendaque</span> 
     </span>
     <span class='ocr_line' id='line_1_32' title="bbox 188 2216 1718 2263; baseline -0.001 -12"><span class='ocrx_word' id='word_1_289' title='bbox 188 2216 273 2251; x_wconf 85' lang='lat' dir='ltr'>nihil</span> <span class='ocrx_word' id='word_1_290' title='bbox 298 2216 425 2251; x_wconf 87' lang='lat' dir='ltr'>laboris</span> <span class='ocrx_word' id='word_1_291' title='bbox 449 2220 554 2263; x_wconf 86' lang='lat' dir='ltr'>atque</span> <span class='ocrx_word' id='word_1_292' title='bbox 576 2216 685 2251; x_wconf 86' lang='lat' dir='ltr'>studii</span> <span class='ocrx_word' id='word_1_293' title='bbox 710 2216 1053 2263; x_wconf 82' lang='lat' dir='ltr'>praetermittendum</span> <span class='ocrx_word' id='word_1_294' title='bbox 1079 2222 1182 2258; x_wconf 87' lang='lat' dir='ltr'>esset,</span> <span class='ocrx_word' id='word_1_295' title='bbox 1207 2228 1338 2263; x_wconf 88' lang='lat' dir='ltr'>egoque</span> <span class='ocrx_word' id='word_1_296' title='bbox 1363 2220 1498 2262; x_wconf 85' lang='lat' dir='ltr'>meapte</span> <span class='ocrx_word' id='word_1_297' title='bbox 1523 2221 1646 2262; x_wconf 87' lang='lat' dir='ltr'>sponte</span> <span class='ocrx_word' id='word_1_298' title='bbox 1666 2228 1718 2251; x_wconf 92' lang='lat' dir='ltr'>me</span> 
     </span>
     <span class='ocr_line' id='line_1_33' title="bbox 189 2276 1723 2323; baseline 0 -12"><span class='ocrx_word' id='word_1_299' title='bbox 189 2277 253 2312; x_wconf 84' lang='lat' dir='ltr'>tibi</span> <span class='ocrx_word' id='word_1_300' title='bbox 285 2277 507 2323; x_wconf 83' lang='lat' dir='ltr'>adiungerem</span> <span class='ocrx_word' id='word_1_301' title='bbox 534 2278 608 2312; x_wconf 85' lang='lat' dir='ltr'>sine</span> <span class='ocrx_word' id='word_1_302' title='bbox 636 2276 714 2312; x_wconf 84' lang='lat' dir='ltr'>ullis</span> <span class='ocrx_word' id='word_1_303' title='bbox 741 2277 942 2323; x_wconf 87' lang='lat' dir='ltr'>cuiusquam</span> <span class='ocrx_word' id='word_1_304' title='bbox 969 2276 1261 2323; x_wconf 81' lang='lat' dir='ltr'>persuasionibus,</span> <span class='ocrx_word' id='word_1_305' title='bbox 1287 2276 1412 2312; x_wconf 84' lang='lat' dir='ltr'>nedum</span> <span class='ocrx_word' id='word_1_306' title='bbox 1439 2277 1528 2312; x_wconf 83' lang='lat' dir='ltr'>tanti</span> <span class='ocrx_word' id='word_1_307' title='bbox 1553 2276 1723 2323; x_wconf 87' lang='lat' dir='ltr'>Principis</span> 
     </span>
     <span class='ocr_line' id='line_1_34' title="bbox 192 2337 1724 2385; baseline -0.001 -11"><span class='ocrx_word' id='word_1_308' title='bbox 192 2338 437 2385; x_wconf 82' lang='lat' dir='ltr'>postulatione.</span> <span class='ocrx_word' id='word_1_309' title='bbox 472 2339 502 2373; x_wconf 90' lang='lat' dir='ltr'>si</span> <span class='ocrx_word' id='word_1_310' title='bbox 537 2339 702 2384; x_wconf 87' lang='lat' dir='ltr'>Princeps</span> <span class='ocrx_word' id='word_1_311' title='bbox 737 2348 889 2374; x_wconf 77' lang='lat' dir='ltr'>nostram</span> <span class='ocrx_word' id='word_1_312' title='bbox 933 2349 1071 2373; x_wconf 84' lang='lat' dir='ltr'>causam</span> <span class='ocrx_word' id='word_1_313' title='bbox 1107 2338 1215 2384; x_wconf 81' lang='lat' dir='ltr'>ipsam</span> <span class='ocrx_word' id='word_1_314' title='bbox 1249 2337 1443 2385; x_wconf 86' lang='lat' dir='ltr'>intelligere</span> <span class='ocrx_word' id='word_1_315' title='bbox 1479 2338 1625 2384; x_wconf 78' lang='lat' dir='ltr'>ipsemet</span> <span class='ocrx_word' id='word_1_316' title='bbox 1648 2338 1724 2373; x_wconf 87' lang='lat' dir='ltr'>ani-</span> 
     </span>
     <span class='ocr_line' id='line_1_35' title="bbox 190 2398 1722 2446; baseline 0 -12"><span class='ocrx_word' id='word_1_317' title='bbox 190 2411 351 2446; x_wconf 90' lang='lat' dir='ltr'>mumque</span> <span class='ocrx_word' id='word_1_318' title='bbox 383 2399 427 2434; x_wconf 85' lang='lat' dir='ltr'>ad</span> <span class='ocrx_word' id='word_1_319' title='bbox 453 2399 546 2435; x_wconf 85' lang='lat' dir='ltr'>illam</span> <span class='ocrx_word' id='word_1_320' title='bbox 571 2411 670 2435; x_wconf 90' lang='lat' dir='ltr'>suum</span> <span class='ocrx_word' id='word_1_321' title='bbox 697 2399 844 2435; x_wconf 85' lang='lat' dir='ltr'>adiicere</span> <span class='ocrx_word' id='word_1_322' title='bbox 871 2399 1008 2434; x_wconf 86' lang='lat' dir='ltr'>vellet.”</span> <span class='ocrx_word' id='word_1_323' title='bbox 1058 2400 1125 2434; x_wconf 86' lang='lat' dir='ltr'>Sed</span> <span class='ocrx_word' id='word_1_324' title='bbox 1151 2411 1187 2434; x_wconf 86' lang='lat' dir='ltr'>se</span> <span class='ocrx_word' id='word_1_325' title='bbox 1211 2399 1298 2434; x_wconf 87' lang='lat' dir='ltr'>adeo</span> <span class='ocrx_word' id='word_1_326' title='bbox 1323 2399 1407 2434; x_wconf 86' lang='lat' dir='ltr'>nihil</span> <span class='ocrx_word' id='word_1_327' title='bbox 1433 2398 1533 2434; x_wconf 88' lang='lat' dir='ltr'>huius</span> <span class='ocrx_word' id='word_1_328' title='bbox 1557 2400 1600 2433; x_wconf 90' lang='lat' dir='ltr'>de</span> <span class='ocrx_word' id='word_1_329' title='bbox 1624 2399 1722 2434; x_wconf 90' lang='lat' dir='ltr'>Prin-</span> 
     </span>
     <span class='ocr_line' id='line_1_36' title="bbox 190 2460 1721 2508; baseline -0.001 -11"><span class='ocrx_word' id='word_1_330' title='bbox 190 2461 265 2507; x_wconf 85' lang='lat' dir='ltr'>cipe</span> <span class='ocrx_word' id='word_1_331' title='bbox 297 2473 363 2496; x_wconf 86' lang='lat' dir='ltr'>suo</span> <span class='ocrx_word' id='word_1_332' title='bbox 395 2473 542 2507; x_wconf 86' lang='lat' dir='ltr'>sperare,</span> <span class='ocrx_word' id='word_1_333' title='bbox 578 2465 616 2496; x_wconf 80' lang='lat' dir='ltr'>ut·</span> <span class='ocrx_word' id='word_1_334' title='bbox 641 2461 774 2496; x_wconf 85' lang='lat' dir='ltr'>etiamsi</span> <span class='ocrx_word' id='word_1_335' title='bbox 799 2461 881 2508; x_wconf 88' lang='lat' dir='ltr'>quid</span> <span class='ocrx_word' id='word_1_336' title='bbox 905 2460 947 2496; x_wconf 92' lang='lat' dir='ltr'>de</span> <span class='ocrx_word' id='word_1_337' title='bbox 982 2460 1143 2507; x_wconf 87' lang='lat' dir='ltr'>Principe</span> <span class='ocrx_word' id='word_1_338' title='bbox 1168 2461 1245 2507; x_wconf 87' lang='lat' dir='ltr'>ipso</span> <span class='ocrx_word' id='word_1_339' title='bbox 1268 2461 1398 2508; x_wconf 87' lang='lat' dir='ltr'>sperari</span> <span class='ocrx_word' id='word_1_340' title='bbox 1422 2465 1550 2508; x_wconf 88' lang='lat' dir='ltr'>posset,</span> <span class='ocrx_word' id='word_1_341' title='bbox 1578 2462 1662 2496; x_wconf 88' lang='lat' dir='ltr'>alios</span> <span class='ocrx_word' id='word_1_342' title='bbox 1687 2461 1721 2497; x_wconf 91' lang='lat' dir='ltr'>id</span> 
     </span>
     <span class='ocr_line' id='line_1_37' title="bbox 191 2521 1721 2568; baseline 0 -12"><span class='ocrx_word' id='word_1_343' title='bbox 191 2525 305 2556; x_wconf 85' lang='lat' dir='ltr'>tamen</span> <span class='ocrx_word' id='word_1_344' title='bbox 331 2533 494 2568; x_wconf 89' lang='lat' dir='ltr'>passuros</span> <span class='ocrx_word' id='word_1_345' title='bbox 520 2533 588 2556; x_wconf 90' lang='lat' dir='ltr'>non</span> <span class='ocrx_word' id='word_1_346' title='bbox 613 2533 688 2557; x_wconf 92' lang='lat' dir='ltr'>esse</span> <span class='ocrx_word' id='word_1_347' title='bbox 714 2523 754 2565; x_wconf 82' lang='lat'>¹),</span> <span class='ocrx_word' id='word_1_348' title='bbox 781 2526 820 2556; x_wconf 84' lang='lat' dir='ltr'>ut</span> <span class='ocrx_word' id='word_1_349' title='bbox 846 2521 917 2556; x_wconf 89' lang='lat' dir='ltr'>ullo</span> <span class='ocrx_word' id='word_1_350' title='bbox 942 2521 1044 2556; x_wconf 90' lang='lat' dir='ltr'>modo</span> <span class='ocrx_word' id='word_1_351' title='bbox 1068 2533 1189 2558; x_wconf 86' lang='lat' dir='ltr'>causae</span> <span class='ocrx_word' id='word_1_352' title='bbox 1214 2527 1352 2557; x_wconf 86' lang='lat' dir='ltr'>nostrae</span> <span class='ocrx_word' id='word_1_353' title='bbox 1378 2522 1632 2563; x_wconf 83' lang='lat' dir='ltr'>tractationem,</span> <span class='ocrx_word' id='word_1_354' title='bbox 1660 2534 1721 2557; x_wconf 82' lang='lat' dir='ltr'>no-</span> 
     </span>
     <span class='ocr_line' id='line_1_38' title="bbox 191 2581 1723 2631; baseline 0.001 -14"><span class='ocrx_word' id='word_1_355' title='bbox 191 2582 320 2617; x_wconf 89' lang='lat' dir='ltr'>biscum</span> <span class='ocrx_word' id='word_1_356' title='bbox 348 2583 558 2630; x_wconf 85' lang='lat' dir='ltr'>praesertim,</span> <span class='ocrx_word' id='word_1_357' title='bbox 583 2584 617 2618; x_wconf 89' lang='lat' dir='ltr'>in</span> <span class='ocrx_word' id='word_1_358' title='bbox 643 2595 679 2618; x_wconf 90' lang='lat' dir='ltr'>se</span> <span class='ocrx_word' id='word_1_359' title='bbox 705 2583 858 2629; x_wconf 87' lang='lat' dir='ltr'>recipiat,</span> <span class='ocrx_word' id='word_1_360' title='bbox 884 2583 1029 2631; x_wconf 86' lang='lat' dir='ltr'>plusque</span> <span class='ocrx_word' id='word_1_361' title='bbox 1058 2583 1166 2618; x_wconf 88' lang='lat' dir='ltr'>multo</span> <span class='ocrx_word' id='word_1_362' title='bbox 1192 2583 1392 2618; x_wconf 79' lang='lat' dir='ltr'>nocumenti</span> <span class='ocrx_word' id='word_1_363' title='bbox 1416 2595 1517 2630; x_wconf 85' lang='lat' dir='ltr'>quam</span> <span class='ocrx_word' id='word_1_364' title='bbox 1535 2581 1723 2618; x_wconf 82' lang='lat' dir='ltr'>adiumenti</span> 
     </span>
     <span class='ocr_line' id='line_1_39' title="bbox 191 2643 1719 2690; baseline 0 -12"><span class='ocrx_word' id='word_1_365' title='bbox 191 2643 377 2678; x_wconf 83' lang='lat' dir='ltr'>allaturum</span> <span class='ocrx_word' id='word_1_366' title='bbox 402 2655 476 2678; x_wconf 90' lang='lat' dir='ltr'>esse</span> <span class='ocrx_word' id='word_1_367' title='bbox 502 2647 575 2678; x_wconf 84' lang='lat' dir='ltr'>tum</span> <span class='ocrx_word' id='word_1_368' title='bbox 601 2656 714 2679; x_wconf 88' lang='lat' dir='ltr'>meum</span> <span class='ocrx_word' id='word_1_369' title='bbox 739 2647 813 2679; x_wconf 91' lang='lat' dir='ltr'>tum</span> <span class='ocrx_word' id='word_1_370' title='bbox 838 2657 937 2679; x_wconf 89' lang='lat' dir='ltr'>suum</span> <span class='ocrx_word' id='word_1_371' title='bbox 962 2645 1063 2679; x_wconf 74' lang='lat' dir='ltr'>etiam</span> <span class='ocrx_word' id='word_1_372' title='bbox 1091 2656 1167 2679; x_wconf 90' lang='lat' dir='ltr'>cum</span> <span class='ocrx_word' id='word_1_373' title='bbox 1196 2643 1358 2690; x_wconf 87' lang='lat' dir='ltr'>Principe</span> <span class='ocrx_word' id='word_1_374' title='bbox 1383 2656 1447 2679; x_wconf 88' lang='lat' dir='ltr'>suo</span> <span class='ocrx_word' id='word_1_375' title='bbox 1472 2643 1506 2678; x_wconf 91' lang='lat' dir='ltr'>in</span> <span class='ocrx_word' id='word_1_376' title='bbox 1532 2654 1634 2678; x_wconf 82' lang='lat' dir='ltr'>causa</span> <span class='ocrx_word' id='word_1_377' title='bbox 1661 2655 1719 2678; x_wconf 90' lang='lat' dir='ltr'>no·</span> 
     </span>
     <span class='ocr_line' id='line_1_40' title="bbox 192 2704 1721 2751; baseline 0.001 -13"><span class='ocrx_word' id='word_1_378' title='bbox 192 2710 264 2739; x_wconf 85' lang='lat' dir='ltr'>stra</span> <span class='ocrx_word' id='word_1_379' title='bbox 296 2704 504 2750; x_wconf 88' lang='lat' dir='ltr'>colloquium</span> <span class='ocrx_word' id='word_1_380' title='bbox 531 2706 682 2741; x_wconf 84' lang='lat' dir='ltr'>omnino.</span> <span class='ocrx_word' id='word_1_381' title='bbox 733 2706 787 2741; x_wconf 91' lang='lat' dir='ltr'>Ac</span> <span class='ocrx_word' id='word_1_382' title='bbox 813 2705 954 2751; x_wconf 83' lang='lat' dir='ltr'>proinde</span> <span class='ocrx_word' id='word_1_383' title='bbox 980 2717 1049 2740; x_wconf 90' lang='lat' dir='ltr'>non</span> <span class='ocrx_word' id='word_1_384' title='bbox 1075 2705 1177 2740; x_wconf 91' lang='lat' dir='ltr'>modo</span> <span class='ocrx_word' id='word_1_385' title='bbox 1202 2705 1266 2740; x_wconf 89' lang='lat' dir='ltr'>sibi</span> <span class='ocrx_word' id='word_1_386' title='bbox 1291 2704 1501 2746; x_wconf 72' lang='lat' dir='ltr'>non-videri,</span> <span class='ocrx_word' id='word_1_387' title='bbox 1522 2710 1564 2738; x_wconf 85' lang='lat' dir='ltr'>ut</span> <span class='ocrx_word' id='word_1_388' title='bbox 1589 2715 1721 2739; x_wconf 87' lang='lat' dir='ltr'>mecum</span> 
     </span>
     <span class='ocr_line' id='line_1_41' title="bbox 194 2764 1720 2810; baseline 0.001 -12"><span class='ocrx_word' id='word_1_389' title='bbox 194 2764 444 2810; x_wconf 84' lang='lat' dir='ltr'>proficiscatur.</span> <span class='ocrx_word' id='word_1_390' title='bbox 479 2764 537 2799; x_wconf 85' lang='lat' dir='ltr'>sed</span> <span class='ocrx_word' id='word_1_391' title='bbox 564 2777 600 2800; x_wconf 90' lang='lat' dir='ltr'>se</span> <span class='ocrx_word' id='word_1_392' title='bbox 627 2766 735 2800; x_wconf 88' lang='lat' dir='ltr'>modis</span> <span class='ocrx_word' id='word_1_393' title='bbox 769 2765 927 2801; x_wconf 89' lang='lat' dir='ltr'>omnibus</span> <span class='ocrx_word' id='word_1_394' title='bbox 965 2767 1068 2801; x_wconf 75' lang='lat' dir='ltr'>etiam</span> <span class='ocrx_word' id='word_1_395' title='bbox 1105 2766 1314 2805; x_wconf 79' lang='lat' dir='ltr'>dissuadere,</span> <span class='ocrx_word' id='word_1_396' title='bbox 1348 2778 1390 2800; x_wconf 89' lang='lat' dir='ltr'>ne</span> <span class='ocrx_word' id='word_1_397' title='bbox 1423 2776 1488 2809; x_wconf 80' lang='lat' dir='ltr'>ego</span> <span class='ocrx_word' id='word_1_398' title='bbox 1515 2764 1587 2810; x_wconf 90' lang='lat' dir='ltr'>ipse</span> <span class='ocrx_word' id='word_1_399' title='bbox 1614 2765 1720 2800; x_wconf 89' lang='lat' dir='ltr'>ullum</span> 
     </span>
     <span class='ocr_line' id='line_1_42' title="bbox 194 2824 1725 2874; baseline -0.002 -12"><span class='ocrx_word' id='word_1_400' title='bbox 194 2826 334 2862; x_wconf 86' lang='lat' dir='ltr'>omnino</span> <span class='ocrx_word' id='word_1_401' title='bbox 371 2829 527 2872; x_wconf 77' lang='lat' dir='ltr'>expetam</span> <span class='ocrx_word' id='word_1_402' title='bbox 569 2826 740 2874; x_wconf 86' lang='lat' dir='ltr'>Principis</span> <span class='ocrx_word' id='word_1_403' title='bbox 776 2827 831 2861; x_wconf 88' lang='lat' dir='ltr'>sui</span> <span class='ocrx_word' id='word_1_404' title='bbox 861 2826 1082 2873; x_wconf 85' lang='lat' dir='ltr'>colloquium.</span> <span class='ocrx_word' id='word_1_405' title='bbox 1132 2826 1186 2862; x_wconf 85' lang='lat' dir='ltr'>Ibi</span> <span class='ocrx_word' id='word_1_406' title='bbox 1220 2840 1284 2872; x_wconf 78' lang='lat' dir='ltr'>ego</span> <span class='ocrx_word' id='word_1_407' title='bbox 1323 2825 1365 2861; x_wconf 86' lang='lat' dir='ltr'>dc</span> <span class='ocrx_word' id='word_1_408' title='bbox 1392 2829 1471 2860; x_wconf 82' lang='lat' dir='ltr'>tuae</span> <span class='ocrx_word' id='word_1_409' title='bbox 1498 2824 1725 2860; x_wconf 80' lang='lat' dir='ltr'>Celsitudinis</span> 
     </span>
     <span class='ocr_line' id='line_1_43' title="bbox 194 2885 1725 2935; baseline -0.003 -9"><span class='ocrx_word' id='word_1_410' title='bbox 194 2886 302 2926; x_wconf 82' lang='lat' dir='ltr'>literis</span> <span class='ocrx_word' id='word_1_411' title='bbox 356 2887 436 2924; x_wconf 85' lang='lat' dir='ltr'>mihi</span> <span class='ocrx_word' id='word_1_412' title='bbox 464 2887 505 2923; x_wconf 85' lang='lat' dir='ltr'>ad</span> <span class='ocrx_word' id='word_1_413' title='bbox 533 2887 726 2935; x_wconf 82' lang='lat' dir='ltr'>Principem</span> <span class='ocrx_word' id='word_1_414' title='bbox 756 2888 945 2924; x_wconf 76' lang='lat' dir='ltr'>Elector-em</span> <span class='ocrx_word' id='word_1_415' title='bbox 973 2887 1076 2929; x_wconf 75' lang='lat' dir='ltr'>daus,</span> <span class='ocrx_word' id='word_1_416' title='bbox 1111 2887 1160 2923; x_wconf 87' lang='lat' dir='ltr'>illi</span> <span class='ocrx_word' id='word_1_417' title='bbox 1195 2888 1350 2934; x_wconf 78' lang='lat' dir='ltr'>exposui,</span> <span class='ocrx_word' id='word_1_418' title='bbox 1377 2897 1461 2932; x_wconf 81' lang='lat' dir='ltr'>quas</span> <span class='ocrx_word' id='word_1_419' title='bbox 1487 2886 1605 2934; x_wconf 81' lang='lat' dir='ltr'>utique</span> <span class='ocrx_word' id='word_1_420' title='bbox 1632 2885 1725 2921; x_wconf 79' lang='lat' dir='ltr'>reddi</span> 
     </span>
    </p>
   </div>
  </div>
 </body>
</html>
