1830 3147
1568 116 1640 152 103

104 225 279 263 adversus
314 233 432 263 sectas
466 238 607 272 omnes,
642 225 779 276 quibus
816 237 916 262 nuuc
953 231 1039 262 sunt
1075 225 1150 263 fere
1186 226 1293 276 plena
1331 224 1468 276 ubique
1498 226 1637 269 omnia,

105 294 216 341 atque
243 290 431 329 unanimis
458 290 497 327 in
523 294 602 328 tota
633 290 936 339 Ec-(llO)clesia
966 289 1159 327 doctrinae
1189 303 1391 328 consensus
1420 290 1612 329 retinetur.

156 356 300 394 Deinde
348 355 533 393 Ministris
577 356 680 393 verbi
717 355 904 393 excutitur
938 359 1066 406 torpor
1105 360 1215 406 atque
1252 356 1382 394 otium.
1438 356 1638 404 Coguntur

104 433 247 458 summo
284 419 405 458 studio
452 420 667 470 advigilare,
702 424 741 458 ut
777 420 816 458 in
852 419 1033 457 tradenda
1071 419 1242 458 doctrina
1278 420 1436 458 fideliter
1470 420 1635 471 prudeu-

103 488 158 522 ter
204 488 240 522 et
284 497 417 533 magua
464 485 794 536 circumspectione
833 485 1043 522 ministerio
1081 498 1146 522 suo
1184 486 1402 535 fungantur,
1446 499 1492 523 ne
1545 486 1635 538 quid

103 553 239 587 temere
267 549 437 587 videlicet
465 549 562 601 apud
591 549 798 588 Ecclesiam
834 548 1009 587 effutiisse
1036 562 1208 600 novaque
1236 551 1310 587 ulla
1340 551 1512 599 dogmata
1530 564 1636 602 prae-

105 603 298 667 cipitanter
332 616 373 653 in
408 616 571 654 medium
608 617 809 667 protulisse
846 615 963 653 videri
1005 616 1163 666 possint.
1219 616 1408 653 Nimirum
1457 629 1528 654 vox
1574 616 1639 653 illa

105 682 163 732 Ap
191 681 323 719 stolica
363 681 402 718 in
441 681 560 718 officio
596 681 680 719 illos
727 681 914 719 continet:
970 680 1115 718 Caeteri
1162 680 1380 724 diiudicent,
1417 685 1452 719 et
1497 681 1639 732 alioqui

102 745 180 783 inte
211 745 318 795 igunt
344 746 458 784 etiam
484 746 524 784 in
551 746 619 784 tali
647 746 839 784 doctrinae
867 745 1142 783 examinatione
1171 745 1334 797 Spiritus
1370 745 1640 796 Prophetarum

102 811 186 848 aliis
214 811 410 862 Prophetis
438 811 626 849 subiectos
653 824 732 849 esse
760 814 930 862 oportere
956 812 996 859 ¹).
1027 811 1220 848 Praeterea
1251 809 1370 857 multi,
1397 824 1461 861 per
1488 811 1642 861 imperi-

104 876 193 913 tiam
230 876 321 913 alias
354 876 402 914 ad
438 880 556 914 sectas
591 876 779 927 pertracti,
816 876 925 913 facile
960 876 1163 914 lucrifiunt.
1219 876 1312 912 Cum
1350 875 1448 913 cuim
1477 875 1639 913 rationes

104 940 346 978 sectariorum
384 941 584 985 confutari,
616 942 728 992 idque
767 941 848 978 sine
888 940 1076 986 convitiis,
1112 944 1147 979 et
1176 954 1304 978 sanam
1332 945 1522 992 praetcrea
1551 941 1642 978 (1000

103 1006 243 1044 trinam
269 1005 470 1057 approbari
498 1005 655 1044 audiunt
691 1018 735 1044 cx
773 1007 885 1043 verbo
914 1006 996 1052 Dei,
1024 1006 1133 1044 facile
1161 1006 1207 1044 ad
1232 1006 1512 1056 agnoscendum
1541 1019 1643 1044 erro-

103 1084 182 1108 rem
218 1084 325 1109 suum
352 1074 389 1108 et
422 1083 546 1108 veram
581 1069 877 1121 resipiscentiam
903 1070 1145 1117 inducuntur,
1174 1071 1210 1107 id
1240 1071 1342 1122 quod
1369 1071 1444 1108 iam
1471 1071 1642 1122 pluribus

106 1135 284 1186 exemplis
320 1135 462 1186 experti
499 1148 637 1173 sumus.
692 1135 752 1172 Ad
781 1135 873 1173 hacc
901 1135 1074 1173 Seniores
1103 1135 1294 1173 Ecclesiae
1321 1149 1400 1173 sese
1427 1136 1537 1173 etiam
1566 1149 1642 1173 non

105 1200 308 1250 vulgariter
343 1204 515 1237 exercent
556 1200 596 1237 in
633 1200 903 1250 scripturarum
939 1200 1199 1251 explicatione.
1256 1201 1295 1237 Si
1340 1201 1404 1251 qui
1441 1200 1540 1238 enim
1569 1201 1643 1238 loci

103 1269 317 1311 occurrant,
343 1264 409 1315 qui
436 1264 575 1302 variam
605 1264 805 1303 admittant
832 1265 1119 1316 expositionem,
1145 1265 1302 1316 quisque
1331 1265 1528 1303 Seniorum
1555 1278 1643 1316 pro-

105 1330 201 1368 ferre
242 1333 365 1381 potest
402 1342 519 1375 suam,
554 1343 667 1381 quam
704 1330 777 1367 sibi
815 1331 927 1368 habet
963 1331 1176 1375 revelatam,
1223 1331 1644 1382 ex-(lll)positioue1n,

105 1408 183 1433 non
218 1394 298 1433 sine
330 1408 466 1444 magna
501 1395 692 1433 Ecclesiae
728 1395 1000 1435 aedificatione.
1053 1397 1248 1434 Postremo
1285 1397 1506 1448 praefractis
1534 1401 1644 1447 atque

106 1460 305 1498 obstinatis
332 1460 555 1499 adversariis
583 1464 619 1499 et
647 1461 756 1499 sectis
785 1461 961 1500 omnibus
991 1461 1201 1500 obstruitur
1221 1475 1262 1499 os
1292 1462 1363 1499 hoc
1390 1462 1457 1499 tali
1478 1462 1644 1513 Prophe-

104 1525 177 1563 tiae
211 1539 356 1575 genere,
395 1526 484 1564 dum
518 1526 591 1563 sibi
627 1540 775 1564 omnem
813 1527 1093 1565 excusationem
1129 1528 1221 1578 eripi
1262 1527 1402 1571 vident,
1430 1540 1513 1564 cum
1543 1527 1643 1578 apud

104 1591 239 1637 Deum,
271 1595 351 1629 tum
379 1591 475 1642 apud
505 1591 687 1636 homiues,
715 1592 940 1643 pertinaciae
968 1605 1056 1630 suae
1084 1596 1195 1643 atque
1223 1592 1504 1630 obstinationis.
1561 1592 1642 1629 Ne-

101 1671 190 1706 gare
218 1656 316 1694 enim
345 1669 422 1694 non
449 1661 619 1708 possunt,
646 1657 856 1695 libertatem
885 1670 964 1694 esse
991 1657 1227 1708 proponendi
1258 1656 1407 1708 publice
1426 1663 1646 1706 argumenta

102 1722 270 1774 ipsorum
308 1721 433 1759 omnia
468 1735 537 1778 per*
570 1721 785 1771 designatos
820 1722 906 1759 illos
946 1721 1044 1759 viros
1079 1735 1147 1773 pro
1183 1735 1227 1760 eo
1255 1735 1298 1759 ac
1325 1721 1474 1772 ipsimet
1504 1722 1646 1766 volunt.

106 1786 218 1825 modo
255 1800 301 1824 ne
335 1786 466 1824 turbas
504 1786 542 1824 in
573 1786 741 1824 Ecclesia
770 1791 955 1831 moveant,
993 1787 1057 1825 sed
1094 1787 1226 1828 orffine
1254 1792 1290 1825 et
1318 1787 1490 1825 (lecenter
1517 1788 1644 1826 omnia

106 1854 211 1898 fiant,
243 1865 285 1889 ac
314 1851 447 1890 deinde
473 1852 628 1889 refutari
656 1852 793 1898 omnia,
820 1851 939 1890 donec
966 1852 1038 1890 toti
1065 1852 1256 1890 Ecclesiae
1285 1852 1406 1890 modis
1434 1853 1544 1903 plane
1562 1866 1643 1891 orn-

104 1917 218 1956 nibus
254 1916 410 1954 satisfiat
444 1917 597 1968 ipsaque
631 1916 669 1953 id
708 1930 774 1954 suo
814 1917 963 1955 silentio
992 1917 1140 1968 publice
1167 1921 1374 1955 attestetur.
1414 1917 1485 1955 Sed
1515 1931 1644 1968 quem-

105 1980 309 2019 admodum
337 1981 508 2019 Christus
536 1981 600 2026 ait,
628 1994 756 2019 omnes
784 1981 849 2032 qui
876 1981 973 2019 male
1002 1981 1074 2019 sibi
1103 1985 1189 2019 sunt
1218 1981 1373 2026 conscii,
1400 1982 1519 2019 lucem
1550 1982 1646 2020 ferre

106 2059 182 2084 non
209 2059 318 2097 posse
345 2044 512 2096 adeoque
539 2050 575 2083 et
602 2046 783 2094 refugere,
811 2045 970 2096 denique
997 2048 1033 2083 et
1063 2045 1186 2083 odisse
1205 2047 1249 2093 ς-’),
1277 2045 1329 2082 ita
1358 2058 1446 2083 sane
1465 2053 1501 2083 et
1519 2045 1582 2083 isti
1597 2045 1643 2083 ad

102 2111 216 2149 talem
262 2109 557 2160 disputationum
603 2114 638 2147 et
673 2110 894 2160 Prophetiae
931 2110 1052 2148 lucem
1089 2110 1240 2161 prodire
1277 2114 1463 2155 recusant,
1501 2110 1565 2147 sed
1601 2110 1641 2148 in

104 2175 251 2226 angulis
279 2175 428 2213 iuterim
457 2175 533 2212 suis
561 2174 755 2212 traducere
783 2188 859 2217 non
888 2180 1034 2213 cessant
1061 2179 1228 2213 nostram
1257 2175 1464 2213 Ecclesiam
1485 2176 1644 2220 et,lucis

105 2241 192 2278 odio
234 2239 434 2284 excaecati,
471 2239 650 2277 damnant
686 2239 850 2285 tandem,
889 2239 990 2290 quod
1028 2240 1068 2277 in
1107 2253 1171 2277 sua
1208 2240 1376 2291 ipsorum
1415 2240 1644 2277 conscientia

105 2305 381 2345 convincuntur
416 2305 583 2343 accusari
621 2318 701 2342 eam
738 2304 1028 2356 haudquaquam
1065 2318 1186 2356 posse,
1221 2309 1333 2356 atque
1368 2305 1418 2343 ita
1449 2304 1493 2342 ad
1522 2310 1644 2343 extre-

105 2385 208 2410 mum
236 2373 574 2419 αὖτοκκτκκρίτοι
606 2382 689 2406 cum
718 2369 805 2414 sint,
831 2369 870 2406 in
900 2374 1063 2407 mentem
1096 2369 1293 2421 reprobam
1321 2370 1419 2408 iusto
1449 2370 1518 2408 Dei
1545 2370 1644 2408 iudi-

108 2437 164 2474 cio
191 2435 524 2484 t1·adun-(1I2)tur
552 2432 597 2482 ³).

157 2500 276 2538 Hisce
302 2500 428 2550 itaque
457 2499 576 2536 causis
604 2498 758 2536 adducti
782 2498 882 2536 hunc
909 2498 1022 2536 talem
1051 2499 1272 2550 Prophetiae
1299 2498 1452 2537 modum
1480 2499 1519 2538 in
1548 2501 1643 2538 Ger-

108 2579 302 2604 manorum
331 2564 500 2602 Ecclesia
526 2563 799 2601 instituendum
829 2564 888 2601 hic
917 2577 996 2602 esse
1022 2565 1246 2615 putavimus,
1273 2564 1374 2616 quod
1404 2565 1491 2603 huic
1513 2565 1643 2603 Eccle-

106 2629 182 2667 siae
208 2628 369 2666 maxime
397 2632 431 2665 et
459 2627 560 2665 utilis
590 2631 624 2664 et
652 2627 883 2665 necessarius
910 2641 989 2665 esse
1018 2628 1217 2666 videretur.

157 2691 227 2729 Est
262 2695 385 2730 autem
421 2696 457 2728 et
492 2690 564 2727 alia
600 2689 821 2741 Prophetiae
855 2690 962 2735 ratio.
998 2690 1039 2728 in
1076 2704 1149 2742 qua
1187 2691 1281 2729 liber
1309 2691 1445 2743 aliquis
1473 2691 1643 2729 Biblicus

107 2756 236 2795 ordine
265 2769 330 2794 suo
360 2755 604 2807 explicandus
633 2755 805 2800 sumitur,
832 2768 908 2793 non
937 2759 1085 2794 tautum
1114 2769 1177 2807 per
1207 2756 1311 2794 verbi
1340 2756 1551 2801 Minuta-os,
1581 2757 1643 2796 scd

152 2885 177 2925 ¹)
203 2884 220 2916 1
244 2883 317 2918 Cor.
341 2884 391 2917 14.
518 2884 545 2924 Ξ)
569 2883 659 2916 Ioan.
682 2883 711 2917 3.
841 2884 867 2925 ³)
892 2884 911 2916 2
934 2883 1017 2917 Tim.
1041 2884 1070 2917 2.
1115 2884 1224 2916 Titum
1247 2884 1277 2917 3.
