1830 3147
207 139 280 176 115

212 250 319 289 nicae
342 262 454 289 usum
481 248 702 290 habeantur.
748 250 833 288 Imo
862 263 948 289 vero
979 263 1064 289 cum
1091 251 1308 302 Augustino
1336 250 1535 302 indignum
1563 264 1642 291 esse
1670 255 1746 291 sta-

213 317 367 361 tuimus,
395 320 434 354 ut
461 318 612 367 propter
638 328 693 362 ea,
721 329 814 367 quae
843 330 913 354 nos
941 316 1020 354 Deo
1050 330 1172 368 neque
1199 317 1403 367 digniores,
1431 331 1552 369 neque
1579 317 1749 368 indigni-

214 394 296 420 ores
331 385 489 433 possunt
525 381 659 428 facere,
694 381 759 419 alii
795 381 889 420 alios
916 383 974 420 vel
1004 386 1287 421 contemnamus
1314 383 1373 421 vel
1400 382 1620 422 iudicemus.
1675 382 1748 420 Sed

212 460 317 484 suam
345 446 525 484 Ecelesiis
553 446 623 484 hac
649 446 687 484 in
716 451 820 498 parte
848 447 1058 485 libertatem
1086 448 1349 499 permittimus,
1377 452 1412 486 et
1439 452 1608 486 nostram
1637 447 1748 485 nobis

213 512 323 550 etiam
361 511 526 563 permitti
561 515 754 563 optamus,
796 526 880 550 cum
918 512 966 551 sit
1002 512 1113 551 nobis
1150 514 1365 564 praesertim
1396 526 1572 551 concessa
1599 512 1751 564 publica

214 577 460 627 Magistratus
488 577 700 624 autoritate,
736 582 772 616 et
799 591 960 624 oramus,
999 581 1037 616 ut
1065 591 1134 616 nos
1162 578 1322 616 invicem
1349 578 1390 616 in
1419 578 1631 616 Christiana
1661 577 1750 615 eha-

212 642 322 680 ritate
357 646 393 680 et
423 642 629 680 tolerantia
668 643 910 694 perferamus.
965 643 1026 680 Ne
1054 647 1179 681 tamen
1208 643 1350 694 aliquid
1377 647 1515 681 temere
1543 643 1604 680 hic
1631 642 1751 692 egisse

215 708 419 755 videamur,
445 708 642 746 reddemus
670 722 798 746 eorum
824 709 1008 747 rationem
1035 708 1177 760 paucis,
1204 709 1340 760 quibus
1369 709 1542 747 nonnulli
1568 710 1665 747 forte
1693 708 1751 746 of-

216 773 320 812 fendi
346 777 537 825 utcunque
565 787 674 824 posse
701 773 888 812 videntur.

269 838 415 885 Vestes,
451 838 604 876 dubium
642 839 869 889 mysticasne
905 838 1026 889 magis
1063 853 1110 877 an
1147 851 1233 877 vero
1268 838 1444 889 magicas,
1479 842 1521 877 ut
1554 839 1594 876 in
1622 837 1753 890 Papis-

216 916 277 941 mo
307 902 455 954 quidem
485 903 681 950 habentur,
699 925 747 933 —
777 916 901 941 cereos
929 903 1019 941 item
1047 916 1090 941 ac
1117 904 1224 941 nolas
1253 904 1400 942 Coenae
1427 903 1648 941 Dominieae
1676 916 1754 941 non

214 967 449 1014 adhibemus,
494 980 613 1019 neque
658 968 719 1005 hic
762 968 892 1006 multis
929 968 1039 1006 nobis
1076 980 1170 1019 opus
1207 981 1286 1006 esse
1322 973 1495 1019 putamus
1533 968 1579 1006 ad
1615 980 1752 1019 appro-

214 1032 379 1071 bandam
407 1033 555 1071 consilii
582 1033 702 1072 nostri
730 1034 925 1072 rationem.
973 1033 1063 1071 Non
1093 1033 1308 1071 dubitamus
1336 1034 1436 1072 enim
1466 1033 1555 1072 satis
1584 1036 1755 1071 constare

214 1099 286 1151 piis
313 1098 502 1145 omnibus,
530 1099 621 1137 haec
649 1099 745 1137 nihil
770 1100 892 1137 facere
920 1099 966 1137 ad
995 1099 1138 1138 Christi
1167 1099 1459 1144 institutionem,
1487 1100 1606 1137 facere
1631 1103 1751 1137 autem

216 1177 292 1202 non
329 1177 460 1216 parum
495 1163 541 1201 ad
578 1164 750 1203 alendam
779 1165 818 1202 in
847 1165 976 1202 multis
1005 1164 1127 1202 adhuc
1164 1164 1615 1216 su-(142)perstitionem,
1642 1177 1754 1215 quam

214 1230 298 1267 tolli
326 1230 480 1267 omnino
509 1233 726 1281 praestaret,
753 1229 784 1267 si
811 1229 850 1267 id
877 1230 956 1267 ullo
983 1230 1096 1268 modo
1125 1230 1207 1267 fieri
1234 1235 1372 1281 posset.

266 1293 412 1332 Altaria
448 1307 536 1332 vero
565 1295 703 1333 mensis
731 1308 807 1333 non
835 1307 904 1332 nos
931 1294 1042 1345 primi
1072 1295 1397 1341 commutavimus,
1433 1294 1580 1333 tametsi
1609 1294 1753 1332 nullam

216 1358 369 1397 omnino
407 1359 553 1410 culpam
582 1359 875 1410 deprecaremur,
913 1359 1060 1396 etiamsi
1086 1358 1196 1410 primi
1226 1359 1286 1396 hie
1314 1358 1527 1397 fuissemus.
1584 1358 1657 1396 Sed
1685 1371 1755 1396 nos

213 1428 456 1476 repurgatum
492 1437 645 1475 prorsus
682 1423 786 1461 omni
824 1423 998 1475 Papismo
1028 1424 1208 1474 templum
1236 1426 1410 1460 nostrum
1437 1437 1458 1460 a
1487 1422 1604 1472 Regia
1635 1422 1754 1460 Maie-

216 1494 311 1529 state
355 1490 588 1541 aecepimus,
632 1503 706 1541 quo
754 1503 843 1527 sane
879 1489 1032 1527 nominc
1067 1489 1230 1527 Domino
1272 1489 1352 1527 Deo
1390 1493 1521 1526 nostro
1558 1488 1755 1539 imprimis,

215 1556 348 1594 deinde
376 1569 461 1593 vero
479 1555 618 1605 Regiae
646 1555 755 1592 etiam
785 1554 978 1592 Maiestati
1004 1554 1175 1603 ingentes
1204 1553 1343 1603 gratias
1365 1553 1556 1591 habemus.
1587 1552 1753 1590 Sublatis

214 1621 333 1671 igitur
369 1620 551 1659 altaribus
587 1633 754 1658 mensam
791 1619 1080 1666 substituimus,
1124 1618 1225 1670 quod
1263 1623 1298 1657 et
1340 1619 1485 1656 Coenae
1520 1617 1753 1669 peragendae

217 1686 499 1725 convenientior
535 1690 644 1730 esset,
681 1690 716 1724 et
752 1685 851 1737 quod
890 1698 911 1723 a
938 1685 1054 1723 Paulo
1085 1685 1248 1723 Coenam
1278 1684 1435 1722 Domini
1463 1697 1614 1722 mensae
1641 1683 1752 1721 titulo

220 1751 347 1790 ornari
375 1751 596 1789 videremus.

269 1816 461 1853 Praeterea
499 1827 714 1852 consessum
750 1813 940 1865 publicum
977 1813 1232 1862 genuflexioni
1269 1826 1311 1850 ac
1339 1812 1503 1859 stationi,
1533 1812 1692 1863 denique
1719 1816 1755 1851 et

221 1879 469 1918 ambulationi
505 1880 544 1918 in
581 1880 726 1917 Coenae
763 1892 830 1916 usu
863 1879 1159 1930 anteposuimus,
1194 1879 1348 1929 eiusque
1384 1878 1436 1916 rei
1473 1879 1583 1916 nobis
1618 1879 1755 1917 multas

223 1958 354 1983 causas
392 1958 527 1996 easque
563 1957 639 1982 non
676 1944 774 1981 leves
811 1943 988 1981 habuisse
1025 1943 1206 1982 videmur.
1261 1943 1439 1992 Longum
1475 1948 1598 1981 autem
1643 1943 1755 1981 suerit

222 2022 512 2047 commemorare
556 2022 705 2054 omnes,
751 2021 872 2059 neque
903 2007 940 2045 id
979 2008 1100 2046 nostri
1136 2021 1236 2045 nunc
1271 2007 1437 2046 instituti
1472 2021 1550 2046 esse
1587 2007 1755 2055 videtur3

222 2075 286 2113 sed
321 2079 444 2112 tamen
484 2074 626 2125 aliquot
661 2073 950 2120 recensebimus,
985 2087 1032 2111 ne
1067 2073 1105 2110 id
1143 2077 1279 2111 temere
1314 2073 1446 2111 fecisse
1488 2073 1754 2119 existimemur,

222 2140 294 2177 hoc
327 2140 478 2178 interim
515 2139 674 2186 adiecto,
709 2139 811 2190 quod
847 2152 916 2177 nos
954 2151 1167 2177 consessum
1204 2138 1397 2189 publicum
1434 2151 1510 2176 non
1545 2138 1598 2175 ita
1625 2150 1755 2189 perpe-

222 2211 328 2243 tuum
362 2205 402 2242 in
442 2207 586 2242 Coenae
622 2217 694 2242 usu
731 2203 924 2248 habemus
963 2203 1053 2254 quin
1092 2203 1179 2240 dum
1207 2216 1335 2254 preces
1363 2203 1574 2240 funduntur
1601 2202 1646 2239 ad
1676 2201 1755 2239 Do-

221 2269 365 2307 minum
403 2270 440 2307 in
477 2283 599 2319 genua
626 2269 936 2320 procumbamus,
974 2268 1036 2306 sed
1073 2268 1113 2305 in
1149 2268 1229 2319 ipsa
1257 2268 1405 2306 actione
1433 2268 1602 2317 mystica,
1629 2267 1667 2305 in
1695 2268 1754 2306 in—

223 2333 354 2371 stituta
388 2334 541 2385 inquam
578 2347 599 2371 a
628 2333 777 2371 Christo
806 2334 917 2382 (143)
947 2332 1110 2370 Domino
1139 2333 1248 2383 panis
1276 2337 1311 2370 et
1337 2332 1463 2383 poculi
1492 2332 1756 2370 distributione

222 2403 258 2437 et
285 2399 571 2451 participatione
598 2412 746 2437 mensae
774 2398 1041 2444 accumbimus,
1070 2398 1282 2449 quicunque
1308 2398 1365 2435 illi
1392 2397 1670 2449 participamus,
1696 2397 1754 2435 id-

222 2478 292 2516 que
320 2478 381 2502 eas
407 2465 643 2516 potisssrpum
672 2464 719 2502 ob
750 2476 891 2502 causae.

273 2529 441 2567 Primum
480 2530 520 2567 in
559 2531 729 2568 confesso
767 2532 835 2574 est,
871 2528 1046 2566 omnibus
1082 2528 1275 2566 Ecclesiae
1315 2527 1501 2566 Ministris
1536 2527 1575 2565 id
1602 2527 1755 2578 potissi·

221 2607 324 2632 mum
350 2594 390 2632 in
426 2595 589 2646 ipsorum
628 2594 834 2632 ministerio
864 2593 1093 2644 sequendum
1120 2607 1211 2639 esse,
1240 2593 1339 2644 quod
1369 2597 1468 2630 certo
1498 2596 1645 2631 constat
1673 2606 1752 2631 ma-

222 2660 281 2710 gis
321 2660 442 2697 facere
476 2661 523 2697 ad
565 2660 755 2698 Ecclesiae
790 2659 1088 2697 aedificationem
1111 2660 1151 2707 ¹),
1188 2671 1307 2710 neque
1344 2646 1501 2696 dubium
1537 2662 1603 2702 cst,
1639 2671 1680 2696 ea
1708 2657 1755 2695 ad

223 2737 347 2762 veram
376 2723 567 2762 Ecclesiae
594 2724 891 2762 aedificationem
919 2723 1040 2772 magis
1067 2724 1185 2761 multo
1215 2724 1349 2768 facere,
1376 2736 1535 2773 quorum
1563 2724 1688 2760 sontes
1714 2722 1755 2760 in

225 2789 339 2828 verbo
366 2788 436 2827 Dei
462 2789 584 2840 palam
614 2788 908 2840 conspiciuntur,
949 2800 1059 2839 quam
1088 2801 1182 2840 quae
1209 2787 1367 2826 rationis
1395 2786 1578 2826 duntaxat
1607 2791 1757 2826 nostrae

269 2916 293 2958 ¹)
318 2915 376 2948 Ro.
402 2915 451 2955 14,
475 2915 524 2948 15.
570 2915 586 2947 1
612 2915 685 2949 Cor.
708 2915 759 2949 14.
803 2916 822 2948 2
846 2915 918 2949 Cor.
943 2914 992 2955 10,
1018 2914 1066 2955 12,
1091 2914 1140 2949 13.
1166 2949 1167 2952 Ἴ
