1830 3147
1660 95 1703 132 15

165 226 245 252 esse
281 207 452 259 dicimus,
487 211 550 250 sed
579 210 717 249 tradita
745 210 792 247 ab
821 209 904 247 aliis
933 222 1030 247 nova
1061 208 1244 260 quaedam
1276 208 1451 257 dogmata
1480 206 1707 251 immodera-

164 284 317 330 tamque
343 278 408 315 illa
434 276 564 315 tuendi
590 275 848 327 pertinaciam,
877 287 962 312 cum
989 273 1226 325 inquissimis
1253 273 1496 325 praeiudiciis
1525 273 1708 311 coniunc-

164 349 256 389 tam,
292 356 468 381 accusare
494 355 564 381 nos
592 342 824 393 profitemur,
852 345 887 378 et
914 340 1067 392 quidem
1092 339 1133 377 id
1161 339 1320 379 facimus
1348 353 1391 378 ea
1419 338 1708 378 mansuetudine

165 422 209 446 ac
245 408 440 454 modestia,
475 410 518 446 ut
554 420 632 445 rem
670 406 820 458 quidem
849 419 926 443 non
955 404 1245 449 dissimulemus,
1273 404 1590 456 quemadmodum
1619 416 1709 442 sane

167 487 244 511 uon
281 473 471 518 debemus,
509 472 573 510 sed
611 472 799 510 neminem
834 470 1123 523 proscindamus
1158 470 1325 516 interim,
1352 470 1491 508 nedum
1521 473 1561 508 ut
1588 483 1708 521 quen·

166 551 279 589 quam
307 539 460 576 omnino
491 538 767 576 coutroversiae
794 537 905 574 huius
933 535 1086 574 nomine
1113 535 1346 582 damnemus,
1362 536 1438 573 imo
1467 548 1555 574 vero
1583 535 1707 573 hono-

165 607 210 654 (7
241 605 377 651 1²²)rem
413 603 525 640 etiam
559 603 619 649 iis,
654 603 720 653 qui
755 616 776 640 a
804 603 915 640 nobis
944 601 1183 645 dissentiunt,
1211 601 1370 640 libenter
1399 602 1612 649 deferimus,
1639 602 1705 654 qui

166 668 206 706 in
243 668 382 706 Christi
417 668 606 707 Ecclessia
642 669 714 719 piis
752 668 929 706 omnibus
966 668 1104 706 deferri
1140 667 1353 714 consuevit;
1383 672 1418 706 et
1447 668 1491 706 de
1518 668 1711 715 omnibus,

167 746 262 783 quae
297 746 366 771 nos
402 733 610 780 offendunt,
647 733 868 771 iamdudum
894 732 1103 784 expetimus
1130 732 1192 784 pia
1219 732 1389 771 modesta
1417 738 1453 771 et
1482 733 1711 777 Christiana,

166 797 242 835 sive
268 797 413 848 privata
441 799 519 835 sive
545 798 710 849 publica,
739 798 941 849 colloquia,
969 801 1173 851 nostraque
1201 797 1328 835 omnia
1353 798 1533 848 legitimis
1561 812 1606 836 ex
1627 811 1708 837 ver-

166 862 214 899 bo
244 861 314 900 Dei
342 862 594 901 Ecclesiarum
620 863 770 901 iudiciis
799 864 898 901 ultro
927 862 1161 901 subiicimus.
1215 863 1375 901 Interim
1404 877 1491 902 vero
1521 864 1708 902 Catonum

162 927 320 965 istorum
357 941 514 966 censura
550 942 569 966 a
606 928 747 966 Christi
782 928 952 966 Ecclesia
979 928 1041 978 χεῖ
1077 928 1185 966 furiis
1220 928 1394 979 placetl),
1429 929 1589 980 denique
1625 934 1708 968 eta

164 992 258 1030 focis
285 992 453 1043 ipsorum
480 993 714 1031 excludimur
742 1006 785 1030 ac
813 993 905 1032 diris
934 993 1110 1031 omnibus
1140 993 1378 1038 devovemur,
1408 995 1481 1032 nisi
1509 994 1611 1045 quod
1631 996 1710 1033 effi-

166 1070 246 1095 cere
280 1057 320 1095 id
356 1071 433 1096 non
469 1063 638 1109 possunt,
671 1063 714 1096 ut
748 1072 826 1096 non
863 1058 980 1096 alium
1016 1058 1138 1096 adhuc
1173 1058 1336 1096 iudicem
1376 1059 1594 1106 habeamus,
1621 1064 1709 1098 ante

167 1123 272 1160 cuius
315 1123 482 1160 tribunal
520 1123 621 1169 olim,
658 1127 735 1161 tam
771 1123 874 1175 ipsos
913 1136 1042 1161 omnes
1077 1136 1193 1174 qnam
1230 1136 1314 1168 nos,
1350 1123 1432 1161 sisti
1466 1124 1709 1175 ipsorumque

166 1188 304 1231 omnia,
333 1188 619 1239 quibuscunque
646 1188 798 1226 tandem
829 1188 1093 1239 Syncretismis
1124 1188 1367 1236 communita,
1393 1188 1549 1240 perinde
1568 1189 1709 1227 nihilo-

167 1252 292 1290 minus
320 1258 430 1304 atque
458 1258 599 1300 nostra,
623 1258 794 1305 oporteat
821 1254 1034 1305 approbari.
1063 1254 1145 1291 Iam
1164 1254 1366 1305 quominus
1386 1253 1426 1292 in
1440 1254 1709 1293 Ecclesiastico

166 1318 375 1356 ministerio
403 1318 474 1356 Dei
502 1319 622 1357 solius
649 1320 844 1371 proprium
872 1333 966 1371 opus
995 1319 1160 1357 ministri
1188 1319 1291 1370 operi
1318 1320 1396 1357 ullo
1423 1332 1578 1371 prorsus
1594 1320 1708 1358 modo

164 1383 433 1429 adscribamus,
466 1384 574 1422 Pauli
610 1385 789 1435 Apostoli
818 1385 1030 1423 doctrinam
1060 1385 1212 1423 obstare
1240 1384 1412 1432 dicimus,
1440 1386 1517 1436 qui,
1544 1386 1614 1424 etsi
1645 1386 1709 1424 de-

167 1463 241 1486 nuo
279 1463 317 1487 se
355 1449 509 1487 Galatas
542 1450 740 1501 parturire,
778 1450 998 1487 Corinthios
1026 1450 1116 1487 item
1144 1455 1258 1500 atque
1287 1449 1510 1488 Onesimum
1536 1450 1711 1500 genuisse

166 1520 321 1552 testetur
357 1514 402 1551 ad
441 1514 779 1553 commendandam
814 1515 853 1553 in
892 1528 958 1553 suo
996 1515 1206 1553 ministerio
1236 1515 1385 1553 divinae
1413 1515 1562 1553 virtutis
1590 1516 1711 1553 effica-

168 1580 275 1624 ciam,
303 1584 441 1622 tamen,
470 1594 517 1618 ne
547 1576 643 1631 ¹opus
674 1580 744 1618 Dei
770 1580 810 1618 in
839 1581 1055 1619 ministrum
1083 1581 1162 1618 ullo
1190 1581 1303 1619 modo
1332 1581 1546 1627 transferat,
1573 1583 1620 1633 (γ
1648 1583 1711 1629 lb)

166 1657 259 1695 opus
297 1644 366 1682 Dei
402 1657 422 1682 a
457 1644 621 1682 ministri
657 1657 766 1696 opere
796 1646 987 1688 discernit.
1016 1650 1053 1683 et
1080 1646 1351 1697 plantationem
1382 1645 1567 1684 duntaxat
1594 1650 1706 1697 atque

163 1709 388 1757 rigationem
425 1708 606 1746 ministris
644 1710 816 1747 attribuit
852 1714 1064 1759 (externam
1094 1710 1268 1748 videlicet
1298 1711 1553 1762 plantulartun
1583 1711 1705 1748 cultu-

163 1775 274 1821 ram),
300 1778 342 1811 ut
367 1774 419 1811 ita
449 1773 597 1811 demum
625 1773 747 1811 Deum
773 1788 839 1825 per
866 1774 1062 1813 ministros
1092 1775 1128 1813 et
1156 1775 1327 1826 plantare
1355 1776 1392 1813 et
1419 1776 1542 1825 rigare
1569 1776 1617 1813 ad
1646 1789 1706 1814 sa-

163 1839 276 1876 lutem
313 1838 440 1876 fideles
475 1837 744 1888 intelligamus,
779 1839 1047 1890 ministrosque
1084 1839 1154 1878 Dei
1193 1840 1263 1877 hac
1297 1840 1336 1877 in
1365 1845 1471 1892 parte
1499 1846 1703 1892 συνεργούς

162 1916 422 1952 agnoscamus.
463 1904 659 1941 Caeterum
697 1904 812 1941 dandi
849 1905 1071 1943 incrementi
1099 1919 1193 1956 opus
1221 1905 1273 1943 ita
1302 1906 1373 1943 soli
1402 1906 1481 1943 Deo
1509 1906 1704 1957 proprium

164 1969 265 2014 facit,
292 1972 333 2006 ut
360 1968 406 2006 ab
434 1968 500 2006 illo
527 1968 722 2007 ministros
750 1969 852 2020 ipsos
879 1983 1033 2021 prorsus
1061 1970 1248 2010 excludat.
1288 1971 1422 2022 Neque
1448 1972 1548 2010 enim
1577 1985 1706 2009 omnes

164 2046 240 2078 eos,
277 2035 342 2084 qui
378 2038 414 2071 et
450 2034 575 2083 rigant
611 2039 646 2072 et
682 2034 866 2085 plantant,
902 2049 991 2086 prae
1027 2049 1070 2073 eo
1105 2036 1169 2087 qui
1196 2036 1472 2075 incrementum
1500 2037 1602 2075 solus
1630 2037 1706 2083 dat,

166 2099 261 2136 nihil
289 2112 367 2136 esse
392 2099 691 2149 pronunciasset,
718 2100 749 2137 si
776 2101 853 2138 ulla
882 2101 1038 2139 omnino
1058 2101 1182 2140 >dandi
1208 2102 1430 2140 inerementi
1457 2115 1543 2153 pars
1563 2102 1704 2154 inipso

165 2163 329 2202 ministri
374 2175 482 2214 opere
528 2165 795 2214 quoquomodo
842 2167 966 2216 posita
1003 2171 1098 2204 esset
1135 2171 1199 2204 aut
1236 2167 1283 2204 ab
1320 2167 1402 2218 ipso
1440 2167 1514 2204 ullo
1551 2180 1704 2218 prorsus

163 2229 278 2266 modo
311 2228 501 2279 penderet.
557 2228 732 2275 Rursum,
769 2230 970 2280 quominus
1007 2231 1045 2269 in
1085 2244 1222 2269 coenae
1250 2231 1471 2270 Dominicae
1498 2233 1706 2279 elementis,

164 2293 264 2331 Pane
299 2293 455 2344 inquam
482 2297 517 2330 et
546 2292 658 2337 Vino,
687 2294 824 2332 realem
853 2294 970 2340 illam,
998 2300 1038 2333 ut
1066 2300 1216 2340 vocant,
1245 2296 1413 2347 corporis
1441 2301 1478 2334 et
1506 2297 1704 2346 sanguinis

165 2358 307 2395 Christi
334 2357 627 2395 delitescentiam
654 2357 759 2395 iuxta
787 2359 995 2397 naturalem
1025 2373 1155 2397 eorum
1184 2359 1466 2398 subsistentiam
1485 2365 1706 2413 statuamus,

163 2436 223 2461 eas
251 2423 455 2460 adferimus
484 2435 628 2467 causas,
655 2422 756 2473 quod
784 2423 955 2461 doctrina
985 2424 1075 2462 haec
1104 2437 1189 2462 cum
1215 2429 1340 2463 mente
1358 2426 1475 2464 totius
1500 2426 1705 2478 scripturae

163 2492 306 2539 pugnat
343 2501 462 2538 neque
499 2487 587 2525 fidei
615 2488 813 2537 analogiae
840 2489 1077 2540 respondeat,
1106 2503 1191 2528 cum
1221 2483 1427 2530 catholicae
1453 2492 1543 2530 item
1572 2492 1705 2531 Eccle-

164 2553 239 2590 siae
276 2565 458 2591 consensu
497 2565 573 2590 non
603 2553 784 2591 consistat
811 2558 847 2592 et
876 2554 967 2592 citra
997 2555 1139 2593 Christi
1167 2555 1323 2593 Domini
1351 2557 1618 2595 contumeliam
1646 2571 1704 2596 re-

160 2618 272 2655 tineri
299 2631 375 2655 non
402 2618 534 2668 possit.
583 2618 691 2655 Quae
719 2618 869 2669 quidem
898 2621 1023 2658 omnia
1054 2620 1153 2658 bona
1181 2620 1254 2658 iam
1284 2635 1329 2659 ex
1356 2627 1462 2673 parte
1490 2625 1536 2673 (γ
1566 2624 1624 2671 2³)
1651 2623 1705 2661 ita

162 2695 200 2720 se
236 2682 373 2720 habere
407 2682 652 2727 ostendimus,
686 2688 721 2721 et
756 2683 892 2722 clarius
931 2685 1068 2731 adhuc,
1105 2685 1136 2722 si
1173 2684 1361 2723 Dominus
1390 2686 1504 2731 volet,
1529 2700 1594 2738 per
1622 2687 1702 2725 eius

161 2747 323 2796 gratiam
359 2747 617 2785 ostendemus:
653 2752 728 2791 aut,
765 2748 796 2786 si
830 2748 868 2786 id
911 2762 989 2787 non
1016 2749 1217 2800 possimus,
1245 2750 1374 2788 cedere
1402 2751 1502 2789 ultro
1531 2752 1704 2791 volumus

163 2814 314 2850 meliora
345 2813 568 2851 docentibus
597 2827 640 2851 ex
670 2814 783 2852 verbo
813 2814 896 2860 Dei,
926 2814 957 2852 si
984 2814 1097 2852 modo
1125 2814 1172 2852 ad
1200 2815 1411 2866 legitimum
1441 2817 1596 2868 aliquod
1625 2818 1703 2855 col-

162 2877 328 2927 loquium
362 2876 619 2915 admittamur.
681 2877 763 2914 lloc
800 2891 886 2915 vero
922 2882 1067 2915 tantum
1107 2887 1173 2924 est,
1203 2884 1241 2916 ut
1269 2881 1430 2918 s‘atones
1459 2882 1578 2918 nostri
1607 2895 1701 2932 aqua
