1830 3147
1517 106 1589 143 191

57 215 310 254 accusatione.
363 215 421 253 Da
457 215 642 266 specimen
684 229 806 253 eoram
838 216 908 252 hac
935 216 1007 253 Dei
1036 216 1205 255 Ecclesia
1235 230 1340 255 verae
1368 221 1451 255 tuae
1481 217 1591 255 Chri·-

59 279 274 330 stianaeque
309 279 588 330 resipiscentiae
628 293 693 330 per
721 280 931 318 ultroneam
960 280 1091 331 culpae
1118 285 1204 319 tuae
1232 281 1462 330 agnitionem
1491 281 1591 332 pari-

57 349 112 382 ter
149 357 191 382 ae
219 344 531 395 deprecationem.
589 344 694 382 Haec
721 350 776 383 est
805 344 904 382 enim
932 344 1003 382 Dei
1029 345 1164 394 gloria,
1190 350 1230 383 ut
1259 347 1462 395 gratuitam
1489 345 1592 382 illius

58 409 353 447 misericordiam
386 422 516 446 omnes
555 422 639 446 cum
677 411 797 448 nostri
833 410 873 447 in
901 410 1064 460 peccatis
1093 411 1234 448 nostris
1261 411 1501 448 accusatione
1526 423 1591 461 per

58 487 195 512 nomen
234 474 419 523 unigeniti
455 474 513 511 sui
548 475 734 525 supplices
770 475 1012 525 imploremus
1048 488 1183 525 perque
1224 475 1303 512 eius
1332 475 1480 512 demum
1510 488 1592 512 vere

59 538 233 576 Divinam
266 538 535 587 benignitatem
565 552 766 577 servemur.
821 539 933 577 Quod
963 538 1130 589 equidem
1161 544 1196 576 et
1222 539 1293 576 tibi
1319 545 1356 577 et
1383 541 1494 588 (323)
1522 553 1591 577 no-

60 605 116 641 bis
155 604 264 641 simul
302 603 476 641 omnibus
514 604 696 652 largiatur
732 604 855 642 trinus
891 605 955 641 ille
991 609 1027 642 et
1055 617 1153 642 unus
1182 604 1294 650 Deus,
1321 605 1442 650 Pater,
1471 604 1592 643 Filius

55 674 92 708 et
118 670 277 721 Spiritus
305 675 472 713 sanctus,
499 669 723 707 laudamdus
754 670 793 707 in
823 669 982 708 saecula.
1012 668 1175 707 Amen.''

109 798 184 835 Hie
222 811 307 836 vero
345 798 471 849 lapsus
508 799 622 836 frater
657 798 721 835 ille
757 797 864 836 aedet
900 798 1091 850 publicam
1127 799 1269 849 peccati
1299 798 1356 836 sui
1385 799 1591 836 consessio-

57 876 140 901 nem
173 863 399 914 'culpamque
438 876 543 900 suam
579 863 728 914 publice
763 866 944 912 agnoscet
980 876 1024 900 ac
1060 862 1321 913 deprecabitur
1357 868 1392 900 et
1432 877 1470 902 se
1496 864 1593 901 inter

56 928 223 966 membra
250 928 441 966 Ecclesiae
468 928 620 966 retineri
643 932 754 979 petet.
801 928 864 973 Et,
892 928 1072 978 quoniam
1100 929 1182 966 fieri
1209 933 1342 979 potest,
1372 933 1425 974 ut,
1452 930 1517 980 qui
1545 930 1592 967 ad

55 1007 138 1031 eum
174 994 327 1031 modum
365 1007 488 1031 coram
527 998 606 1031 tota
643 993 812 1030 Ecclesia
848 994 992 1044 peceati
1031 994 1089 1031 sui
1126 995 1274 1045 culpam
1311 1007 1513 1044 agnoscere
1549 1008 1593 1032 ac

56 1059 246 1110 deprecari
274 1059 424 1104 debent,
453 1062 518 1096 aut
541 1059 733 1109 rimperitia
762 1059 842 1110 ipsa
870 1062 935 1097 aut
971 1059 1082 1097 etiarn
1119 1059 1261 1110 pudore
1289 1073 1329 1098 ea
1359 1060 1507 1098 dicendi
1535 1061 1591 1099 fa-

56 1125 194 1162 cultate
238 1124 501 1170 destituantur,
537 1137 631 1175 quae
667 1124 715 1161 ad
751 1137 828 1161 rem
866 1127 984 1162 totam
1023 1124 1282 1175 explicandam
1320 1126 1459 1176 requiri
1495 1126 1593 1163 forte

54 1194 192 1240 posset,
226 1189 472 1227 Ecclesiastes
509 1190 626 1227 veluti
662 1203 727 1240 per
765 1190 953 1240 epilogum
992 1190 1126 1240 repetit
1162 1190 1314 1240 publice
1352 1203 1475 1228 coram
1512 1195 1591 1228 tota

56 1255 225 1292 Ecclesia
268 1255 364 1306 lapsi
399 1254 514 1298 illius,
551 1255 615 1306 qui
650 1255 919 1306 poenitentiam
955 1255 1044 1305 agit,
1082 1255 1203 1306 capita
1238 1256 1437 1306 praecipua
1474 1256 1590 1294 totius

57 1319 317 1364 confessionis,
343 1332 387 1356 ac
424 1319 574 1357 demum
610 1333 630 1357 a
658 1320 773 1358 fratre
801 1320 867 1357 illo
893 1320 1111 1371 poenitente
1139 1320 1294 1370 quaerit,
1322 1334 1411 1358 num
1439 1333 1479 1358 ea
1509 1334 1589 1359 om-

55 1384 130 1430 nia,
165 1397 258 1434 quae
293 1384 372 1434 ipse
399 1389 739 1428 commemorasset,
767 1398 851 1422 vera
880 1397 960 1422 esse
987 1388 1168 1433 agnoscat
1194 1383 1338 1436 proque
1363 1384 1438 1422 illis
1467 1386 1590 1423 omni-

54 1450 125 1487 bus
162 1450 307 1500 culpam
343 1462 445 1486 suam
483 1449 634 1500 publice
662 1449 878 1500 deprecetur
917 1453 953 1486 et
988 1452 1090 1499 petat
1118 1449 1189 1486 hoc
1215 1450 1297 1500 ipso
1326 1450 1476 1488 nomine
1506 1463 1589 1488 eum

53 1518 132 1552 tota
169 1513 337 1551 Ecclesia
382 1514 630 1552 reconciliari.
687 1514 836 1551 Quodsi
871 1514 986 1551 frater
1021 1514 1084 1551 ille
1116 1514 1314 1564 poenitens
1351 1528 1388 1552 se
1415 1515 1589 1553 assentiri

53 1580 222 1622 testetur,
258 1582 337 1613 turn
375 1576 635 1622 Ecclesiastes‚
671 1590 777 1614 versa
805 1576 851 1613 ad
881 1576 1081 1615 Ministros
1108 1577 1202 1614 alios
1230 1590 1273 1614 ac
1302 1578 1475 1615 Seniores
1503 1591 1588 1616 ora-

52 1641 167 1682 tione.
194 1640 239 1677 ab
268 1641 343 1677 illis
371 1641 520 1691 publice
548 1641 705 1691 quaerit,
731 1654 821 1677 num
851 1640 976 1678 adhuc
1003 1640 1043 1678 in
1069 1641 1353 1692 pu-(324)bliea
1381 1642 1445 1679 illa
1462 1642 1588 1681 fratris

52 1705 148 1756 lapsi
174 1704 406 1756 poenitentia
432 1704 576 1755 aliquid
605 1704 817 1742 desiderent
844 1708 881 1742 et
908 1705 1115 1755 requirant.
1145 1706 1202 1741 Ac
1229 1709 1321 1750 tum,
1350 1705 1381 1742 si
1409 1705 1495 1756 quid
1518 1707 1587 1743 ali·

53 1770 136 1820 quis
173 1769 437 1807 Ministrorum
472 1770 511 1807 in
547 1769 710 1807 medium
750 1769 829 1806 vult
865 1769 1024 1814 adferre,
1060 1769 1162 1820 quod
1197 1769 1236 1807 in
1265 1770 1495 1820 poenitentia
1522 1771 1587 1809 illa

53 1833 255 1871 desiderari
289 1833 412 1871 adhuc
447 1846 557 1885 posse
595 1833 777 1878 videatur,
819 1833 856 1871 id
895 1834 1027 1884 cuique
1052 1833 1204 1871 illorum
1233 1834 1364 1872 ordine
1393 1848 1457 1872 suo
1486 1836 1586 1874 licet.

54 1898 93 1936 Si
131 1912 215 1936 vero
255 1912 363 1936 nemo
400 1899 552 1942 illorum
580 1899 784 1950 quidquam
814 1899 939 1945 habet,
966 1899 1066 1950 quod
1096 1899 1206 1945 dicat,
1234 1903 1314 1937 tum
1342 1900 1587 1939 Ecclesiastes

52 1965 149 2002 infra
180 1964 317 2015 scripta
346 1964 604 2002 admonitione
632 1964 677 2001 ad
708 1965 859 2001 fratrem
888 1964 996 2001 illum
1023 1963 1278 2015 poenitentem
1304 1968 1441 2003 utetur.

104 2093 391 2131 Admonitio
438 2093 491 2131 ad
541 2094 728 2144 lapsum
774 2106 823 2130 ac
861 2092 1199 2143 poenitentem
1236 2093 1437 2130 fratrem
1475 2098 1586 2144 post

51 2158 154 2196 eius
191 2159 568 2196 confessionem.

105 2304 122 2321 u
137 2287 361 2325 Audivimus
388 2290 492 2325 tuam
521 2287 806 2333 confessionem,
835 2287 885 2325 mi
913 2288 1046 2326 frater!
1077 2289 1182 2326 cuius
1211 2289 1362 2327 nominc
1391 2294 1425 2328 et
1453 2291 1524 2328 tibi
1551 2296 1586 2329 et

52 2351 163 2388 nobis
193 2351 303 2388 simul
333 2351 507 2388 omnibus
535 2351 715 2388 maiorem
742 2351 782 2388 in
810 2352 963 2389 niodum
991 2353 1235 2402 gratulamur.
1267 2356 1392 2404 Atque
1419 2355 1585 2393 Domino

51 2416 131 2454 Deo
167 2421 300 2454 nostro
338 2417 382 2454 de
410 2416 479 2453 hac
506 2421 570 2454 tua
598 2416 854 2467 resipiscentia
881 2418 1022 2466 gratias
1050 2418 1208 2467 agimus,
1235 2432 1306 2469 qua
1335 2424 1376 2457 tu
1406 2433 1481 2458 non
1510 2426 1585 2459 tam

48 2494 136 2518 sane
162 2485 199 2519 te
226 2481 351 2532 ipsum
378 2486 554 2532 tuamque
580 2481 847 2528 infirmitatem,
877 2496 987 2533 quam
1017 2482 1142 2533 potius
1172 2485 1348 2522 satanam
1375 2484 1498 2536 ipsum
1523 2499 1587 2537 per

50 2548 149 2582 tuam
181 2545 357 2583 adversus
386 2546 493 2583 illum
522 2550 702 2596 tuumque
729 2551 921 2597 peccatum
952 2547 1147 2584 victoriam
1175 2549 1212 2585 in
1244 2549 1394 2587 Christo
1422 2550 1587 2589 Domino

49 2609 273 2659 pudefecisti
299 2611 339 2648 in
369 2611 498 2662 eulpae
527 2624 626 2647 nunc
654 2616 738 2648 tuae
765 2611 915 2662 publiea
943 2612 1015 2649 ista.
1045 2612 1236 2660 agnitione
1259 2618 1294 2651 et
1314 2614 1585 2665 deprecatione.

50 2673 246 2711 Vincimus
275 2675 509 2724 e-(325)ni1n
538 2675 702 2725 adeoque
730 2680 765 2713 ct
801 2676 1058 2726 pudefacimus
1096 2690 1220 2714 revera
1258 2679 1432 2716 Satanam
1462 2680 1585 2730 ipsum

52 2751 132 2776 cum
163 2739 336 2777 universa
364 2740 566 2790 tyrannide
593 2740 710 2790 ipsius
746 2753 788 2777 ac
824 2741 983 2791 pedibus
1013 2741 1151 2778 nostris
1179 2742 1454 2792 quodammodo
1477 2750 1586 2795 caput

51 2803 168 2853 ipsius
198 2805 476 2849 conculcamus,
512 2805 586 2840 imo
618 2804 734 2841 vincit
770 2804 960 2854 pudefacit
987 2817 1029 2841 ac
1059 2805 1254 2842 conculcat
1281 2806 1385 2844 illum
1416 2808 1452 2845 in
1475 2809 1585 2846 nobis

0 2878 4 2885 ’
52 2867 211 2917 ipsemet
241 2868 413 2906 Christus
443 2869 641 2914 Dominus,
668 2868 814 2918 quoties
843 2869 943 2906 illius
972 2868 1154 2906 beneficio
1183 2874 1334 2920 peccata
1363 2876 1491 2910 nostra
1519 2886 1584 2911 au-
