<?xml version="1.0" encoding="UTF-8"?>
<!DOCTYPE html PUBLIC "-//W3C//DTD XHTML 1.0 Transitional//EN"
    "http://www.w3.org/TR/xhtml1/DTD/xhtml1-transitional.dtd">
<html xmlns="http://www.w3.org/1999/xhtml" xml:lang="en" lang="en">
 <head>
  <title>
</title>
<meta http-equiv="Content-Type" content="text/html;charset=utf-8" />
  <meta name='ocr-system' content='tesseract 3.04.00' />
  <meta name='ocr-capabilities' content='ocr_page ocr_carea ocr_par ocr_line ocrx_word'/>
</head>
<body>
  <div class='ocr_page' id='page_1' title='image "./operatameditaqua02lask_0384.png"; bbox 0 0 1830 3147; ppageno 0'>
   <div class='ocr_carea' id='block_1_1' title="bbox 49 286 230 489">
    <p class='ocr_par' dir='ltr' id='par_1_1' title="bbox 49 286 230 489">
     <span class='ocr_line' id='line_1_1' title="bbox 49 286 225 319; baseline 0.006 -1"><span class='ocrx_word' id='word_1_1' title='bbox 49 287 151 318; x_wconf 83' lang='lat' dir='ltr'>Dent.</span> <span class='ocrx_word' id='word_1_2' title='bbox 173 286 225 319; x_wconf 81' lang='lat'>45.</span> 
     </span>
     <span class='ocr_line' id='line_1_2' title="bbox 51 329 186 361; baseline 0 -1"><span class='ocrx_word' id='word_1_3' title='bbox 51 329 132 361; x_wconf 88' lang='lat' dir='ltr'>Iere.</span> <span class='ocrx_word' id='word_1_4' title='bbox 155 329 186 360; x_wconf 85' lang='lat'>9.</span> 
     </span>
     <span class='ocr_line' id='line_1_3' title="bbox 49 371 206 403; baseline -0.006 0"><span class='ocrx_word' id='word_1_5' title='bbox 49 371 153 403; x_wconf 84' lang='lat' dir='ltr'>Math.</span> <span class='ocrx_word' id='word_1_6' title='bbox 175 371 206 402; x_wconf 80' lang='lat'>4.</span> 
     </span>
     <span class='ocr_line' id='line_1_4' title="bbox 49 413 201 446; baseline -0.007 -1"><span class='ocrx_word' id='word_1_7' title='bbox 49 414 127 446; x_wconf 90' lang='lat' dir='ltr'>Luc.</span> <span class='ocrx_word' id='word_1_8' title='bbox 151 413 201 445; x_wconf 91' lang='grc'>10.</span> 
     </span>
     <span class='ocr_line' id='line_1_5' title="bbox 49 456 230 489; baseline 0.006 -1"><span class='ocrx_word' id='word_1_9' title='bbox 49 456 156 489; x_wconf 80' lang='lat' dir='ltr'>Math.</span> <span class='ocrx_word' id='word_1_10' title='bbox 179 456 230 489; x_wconf 84' lang='lat'>22.</span> 
     </span>
    </p>
   </div>
   <div class='ocr_carea' id='block_1_2' title="bbox 50 741 220 996">
    <p class='ocr_par' dir='ltr' id='par_1_2' title="bbox 50 741 220 996">
     <span class='ocr_line' id='line_1_6' title="bbox 50 741 198 782; baseline -0.007 -9"><span class='ocrx_word' id='word_1_11' title='bbox 50 742 147 782; x_wconf 83' lang='lat' dir='ltr'>Esay.</span> <span class='ocrx_word' id='word_1_12' title='bbox 169 741 198 772; x_wconf 88' lang='lat'>1.</span> 
     </span>
     <span class='ocr_line' id='line_1_7' title="bbox 50 783 220 815; baseline 0.006 -1"><span class='ocrx_word' id='word_1_13' title='bbox 50 784 146 815; x_wconf 90' lang='lat' dir='ltr'>Num.</span> <span class='ocrx_word' id='word_1_14' title='bbox 171 783 220 815; x_wconf 88' lang='lat'>15.</span> 
     </span>
     <span class='ocr_line' id='line_1_8' title="bbox 50 826 199 857; baseline -0.007 0"><span class='ocrx_word' id='word_1_15' title='bbox 50 826 145 857; x_wconf 87' lang='lat' dir='ltr'>Deut.</span> <span class='ocrx_word' id='word_1_16' title='bbox 170 826 199 857; x_wconf 86' lang='lat'>9.</span> 
     </span>
     <span class='ocr_line' id='line_1_9' title="bbox 51 868 199 910; baseline 0.007 -11"><span class='ocrx_word' id='word_1_17' title='bbox 51 869 147 910; x_wconf 90' lang='lat' dir='ltr'>Seph.</span> <span class='ocrx_word' id='word_1_18' title='bbox 171 868 199 900; x_wconf 89' lang='grc'>1.</span> 
     </span>
     <span class='ocr_line' id='line_1_10' title="bbox 50 911 216 945; baseline 0.012 -2"><span class='ocrx_word' id='word_1_19' title='bbox 50 912 163 944; x_wconf 85' lang='lat' dir='ltr'>Zacha.</span> <span class='ocrx_word' id='word_1_20' title='bbox 187 911 216 945; x_wconf 85' lang='lat'>7.</span> 
     </span>
     <span class='ocr_line' id='line_1_11' title="bbox 51 954 220 996; baseline 0 -11"><span class='ocrx_word' id='word_1_21' title='bbox 51 954 147 996; x_wconf 81' lang='lat' dir='ltr'>Esay.</span> <span class='ocrx_word' id='word_1_22' title='bbox 168 955 220 986; x_wconf 77' lang='lat'>45.</span> 
     </span>
    </p>
   </div>
   <div class='ocr_carea' id='block_1_3' title="bbox 53 1662 225 1787">
    <p class='ocr_par' dir='ltr' id='par_1_3' title="bbox 53 1662 225 1787">
     <span class='ocr_line' id='line_1_12' title="bbox 54 1662 198 1695; baseline -0.014 -2"><span class='ocrx_word' id='word_1_23' title='bbox 54 1662 145 1695; x_wconf 83' lang='lat' dir='ltr'>Ioan.</span> <span class='ocrx_word' id='word_1_24' title='bbox 168 1662 198 1692; x_wconf 80' lang='lat'>4.</span> 
     </span>
     <span class='ocr_line' id='line_1_13' title="bbox 53 1702 222 1737; baseline -0.006 -1"><span class='ocrx_word' id='word_1_25' title='bbox 53 1704 149 1737; x_wconf 87' lang='lat' dir='ltr'>Dent.</span> <span class='ocrx_word' id='word_1_26' title='bbox 172 1702 222 1735; x_wconf 82' lang='lat'>27.</span> 
     </span>
     <span class='ocr_line' id='line_1_14' title="bbox 55 1747 225 1787; baseline -0.012 -9"><span class='ocrx_word' id='word_1_27' title='bbox 55 1747 150 1787; x_wconf 82' lang='lat' dir='ltr'>Esay,</span> <span class='ocrx_word' id='word_1_28' title='bbox 173 1747 225 1776; x_wconf 78' lang='lat'>44.</span> 
     </span>
    </p>
   </div>
   <div class='ocr_carea' id='block_1_4' title="bbox 54 1788 269 1820">
    <p class='ocr_par' dir='ltr' id='par_1_4' title="bbox 54 1788 269 1820">
     <span class='ocr_line' id='line_1_15' title="bbox 54 1788 269 1820; baseline -0.009 0"><span class='ocrx_word' id='word_1_29' title='bbox 54 1789 174 1820; x_wconf 88' lang='lat' dir='ltr'>Psalm.</span> <span class='ocrx_word' id='word_1_30' title='bbox 200 1788 269 1819; x_wconf 87' lang='lat'>115.</span> 
     </span>
    </p>
   </div>
   <div class='ocr_carea' id='block_1_5' title="bbox 55 1830 244 1904">
    <p class='ocr_par' dir='ltr' id='par_1_5' title="bbox 55 1830 244 1904">
     <span class='ocr_line' id='line_1_16' title="bbox 55 1830 244 1863; baseline -0.005 0"><span class='ocrx_word' id='word_1_31' title='bbox 55 1832 170 1863; x_wconf 90' lang='lat' dir='ltr'>Ierem.</span> <span class='ocrx_word' id='word_1_32' title='bbox 194 1830 244 1862; x_wconf 89' lang='lat'>10.</span> 
     </span>
     <span class='ocr_line' id='line_1_17' title="bbox 56 1873 219 1904; baseline -0.012 0"><span class='ocrx_word' id='word_1_33' title='bbox 56 1873 146 1904; x_wconf 83' lang='lat' dir='ltr'>Levi.</span> <span class='ocrx_word' id='word_1_34' title='bbox 170 1873 219 1903; x_wconf 81' lang='lat'>19.</span> 
     </span>
    </p>
   </div>
   <div class='ocr_carea' id='block_1_6' title="bbox 55 1915 244 2031">
    <p class='ocr_par' dir='ltr' id='par_1_6' title="bbox 55 1915 244 2031">
     <span class='ocr_line' id='line_1_18' title="bbox 55 1915 244 1947; baseline 0 0"><span class='ocrx_word' id='word_1_35' title='bbox 55 1915 171 1947; x_wconf 78' lang='lat' dir='ltr'>Ezech.</span> <span class='ocrx_word' id='word_1_36' title='bbox 194 1915 244 1947; x_wconf 87' lang='lat'>33.</span> 
     </span>
     <span class='ocr_line' id='line_1_19' title="bbox 56 1958 205 1988; baseline -0.007 0"><span class='ocrx_word' id='word_1_37' title='bbox 56 1958 129 1988; x_wconf 79' lang='lat' dir='ltr'>Esa.</span> <span class='ocrx_word' id='word_1_38' title='bbox 152 1958 205 1988; x_wconf 82' lang='lat'>44.</span> 
     </span>
     <span class='ocr_line' id='line_1_20' title="bbox 56 1999 231 2031; baseline -0.006 -1"><span class='ocrx_word' id='word_1_39' title='bbox 56 1999 156 2031; x_wconf 81' lang='lat' dir='ltr'>Exod.</span> <span class='ocrx_word' id='word_1_40' title='bbox 180 1999 231 2030; x_wconf 86' lang='grc'><strong>25.</strong></span> 
     </span>
    </p>
   </div>
   <div class='ocr_carea' id='block_1_7' title="bbox 57 2042 277 2082">
    <p class='ocr_par' dir='ltr' id='par_1_7' title="bbox 57 2042 277 2082">
     <span class='ocr_line' id='line_1_21' title="bbox 57 2042 277 2082; baseline -0.009 -8"><span class='ocrx_word' id='word_1_41' title='bbox 57 2042 152 2074; x_wconf 85' lang='lat' dir='ltr'>Dcut.</span> <span class='ocrx_word' id='word_1_42' title='bbox 175 2043 204 2082; x_wconf 48' lang='lat'>4,</span> <span class='ocrx_word' id='word_1_43' title='bbox 227 2042 277 2073; x_wconf 85' lang='grc'>12.</span> 
     </span>
    </p>
   </div>
   <div class='ocr_carea' id='block_1_8' title="bbox 58 2084 251 2159">
    <p class='ocr_par' dir='ltr' id='par_1_8' title="bbox 58 2084 251 2159">
     <span class='ocr_line' id='line_1_22' title="bbox 59 2084 251 2125; baseline -0.016 -7"><span class='ocrx_word' id='word_1_44' title='bbox 59 2085 76 2118; x_wconf 87' lang='grc'><strong>1</strong></span> <span class='ocrx_word' id='word_1_45' title='bbox 100 2085 177 2125; x_wconf 85' lang='lat' dir='ltr'>Reg.</span> <span class='ocrx_word' id='word_1_46' title='bbox 202 2084 251 2115; x_wconf 88' lang='lat'>15.</span> 
     </span>
     <span class='ocr_line' id='line_1_23' title="bbox 58 2127 201 2159; baseline -0.014 0"><span class='ocrx_word' id='word_1_47' title='bbox 58 2127 147 2159; x_wconf 87' lang='lat' dir='ltr'>Ioan.</span> <span class='ocrx_word' id='word_1_48' title='bbox 171 2127 201 2157; x_wconf 81' lang='lat'>4.</span> 
     </span>
    </p>
   </div>
   <div class='ocr_carea' id='block_1_9' title="bbox 57 2367 234 2443">
    <p class='ocr_par' dir='ltr' id='par_1_9' title="bbox 57 2367 234 2443">
     <span class='ocr_line' id='line_1_24' title="bbox 59 2367 234 2400; baseline -0.006 0"><span class='ocrx_word' id='word_1_49' title='bbox 59 2368 160 2400; x_wconf 78' lang='lat' dir='ltr'>Exod.</span> <span class='ocrx_word' id='word_1_50' title='bbox 183 2367 234 2399; x_wconf 75' lang='lat'>32.</span> 
     </span>
     <span class='ocr_line' id='line_1_25' title="bbox 57 2410 204 2443; baseline -0.014 0"><span class='ocrx_word' id='word_1_51' title='bbox 57 2412 131 2443; x_wconf 83' lang='lat' dir='ltr'>Esa.</span> <span class='ocrx_word' id='word_1_52' title='bbox 153 2410 204 2441; x_wconf 77' lang='lat'>44.</span> 
     </span>
    </p>
   </div>
   <div class='ocr_carea' id='block_1_10' title="bbox 59 2451 274 2494">
    <p class='ocr_par' dir='ltr' id='par_1_10' title="bbox 59 2451 274 2494">
     <span class='ocr_line' id='line_1_26' title="bbox 59 2451 274 2494; baseline -0.019 -9"><span class='ocrx_word' id='word_1_53' title='bbox 59 2455 77 2485; x_wconf 83' lang='lat'><strong>3</strong></span> <span class='ocrx_word' id='word_1_54' title='bbox 101 2454 199 2494; x_wconf 76' lang='lat' dir='ltr'>Regu.</span> <span class='ocrx_word' id='word_1_55' title='bbox 224 2451 274 2482; x_wconf 84' lang='lat'>19.</span> 
     </span>
    </p>
   </div>
   <div class='ocr_carea' id='block_1_11' title="bbox 57 2493 249 2781">
    <p class='ocr_par' dir='ltr' id='par_1_11' title="bbox 58 2493 249 2611">
     <span class='ocr_line' id='line_1_27' title="bbox 58 2493 247 2527; baseline -0.021 0"><span class='ocrx_word' id='word_1_56' title='bbox 58 2496 172 2527; x_wconf 84' lang='lat' dir='ltr'>Roma.</span> <span class='ocrx_word' id='word_1_57' title='bbox 198 2493 247 2524; x_wconf 86' lang='lat' dir='ltr'>ll.</span> 
     </span>
     <span class='ocr_line' id='line_1_28' title="bbox 58 2535 249 2569; baseline -0.016 0"><span class='ocrx_word' id='word_1_58' title='bbox 58 2536 196 2569; x_wconf 72' lang='lat' dir='ltr'>Bai-neh.</span> <span class='ocrx_word' id='word_1_59' title='bbox 221 2535 249 2566; x_wconf 87' lang='lat'>6.</span> 
     </span>
     <span class='ocr_line' id='line_1_29' title="bbox 58 2579 192 2611; baseline -0.015 0"><span class='ocrx_word' id='word_1_60' title='bbox 58 2579 140 2611; x_wconf 85' lang='lat' dir='ltr'>Dan.</span> <span class='ocrx_word' id='word_1_61' title='bbox 163 2579 192 2609; x_wconf 84' lang='lat'>3.</span> 
     </span>
    </p>

    <p class='ocr_par' dir='ltr' id='par_1_12' title="bbox 57 2620 236 2781">
     <span class='ocr_line' id='line_1_30' title="bbox 57 2620 225 2653; baseline -0.018 0"><span class='ocrx_word' id='word_1_62' title='bbox 57 2621 153 2653; x_wconf 83' lang='lat' dir='ltr'>Deut.</span> <span class='ocrx_word' id='word_1_63' title='bbox 175 2620 225 2651; x_wconf 77' lang='lat'>12.</span> 
     </span>
     <span class='ocr_line' id='line_1_31' title="bbox 59 2662 234 2695; baseline -0.011 0"><span class='ocrx_word' id='word_1_64' title='bbox 59 2663 182 2695; x_wconf 89' lang='lat' dir='ltr'>Coloss.</span> <span class='ocrx_word' id='word_1_65' title='bbox 205 2662 234 2693; x_wconf 80' lang='lat'>2.</span> 
     </span>
     <span class='ocr_line' id='line_1_32' title="bbox 59 2705 236 2737; baseline -0.017 0"><span class='ocrx_word' id='word_1_66' title='bbox 59 2705 163 2737; x_wconf 85' lang='lat' dir='ltr'>Math.</span> <span class='ocrx_word' id='word_1_67' title='bbox 188 2705 236 2735; x_wconf 82' lang='lat'>15.</span> 
     </span>
     <span class='ocr_line' id='line_1_33' title="bbox 59 2747 211 2781; baseline -0.02 0"><span class='ocrx_word' id='word_1_68' title='bbox 59 2747 136 2781; x_wconf 82' lang='lat' dir='ltr'>Luc.</span> <span class='ocrx_word' id='word_1_69' title='bbox 160 2747 211 2778; x_wconf 84' lang='lat'>16.</span> 
     </span>
    </p>
   </div>
   <div class='ocr_carea' id='block_1_12' title="bbox 338 106 1272 142">
    <p class='ocr_par' dir='ltr' id='par_1_13' title="bbox 338 106 1272 142">
     <span class='ocr_line' id='line_1_34' title="bbox 338 106 1272 142; baseline -0.002 0"><span class='ocrx_word' id='word_1_70' title='bbox 338 106 412 142; x_wconf 80' lang='lat'>364</span> <span class='ocrx_word' id='word_1_71' title='bbox 813 111 986 140; x_wconf 64' lang='lat' dir='ltr'>onnon.</span> <span class='ocrx_word' id='word_1_72' title='bbox 1016 112 1126 140; x_wconf 66' lang='lat' dir='ltr'>nect.</span> <span class='ocrx_word' id='word_1_73' title='bbox 1156 111 1272 141; x_wconf 65' lang='lat' dir='ltr'>hoND.</span> 
     </span>
    </p>
   </div>
   <div class='ocr_carea' id='block_1_13' title="bbox 336 216 1748 1498">
    <p class='ocr_par' dir='ltr' id='par_1_14' title="bbox 990 216 1105 268">
     <span class='ocr_line' id='line_1_35' title="bbox 990 216 1105 268; baseline 0.009 -13"><span class='ocrx_word' id='word_1_74' title='bbox 990 216 1105 268; x_wconf 86' lang='lat' dir='ltr'>Resp.</span> 
     </span>
    </p>

    <p class='ocr_par' dir='ltr' id='par_1_15' title="bbox 336 279 1748 526">
     <span class='ocr_line' id='line_1_36' title="bbox 391 279 1747 333; baseline -0.001 -13"><span class='ocrx_word' id='word_1_75' title='bbox 391 282 520 320; x_wconf 77' lang='lat' dir='ltr'>Quum</span> <span class='ocrx_word' id='word_1_76' title='bbox 549 279 670 318; x_wconf 89' lang='lat' dir='ltr'>Deum</span> <span class='ocrx_word' id='word_1_77' title='bbox 697 281 800 320; x_wconf 91' lang='lat' dir='ltr'>hunc</span> <span class='ocrx_word' id='word_1_78' title='bbox 828 280 980 320; x_wconf 88' lang='lat' dir='ltr'>unicum</span> <span class='ocrx_word' id='word_1_79' title='bbox 1009 285 1121 332; x_wconf 89' lang='lat' dir='ltr'>atque</span> <span class='ocrx_word' id='word_1_80' title='bbox 1148 281 1275 320; x_wconf 87' lang='lat' dir='ltr'>vivum</span> <span class='ocrx_word' id='word_1_81' title='bbox 1302 281 1453 333; x_wconf 88' lang='lat' dir='ltr'>penitus</span> <span class='ocrx_word' id='word_1_82' title='bbox 1472 280 1747 331; x_wconf 83' lang='lat' dir='ltr'>cognoscimus,</span> 
     </span>
     <span class='ocr_line' id='line_1_37' title="bbox 339 345 1748 396; baseline -0.001 -11"><span class='ocrx_word' id='word_1_83' title='bbox 339 358 571 391; x_wconf 81' lang='lat' dir='ltr'>veneramur,</span> <span class='ocrx_word' id='word_1_84' title='bbox 598 345 804 395; x_wconf 84' lang='lat' dir='ltr'><strong>diligimus,</strong></span> <span class='ocrx_word' id='word_1_85' title='bbox 820 345 996 383; x_wconf 87' lang='lat' dir='ltr'>timemus</span> <span class='ocrx_word' id='word_1_86' title='bbox 1015 349 1126 396; x_wconf 84' lang='lat' dir='ltr'>atque</span> <span class='ocrx_word' id='word_1_87' title='bbox 1149 345 1390 391; x_wconf 86' lang='lat' dir='ltr'>honoramus,</span> <span class='ocrx_word' id='word_1_88' title='bbox 1410 358 1496 384; x_wconf 91' lang='lat' dir='ltr'>eum</span> <span class='ocrx_word' id='word_1_89' title='bbox 1516 345 1638 384; x_wconf 89' lang='lat' dir='ltr'>solum</span> <span class='ocrx_word' id='word_1_90' title='bbox 1655 345 1748 384; x_wconf 88' lang='lat' dir='ltr'>ado-</span> 
     </span>
     <span class='ocr_line' id='line_1_38' title="bbox 336 408 1748 461; baseline 0 -13"><span class='ocrx_word' id='word_1_91' title='bbox 336 423 475 457; x_wconf 81' lang='lat' dir='ltr'>ramuS‚</span> <span class='ocrx_word' id='word_1_92' title='bbox 505 409 730 448; x_wconf 90' lang='lat' dir='ltr'>confidimus</span> <span class='ocrx_word' id='word_1_93' title='bbox 747 410 834 461; x_wconf 90' lang='lat' dir='ltr'>ipsi,</span> <span class='ocrx_word' id='word_1_94' title='bbox 851 410 995 459; x_wconf 82' lang='lat' dir='ltr'>gratias</span> <span class='ocrx_word' id='word_1_95' title='bbox 1009 408 1089 458; x_wconf 67' lang='lat'>(8¹³)</span> <span class='ocrx_word' id='word_1_96' title='bbox 1110 409 1268 460; x_wconf 86' lang='lat' dir='ltr'>agimus,</span> <span class='ocrx_word' id='word_1_97' title='bbox 1283 414 1480 461; x_wconf 87' lang='lat' dir='ltr'>totumque</span> <span class='ocrx_word' id='word_1_98' title='bbox 1495 422 1558 447; x_wconf 89' lang='lat' dir='ltr'>cor</span> <span class='ocrx_word' id='word_1_99' title='bbox 1577 413 1748 448; x_wconf 87' lang='lat' dir='ltr'>nostrum</span> 
     </span>
     <span class='ocr_line' id='line_1_39' title="bbox 336 473 1748 526; baseline 0.001 -13"><span class='ocrx_word' id='word_1_100' title='bbox 336 474 441 513; x_wconf 88' lang='lat' dir='ltr'>omni</span> <span class='ocrx_word' id='word_1_101' title='bbox 468 473 504 512; x_wconf 94' lang='lat' dir='ltr'>vi</span> <span class='ocrx_word' id='word_1_102' title='bbox 531 478 643 525; x_wconf 85' lang='lat' dir='ltr'>atque</span> <span class='ocrx_word' id='word_1_103' title='bbox 670 474 838 526; x_wconf 85' lang='lat' dir='ltr'>potentia</span> <span class='ocrx_word' id='word_1_104' title='bbox 865 478 994 512; x_wconf 90' lang='lat' dir='ltr'>nostra</span> <span class='ocrx_word' id='word_1_105' title='bbox 1021 486 1177 525; x_wconf 87' lang='lat' dir='ltr'>prorsus</span> <span class='ocrx_word' id='word_1_106' title='bbox 1203 474 1245 512; x_wconf 92' lang='lat' dir='ltr'>in</span> <span class='ocrx_word' id='word_1_107' title='bbox 1272 487 1357 513; x_wconf 85' lang='lat' dir='ltr'>eum</span> <span class='ocrx_word' id='word_1_108' title='bbox 1377 475 1499 512; x_wconf 90' lang='lat' dir='ltr'>solum</span> <span class='ocrx_word' id='word_1_109' title='bbox 1518 473 1748 526; x_wconf 80' lang='lat' dir='ltr'>reponimuS.</span> 
     </span>
    </p>

    <p class='ocr_par' dir='ltr' id='par_1_16' title="bbox 390 539 1392 719">
     <span class='ocr_line' id='line_1_40' title="bbox 923 539 1155 578; baseline 0.009 -2"><span class='ocrx_word' id='word_1_110' title='bbox 923 539 1066 578; x_wconf 89' lang='lat' dir='ltr'>Interr.</span> <span class='ocrx_word' id='word_1_111' title='bbox 1095 541 1155 578; x_wconf 84' lang='lat'>22.</span> 
     </span>
     <span class='ocr_line' id='line_1_41' title="bbox 390 603 1392 655; baseline -0.001 -12"><span class='ocrx_word' id='word_1_112' title='bbox 390 603 594 643; x_wconf 77' lang='lat' dir='ltr'>Quomodo</span> <span class='ocrx_word' id='word_1_113' title='bbox 622 603 786 655; x_wconf 88' lang='lat' dir='ltr'>primum</span> <span class='ocrx_word' id='word_1_114' title='bbox 815 603 887 641; x_wconf 92' lang='lat' dir='ltr'>hoc</span> <span class='ocrx_word' id='word_1_115' title='bbox 915 607 1154 655; x_wconf 87' lang='lat' dir='ltr'>praeceptum</span> <span class='ocrx_word' id='word_1_116' title='bbox 1182 603 1392 654; x_wconf 83' lang='lat' dir='ltr'>migratur?</span> 
     </span>
     <span class='ocr_line' id='line_1_42' title="bbox 982 668 1095 719; baseline 0.018 -14"><span class='ocrx_word' id='word_1_117' title='bbox 982 668 1095 719; x_wconf 84' lang='lat' dir='ltr'>Resp.</span> 
     </span>
    </p>

    <p class='ocr_par' dir='ltr' id='par_1_17' title="bbox 336 732 1748 1043">
     <span class='ocr_line' id='line_1_43' title="bbox 387 732 1747 784; baseline 0.001 -13"><span class='ocrx_word' id='word_1_118' title='bbox 387 733 514 771; x_wconf 86' lang='lat' dir='ltr'>Variis</span> <span class='ocrx_word' id='word_1_119' title='bbox 550 733 701 784; x_wconf 90' lang='lat' dir='ltr'>quidem</span> <span class='ocrx_word' id='word_1_120' title='bbox 736 732 874 780; x_wconf 88' lang='lat' dir='ltr'>modis,</span> <span class='ocrx_word' id='word_1_121' title='bbox 900 733 1062 771; x_wconf 80' lang='lat' dir='ltr'>maxime</span> <span class='ocrx_word' id='word_1_122' title='bbox 1099 745 1200 779; x_wconf 85' lang='lat' dir='ltr'>vcro,</span> <span class='ocrx_word' id='word_1_123' title='bbox 1236 733 1268 771; x_wconf 86' lang='lat' dir='ltr'>si</span> <span class='ocrx_word' id='word_1_124' title='bbox 1303 733 1458 772; x_wconf 86' lang='lat' dir='ltr'>unicum</span> <span class='ocrx_word' id='word_1_125' title='bbox 1495 733 1598 772; x_wconf 91' lang='lat' dir='ltr'>hunc</span> <span class='ocrx_word' id='word_1_126' title='bbox 1625 734 1747 772; x_wconf 90' lang='lat' dir='ltr'>Deum</span> 
     </span>
     <span class='ocr_line' id='line_1_44' title="bbox 336 797 1746 843; baseline 0 -7"><span class='ocrx_word' id='word_1_127' title='bbox 336 811 380 836; x_wconf 86' lang='lat' dir='ltr'>ac</span> <span class='ocrx_word' id='word_1_128' title='bbox 408 797 613 835; x_wconf 88' lang='lat' dir='ltr'>Dominum</span> <span class='ocrx_word' id='word_1_129' title='bbox 642 801 813 835; x_wconf 86' lang='lat' dir='ltr'>nostrum</span> <span class='ocrx_word' id='word_1_130' title='bbox 843 797 1133 843; x_wconf 89' lang='lat' dir='ltr'>contemnimus,</span> <span class='ocrx_word' id='word_1_131' title='bbox 1162 810 1226 835; x_wconf 88' lang='lat' dir='ltr'>cor</span> <span class='ocrx_word' id='word_1_132' title='bbox 1256 801 1428 836; x_wconf 88' lang='lat' dir='ltr'>nostrum</span> <span class='ocrx_word' id='word_1_133' title='bbox 1459 797 1507 836; x_wconf 93' lang='lat' dir='ltr'>ab</span> <span class='ocrx_word' id='word_1_134' title='bbox 1536 811 1579 836; x_wconf 92' lang='lat' dir='ltr'>eo</span> <span class='ocrx_word' id='word_1_135' title='bbox 1607 799 1746 837; x_wconf 88' lang='lat' dir='ltr'>averti-</span> 
     </span>
     <span class='ocr_line' id='line_1_45' title="bbox 337 860 1748 908; baseline 0.001 -9"><span class='ocrx_word' id='word_1_136' title='bbox 337 875 432 908; x_wconf 80' lang='lat' dir='ltr'>mUS,</span> <span class='ocrx_word' id='word_1_137' title='bbox 458 861 542 898; x_wconf 84' lang='lat' dir='ltr'>aliis</span> <span class='ocrx_word' id='word_1_138' title='bbox 572 861 751 899; x_wconf 81' lang='lat' dir='ltr'>creaturis</span> <span class='ocrx_word' id='word_1_139' title='bbox 778 861 1036 906; x_wconf 80' lang='lat' dir='ltr'>adhaeremus,</span> <span class='ocrx_word' id='word_1_140' title='bbox 1065 860 1234 899; x_wconf 89' lang='lat' dir='ltr'>divinum</span> <span class='ocrx_word' id='word_1_141' title='bbox 1262 861 1443 899; x_wconf 80' lang='lat' dir='ltr'>auxilium</span> <span class='ocrx_word' id='word_1_142' title='bbox 1471 861 1548 899; x_wconf 90' lang='lat' dir='ltr'>sive</span> <span class='ocrx_word' id='word_1_143' title='bbox 1577 862 1748 900; x_wconf 89' lang='lat' dir='ltr'>consola-</span> 
     </span>
     <span class='ocr_line' id='line_1_46' title="bbox 336 926 1748 979; baseline 0.001 -14"><span class='ocrx_word' id='word_1_144' title='bbox 336 927 480 966; x_wconf 79' lang='lat' dir='ltr'>tionem</span> <span class='ocrx_word' id='word_1_145' title='bbox 507 926 606 978; x_wconf 88' lang='lat' dir='ltr'>apud</span> <span class='ocrx_word' id='word_1_146' title='bbox 634 939 696 964; x_wconf 84' lang='lat' dir='ltr'>eas</span> <span class='ocrx_word' id='word_1_147' title='bbox 724 926 966 978; x_wconf 85' lang='lat' dir='ltr'>requirimus,</span> <span class='ocrx_word' id='word_1_148' title='bbox 996 926 1166 978; x_wconf 88' lang='lat' dir='ltr'>adeoque</span> <span class='ocrx_word' id='word_1_149' title='bbox 1193 927 1296 964; x_wconf 91' lang='lat' dir='ltr'>unici</span> <span class='ocrx_word' id='word_1_150' title='bbox 1325 926 1394 965; x_wconf 91' lang='lat' dir='ltr'>Dei</span> <span class='ocrx_word' id='word_1_151' title='bbox 1422 927 1616 978; x_wconf 89' lang='lat' dir='ltr'>proprium</span> <span class='ocrx_word' id='word_1_152' title='bbox 1635 930 1748 979; x_wconf 86' lang='lat' dir='ltr'>atquc</span> 
     </span>
     <span class='ocr_line' id='line_1_47' title="bbox 337 991 1280 1043; baseline 0.002 -14"><span class='ocrx_word' id='word_1_153' title='bbox 337 992 547 1042; x_wconf 84' lang='lat' dir='ltr'>legitimum</span> <span class='ocrx_word' id='word_1_154' title='bbox 574 991 754 1030; x_wconf 89' lang='lat' dir='ltr'>honorem</span> <span class='ocrx_word' id='word_1_155' title='bbox 783 991 848 1029; x_wconf 88' lang='lat' dir='ltr'>alii</span> <span class='ocrx_word' id='word_1_156' title='bbox 876 991 1036 1043; x_wconf 84' lang='lat' dir='ltr'>cuipiam</span> <span class='ocrx_word' id='word_1_157' title='bbox 1063 992 1280 1031; x_wconf 80' lang='lat' dir='ltr'>tribuimus.</span> 
     </span>
    </p>

    <p class='ocr_par' dir='ltr' id='par_1_18' title="bbox 922 1057 1155 1096">
     <span class='ocr_line' id='line_1_48' title="bbox 922 1057 1155 1096; baseline 0.009 -2"><span class='ocrx_word' id='word_1_158' title='bbox 922 1057 1063 1096; x_wconf 90' lang='lat' dir='ltr'>Interr.</span> <span class='ocrx_word' id='word_1_159' title='bbox 1095 1060 1155 1096; x_wconf 76' lang='lat'>23.</span> 
     </span>
    </p>

    <p class='ocr_par' dir='ltr' id='par_1_19' title="bbox 389 1121 1170 1173">
     <span class='ocr_line' id='line_1_49' title="bbox 389 1121 1170 1173; baseline 0 -14"><span class='ocrx_word' id='word_1_160' title='bbox 389 1121 520 1160; x_wconf 84' lang='lat' dir='ltr'>Recita</span> <span class='ocrx_word' id='word_1_161' title='bbox 548 1121 641 1159; x_wconf 89' lang='lat' dir='ltr'>mihi</span> <span class='ocrx_word' id='word_1_162' title='bbox 670 1121 875 1160; x_wconf 89' lang='lat' dir='ltr'>secundum</span> <span class='ocrx_word' id='word_1_163' title='bbox 903 1121 1170 1173; x_wconf 83' lang='lat' dir='ltr'>pracceptum?</span> 
     </span>
    </p>

    <p class='ocr_par' dir='ltr' id='par_1_20' title="bbox 982 1187 1098 1238">
     <span class='ocr_line' id='line_1_50' title="bbox 982 1187 1098 1238; baseline 0.009 -14"><span class='ocrx_word' id='word_1_164' title='bbox 982 1187 1098 1238; x_wconf 84' lang='lat' dir='ltr'>Resp.</span> 
     </span>
    </p>

    <p class='ocr_par' dir='ltr' id='par_1_21' title="bbox 338 1252 1747 1498">
     <span class='ocr_line' id='line_1_51' title="bbox 390 1252 1747 1304; baseline 0.001 -14"><span class='ocrx_word' id='word_1_165' title='bbox 390 1253 450 1290; x_wconf 90' lang='lat' dir='ltr'>Ne</span> <span class='ocrx_word' id='word_1_166' title='bbox 485 1252 617 1291; x_wconf 86' lang='lat' dir='ltr'>feceris</span> <span class='ocrx_word' id='word_1_167' title='bbox 651 1252 722 1291; x_wconf 83' lang='lat' dir='ltr'>tibi</span> <span class='ocrx_word' id='word_1_168' title='bbox 759 1257 937 1297; x_wconf 77' lang='lat' dir='ltr'>statuam,</span> <span class='ocrx_word' id='word_1_169' title='bbox 965 1254 1043 1301; x_wconf 68' lang='lat'>(92)</span> <span class='ocrx_word' id='word_1_170' title='bbox 1080 1265 1203 1304; x_wconf 88' lang='lat' dir='ltr'>neque</span> <span class='ocrx_word' id='word_1_171' title='bbox 1238 1252 1356 1290; x_wconf 88' lang='lat' dir='ltr'>ullum</span> <span class='ocrx_word' id='word_1_172' title='bbox 1394 1253 1661 1291; x_wconf 75' lang='lat' dir='ltr'>simulachrum</span> <span class='ocrx_word' id='word_1_173' title='bbox 1701 1268 1747 1292; x_wconf 85' lang='lat' dir='ltr'>ex</span> 
     </span>
     <span class='ocr_line' id='line_1_52' title="bbox 341 1317 1747 1369; baseline 0.001 -13"><span class='ocrx_word' id='word_1_174' title='bbox 341 1318 532 1363; x_wconf 84' lang='lat' dir='ltr'>omnibus,</span> <span class='ocrx_word' id='word_1_175' title='bbox 559 1330 652 1369; x_wconf 89' lang='lat' dir='ltr'>quae</span> <span class='ocrx_word' id='word_1_176' title='bbox 681 1321 767 1356; x_wconf 88' lang='lat' dir='ltr'>sunt</span> <span class='ocrx_word' id='word_1_177' title='bbox 792 1317 833 1355; x_wconf 88' lang='lat' dir='ltr'>in</span> <span class='ocrx_word' id='word_1_178' title='bbox 861 1317 974 1355; x_wconf 87' lang='lat' dir='ltr'>coelis</span> <span class='ocrx_word' id='word_1_179' title='bbox 1003 1330 1175 1368; x_wconf 82' lang='lat' dir='ltr'>superne,</span> <span class='ocrx_word' id='word_1_180' title='bbox 1202 1330 1323 1368; x_wconf 88' lang='lat' dir='ltr'>neque</span> <span class='ocrx_word' id='word_1_181' title='bbox 1350 1330 1446 1368; x_wconf 88' lang='lat' dir='ltr'>quae</span> <span class='ocrx_word' id='word_1_182' title='bbox 1474 1321 1562 1356; x_wconf 89' lang='lat' dir='ltr'>sunt</span> <span class='ocrx_word' id='word_1_183' title='bbox 1590 1318 1629 1356; x_wconf 90' lang='lat' dir='ltr'>in</span> <span class='ocrx_word' id='word_1_184' title='bbox 1648 1322 1747 1357; x_wconf 78' lang='lat' dir='ltr'>terra.</span> 
     </span>
     <span class='ocr_line' id='line_1_53' title="bbox 338 1381 1747 1434; baseline 0.001 -14"><span class='ocrx_word' id='word_1_185' title='bbox 338 1383 408 1421; x_wconf 85' lang='lat' dir='ltr'>sub</span> <span class='ocrx_word' id='word_1_186' title='bbox 447 1383 564 1427; x_wconf 85' lang='lat' dir='ltr'>coelo,</span> <span class='ocrx_word' id='word_1_187' title='bbox 601 1395 721 1433; x_wconf 88' lang='lat' dir='ltr'>neque</span> <span class='ocrx_word' id='word_1_188' title='bbox 755 1382 796 1419; x_wconf 93' lang='lat' dir='ltr'>in</span> <span class='ocrx_word' id='word_1_189' title='bbox 833 1382 941 1433; x_wconf 80' lang='lat' dir='ltr'>aquis</span> <span class='ocrx_word' id='word_1_190' title='bbox 979 1385 1068 1419; x_wconf 88' lang='lat' dir='ltr'>sunt</span> <span class='ocrx_word' id='word_1_191' title='bbox 1097 1382 1167 1419; x_wconf 88' lang='lat' dir='ltr'>sub</span> <span class='ocrx_word' id='word_1_192' title='bbox 1196 1385 1308 1420; x_wconf 86' lang='lat' dir='ltr'>terra.</span> <span class='ocrx_word' id='word_1_193' title='bbox 1364 1382 1425 1420; x_wconf 89' lang='lat' dir='ltr'>Ne</span> <span class='ocrx_word' id='word_1_194' title='bbox 1452 1381 1598 1428; x_wconf 87' lang='lat' dir='ltr'>adores,</span> <span class='ocrx_word' id='word_1_195' title='bbox 1627 1396 1747 1434; x_wconf 89' lang='lat' dir='ltr'>neque</span> 
     </span>
     <span class='ocr_line' id='line_1_54' title="bbox 339 1445 1560 1498; baseline 0 -13"><span class='ocrx_word' id='word_1_196' title='bbox 339 1447 518 1492; x_wconf 71' lang='lat' dir='ltr'>honores,</span> <span class='ocrx_word' id='word_1_197' title='bbox 540 1459 661 1498; x_wconf 88' lang='lat' dir='ltr'>neque</span> <span class='ocrx_word' id='word_1_198' title='bbox 689 1447 789 1484; x_wconf 87' lang='lat' dir='ltr'>colas</span> <span class='ocrx_word' id='word_1_199' title='bbox 818 1459 874 1491; x_wconf 84' lang='lat' dir='ltr'>ea,</span> <span class='ocrx_word' id='word_1_200' title='bbox 901 1459 990 1484; x_wconf 88' lang='lat' dir='ltr'>nam</span> <span class='ocrx_word' id='word_1_201' title='bbox 1017 1459 1087 1495; x_wconf 83' lang='lat' dir='ltr'>ego</span> <span class='ocrx_word' id='word_1_202' title='bbox 1117 1445 1303 1484; x_wconf 85' lang='lat' dir='ltr'>Dominus</span> <span class='ocrx_word' id='word_1_203' title='bbox 1332 1446 1433 1485; x_wconf 89' lang='lat' dir='ltr'>Deus</span> <span class='ocrx_word' id='word_1_204' title='bbox 1459 1450 1560 1486; x_wconf 88' lang='lat' dir='ltr'>tuus.</span> 
     </span>
    </p>
   </div>
   <div class='ocr_carea' id='block_1_14' title="bbox 340 1575 1750 2905">
    <p class='ocr_par' dir='ltr' id='par_1_22' title="bbox 929 1575 1157 1615">
     <span class='ocr_line' id='line_1_55' title="bbox 929 1575 1157 1615; baseline 0.009 -3"><span class='ocrx_word' id='word_1_205' title='bbox 929 1575 1066 1615; x_wconf 82' lang='lat' dir='ltr'>Interr.</span> <span class='ocrx_word' id='word_1_206' title='bbox 1097 1578 1157 1614; x_wconf 78' lang='lat'>24.</span> 
     </span>
    </p>

    <p class='ocr_par' dir='ltr' id='par_1_23' title="bbox 391 1639 1265 1692">
     <span class='ocr_line' id='line_1_56' title="bbox 391 1639 1265 1692; baseline -0.003 -12"><span class='ocrx_word' id='word_1_207' title='bbox 391 1641 596 1681; x_wconf 75' lang='lat' dir='ltr'>Quomodo</span> <span class='ocrx_word' id='word_1_208' title='bbox 623 1643 864 1692; x_wconf 85' lang='lat' dir='ltr'>praeceptum</span> <span class='ocrx_word' id='word_1_209' title='bbox 892 1640 988 1678; x_wconf 90' lang='lat' dir='ltr'>illud</span> <span class='ocrx_word' id='word_1_210' title='bbox 1017 1639 1265 1678; x_wconf 81' lang='lat' dir='ltr'>observatur?</span> 
     </span>
    </p>

    <p class='ocr_par' dir='ltr' id='par_1_24' title="bbox 989 1704 1102 1755">
     <span class='ocr_line' id='line_1_57' title="bbox 989 1704 1102 1755; baseline 0.009 -13"><span class='ocrx_word' id='word_1_211' title='bbox 989 1704 1102 1755; x_wconf 84' lang='lat' dir='ltr'>Resp.</span> 
     </span>
    </p>

    <p class='ocr_par' dir='ltr' id='par_1_25' title="bbox 340 1768 1750 2143">
     <span class='ocr_line' id='line_1_58' title="bbox 392 1768 1750 1820; baseline 0.001 -12"><span class='ocrx_word' id='word_1_212' title='bbox 392 1770 522 1809; x_wconf 76' lang='lat' dir='ltr'>Quum</span> <span class='ocrx_word' id='word_1_213' title='bbox 558 1770 671 1808; x_wconf 85' lang='lat' dir='ltr'>altam</span> <span class='ocrx_word' id='word_1_214' title='bbox 709 1769 779 1807; x_wconf 87' lang='lat' dir='ltr'>Dei</span> <span class='ocrx_word' id='word_1_215' title='bbox 815 1768 952 1820; x_wconf 87' lang='lat' dir='ltr'>quippe</span> <span class='ocrx_word' id='word_1_216' title='bbox 990 1769 1144 1820; x_wconf 86' lang='lat' dir='ltr'>spiritus</span> <span class='ocrx_word' id='word_1_217' title='bbox 1182 1769 1413 1807; x_wconf 87' lang='lat' dir='ltr'>maiestatem</span> <span class='ocrx_word' id='word_1_218' title='bbox 1451 1769 1505 1807; x_wconf 85' lang='lat' dir='ltr'>sic</span> <span class='ocrx_word' id='word_1_219' title='bbox 1550 1771 1589 1808; x_wconf 90' lang='lat' dir='ltr'>in</span> <span class='ocrx_word' id='word_1_220' title='bbox 1638 1771 1750 1809; x_wconf 86' lang='lat' dir='ltr'>corde</span> 
     </span>
     <span class='ocr_line' id='line_1_59' title="bbox 340 1834 1750 1887; baseline 0.001 -14"><span class='ocrx_word' id='word_1_221' title='bbox 340 1839 469 1874; x_wconf 87' lang='lat' dir='ltr'>nostro</span> <span class='ocrx_word' id='word_1_222' title='bbox 505 1835 707 1886; x_wconf 85' lang='lat' dir='ltr'>repositam</span> <span class='ocrx_word' id='word_1_223' title='bbox 744 1834 936 1880; x_wconf 86' lang='lat' dir='ltr'>habemus,</span> <span class='ocrx_word' id='word_1_224' title='bbox 974 1839 1014 1871; x_wconf 86' lang='lat' dir='ltr'>ut</span> <span class='ocrx_word' id='word_1_225' title='bbox 1050 1834 1192 1871; x_wconf 89' lang='lat' dir='ltr'>nullam</span> <span class='ocrx_word' id='word_1_226' title='bbox 1230 1837 1391 1872; x_wconf 88' lang='lat' dir='ltr'>statuam</span> <span class='ocrx_word' id='word_1_227' title='bbox 1421 1835 1602 1873; x_wconf 87' lang='lat' dir='ltr'>faciamus</span> <span class='ocrx_word' id='word_1_228' title='bbox 1631 1849 1750 1887; x_wconf 89' lang='lat' dir='ltr'>neque</span> 
     </span>
     <span class='ocr_line' id='line_1_60' title="bbox 341 1898 1749 1950; baseline 0.001 -13"><span class='ocrx_word' id='word_1_229' title='bbox 341 1900 544 1949; x_wconf 74' lang='lat' dir='ltr'>erigamus,</span> <span class='ocrx_word' id='word_1_230' title='bbox 571 1899 629 1937; x_wconf 92' lang='lat' dir='ltr'>cui</span> <span class='ocrx_word' id='word_1_231' title='bbox 656 1898 789 1937; x_wconf 88' lang='lat' dir='ltr'>intime</span> <span class='ocrx_word' id='word_1_232' title='bbox 817 1899 894 1936; x_wconf 91' lang='lat' dir='ltr'>sive</span> <span class='ocrx_word' id='word_1_233' title='bbox 922 1899 1057 1937; x_wconf 84' lang='lat' dir='ltr'>extime</span> <span class='ocrx_word' id='word_1_234' title='bbox 1086 1899 1270 1936; x_wconf 88' lang='lat' dir='ltr'>honorem</span> <span class='ocrx_word' id='word_1_235' title='bbox 1297 1899 1487 1937; x_wconf 87' lang='lat' dir='ltr'>cultumve</span> <span class='ocrx_word' id='word_1_236' title='bbox 1507 1899 1668 1950; x_wconf 88' lang='lat' dir='ltr'>aliquem</span> <span class='ocrx_word' id='word_1_237' title='bbox 1691 1900 1749 1937; x_wconf 90' lang='lat' dir='ltr'>di-</span> 
     </span>
     <span class='ocr_line' id='line_1_61' title="bbox 343 1962 1749 2016; baseline 0.001 -14"><span class='ocrx_word' id='word_1_238' title='bbox 343 1964 476 2002; x_wconf 86' lang='lat' dir='ltr'>vinum</span> <span class='ocrx_word' id='word_1_239' title='bbox 512 1965 730 2008; x_wconf 85' lang='lat' dir='ltr'>referamus,</span> <span class='ocrx_word' id='word_1_240' title='bbox 758 1963 834 2001; x_wconf 90' lang='lat' dir='ltr'>sive</span> <span class='ocrx_word' id='word_1_241' title='bbox 863 1976 1023 2014; x_wconf 88' lang='lat' dir='ltr'>quacum</span> <span class='ocrx_word' id='word_1_242' title='bbox 1053 1962 1123 2000; x_wconf 90' lang='lat' dir='ltr'>Dei</span> <span class='ocrx_word' id='word_1_243' title='bbox 1151 1967 1351 2009; x_wconf 81' lang='lat' dir='ltr'>aeternam,</span> <span class='ocrx_word' id='word_1_244' title='bbox 1379 1962 1611 2001; x_wconf 87' lang='lat' dir='ltr'>invisibilem</span> <span class='ocrx_word' id='word_1_245' title='bbox 1639 1968 1749 2016; x_wconf 89' lang='lat' dir='ltr'>atque</span> 
     </span>
     <span class='ocr_line' id='line_1_62' title="bbox 340 2026 1748 2079; baseline 0 -13"><span class='ocrx_word' id='word_1_246' title='bbox 340 2027 758 2079; x_wconf 87' lang='lat' dir='ltr'>incomprehensibilem</span> <span class='ocrx_word' id='word_1_247' title='bbox 787 2027 984 2065; x_wconf 87' lang='lat' dir='ltr'>essentiam</span> <span class='ocrx_word' id='word_1_248' title='bbox 1016 2040 1296 2078; x_wconf 83' lang='lat' dir='ltr'>componamus,</span> <span class='ocrx_word' id='word_1_249' title='bbox 1313 2048 1363 2055; x_wconf 94' lang='lat'>—</span> <span class='ocrx_word' id='word_1_250' title='bbox 1381 2026 1502 2065; x_wconf 90' lang='lat' dir='ltr'>Deum</span> <span class='ocrx_word' id='word_1_251' title='bbox 1523 2041 1609 2066; x_wconf 87' lang='lat' dir='ltr'>vero</span> <span class='ocrx_word' id='word_1_252' title='bbox 1628 2029 1748 2066; x_wconf 88' lang='lat' dir='ltr'>solum</span> 
     </span>
     <span class='ocr_line' id='line_1_63' title="bbox 341 2092 1569 2143; baseline -0.002 -12"><span class='ocrx_word' id='word_1_253' title='bbox 341 2093 445 2132; x_wconf 80' lang='lat' dir='ltr'>iuxta</span> <span class='ocrx_word' id='word_1_254' title='bbox 475 2092 628 2131; x_wconf 87' lang='lat' dir='ltr'>verbum</span> <span class='ocrx_word' id='word_1_255' title='bbox 655 2092 775 2143; x_wconf 87' lang='lat' dir='ltr'>ipsius</span> <span class='ocrx_word' id='word_1_256' title='bbox 802 2092 843 2129; x_wconf 88' lang='lat' dir='ltr'>in</span> <span class='ocrx_word' id='word_1_257' title='bbox 872 2092 1006 2143; x_wconf 88' lang='lat' dir='ltr'>spiritu</span> <span class='ocrx_word' id='word_1_258' title='bbox 1033 2104 1076 2129; x_wconf 89' lang='lat' dir='ltr'>ac</span> <span class='ocrx_word' id='word_1_259' title='bbox 1106 2092 1264 2129; x_wconf 85' lang='lat' dir='ltr'>veritate</span> <span class='ocrx_word' id='word_1_260' title='bbox 1292 2092 1462 2130; x_wconf 86' lang='lat' dir='ltr'>colimus.</span> <span class='ocrx_word' id='word_1_261' title='bbox 1490 2094 1569 2141; x_wconf 84' lang='lat' dir='ltr'>(9b)</span> 
     </span>
    </p>

    <p class='ocr_par' dir='ltr' id='par_1_26' title="bbox 926 2157 1156 2195">
     <span class='ocr_line' id='line_1_64' title="bbox 926 2157 1156 2195; baseline 0.009 -2"><span class='ocrx_word' id='word_1_262' title='bbox 926 2157 1064 2195; x_wconf 83' lang='lat' dir='ltr'>Interr.</span> <span class='ocrx_word' id='word_1_263' title='bbox 1094 2158 1156 2195; x_wconf 87' lang='lat'>25.</span> 
     </span>
    </p>

    <p class='ocr_par' dir='ltr' id='par_1_27' title="bbox 392 2217 1231 2272">
     <span class='ocr_line' id='line_1_65' title="bbox 392 2217 1231 2272; baseline -0.005 -11"><span class='ocrx_word' id='word_1_264' title='bbox 392 2221 596 2261; x_wconf 72' lang='lat' dir='ltr'>Quomodo</span> <span class='ocrx_word' id='word_1_265' title='bbox 624 2224 861 2272; x_wconf 83' lang='lat' dir='ltr'>praeceptum</span> <span class='ocrx_word' id='word_1_266' title='bbox 889 2220 983 2258; x_wconf 87' lang='lat' dir='ltr'>illud</span> <span class='ocrx_word' id='word_1_267' title='bbox 1012 2217 1231 2258; x_wconf 73' lang='lat' dir='ltr'>violatur?&#39;</span> 
     </span>
    </p>

    <p class='ocr_par' dir='ltr' id='par_1_28' title="bbox 987 2285 1099 2336">
     <span class='ocr_line' id='line_1_66' title="bbox 987 2285 1099 2336; baseline 0.009 -14"><span class='ocrx_word' id='word_1_268' title='bbox 987 2285 1099 2336; x_wconf 88' lang='lat' dir='ltr'>Resp.</span> 
     </span>
    </p>

    <p class='ocr_par' dir='ltr' id='par_1_29' title="bbox 342 2349 1748 2905">
     <span class='ocr_line' id='line_1_67' title="bbox 396 2349 1747 2401; baseline -0.001 -12"><span class='ocrx_word' id='word_1_269' title='bbox 396 2351 523 2390; x_wconf 74' lang='lat' dir='ltr'>Quum</span> <span class='ocrx_word' id='word_1_270' title='bbox 552 2350 822 2388; x_wconf 87' lang='lat' dir='ltr'>simulachrum</span> <span class='ocrx_word' id='word_1_271' title='bbox 850 2349 1040 2401; x_wconf 88' lang='lat' dir='ltr'>quoddam</span> <span class='ocrx_word' id='word_1_272' title='bbox 1070 2349 1302 2396; x_wconf 84' lang='lat' dir='ltr'>conficimus,</span> <span class='ocrx_word' id='word_1_273' title='bbox 1337 2350 1376 2387; x_wconf 90' lang='lat' dir='ltr'>in</span> <span class='ocrx_word' id='word_1_274' title='bbox 1404 2362 1478 2400; x_wconf 88' lang='lat' dir='ltr'>quo</span> <span class='ocrx_word' id='word_1_275' title='bbox 1506 2349 1626 2388; x_wconf 91' lang='lat' dir='ltr'>Deum</span> <span class='ocrx_word' id='word_1_276' title='bbox 1649 2349 1747 2387; x_wconf 89' lang='lat' dir='ltr'>eius-</span> 
     </span>
     <span class='ocr_line' id='line_1_68' title="bbox 344 2413 1748 2465; baseline -0.001 -13"><span class='ocrx_word' id='word_1_277' title='bbox 344 2428 414 2465; x_wconf 88' lang='lat' dir='ltr'>que</span> <span class='ocrx_word' id='word_1_278' title='bbox 457 2426 633 2465; x_wconf 86' lang='lat' dir='ltr'>praesens</span> <span class='ocrx_word' id='word_1_279' title='bbox 671 2414 853 2452; x_wconf 85' lang='lat' dir='ltr'>auxilium</span> <span class='ocrx_word' id='word_1_280' title='bbox 889 2427 1124 2465; x_wconf 85' lang='lat' dir='ltr'>quaeramus,</span> <span class='ocrx_word' id='word_1_281' title='bbox 1161 2413 1388 2451; x_wconf 88' lang='lat' dir='ltr'>celebremus</span> <span class='ocrx_word' id='word_1_282' title='bbox 1424 2417 1537 2464; x_wconf 87' lang='lat' dir='ltr'>atque</span> <span class='ocrx_word' id='word_1_283' title='bbox 1572 2414 1748 2461; x_wconf 88' lang='lat' dir='ltr'>colamus,</span> 
     </span>
     <span class='ocr_line' id='line_1_69' title="bbox 344 2478 1745 2528; baseline -0.001 -12"><span class='ocrx_word' id='word_1_284' title='bbox 344 2479 402 2516; x_wconf 89' lang='lat' dir='ltr'>vel</span> <span class='ocrx_word' id='word_1_285' title='bbox 438 2479 498 2516; x_wconf 92' lang='lat' dir='ltr'>cui</span> <span class='ocrx_word' id='word_1_286' title='bbox 533 2492 654 2528; x_wconf 87' lang='lat' dir='ltr'>genua</span> <span class='ocrx_word' id='word_1_287' title='bbox 690 2478 895 2522; x_wconf 82' lang='lat' dir='ltr'>flectamus,</span> <span class='ocrx_word' id='word_1_288' title='bbox 922 2478 1169 2516; x_wconf 85' lang='lat' dir='ltr'>accendamus</span> <span class='ocrx_word' id='word_1_289' title='bbox 1199 2491 1321 2516; x_wconf 87' lang='lat' dir='ltr'>cereos</span> <span class='ocrx_word' id='word_1_290' title='bbox 1350 2478 1510 2515; x_wconf 89' lang='lat' dir='ltr'>aliumve</span> <span class='ocrx_word' id='word_1_291' title='bbox 1536 2478 1745 2528; x_wconf 91' lang='lat' dir='ltr'>quempiam</span> 
     </span>
     <span class='ocr_line' id='line_1_70' title="bbox 343 2541 1747 2593; baseline 0 -13"><span class='ocrx_word' id='word_1_292' title='bbox 343 2543 553 2581; x_wconf 88' lang='lat' dir='ltr'>tribuamus</span> <span class='ocrx_word' id='word_1_293' title='bbox 590 2543 784 2581; x_wconf 89' lang='lat' dir='ltr'>honorem.</span> <span class='ocrx_word' id='word_1_294' title='bbox 839 2543 935 2580; x_wconf 90' lang='lat' dir='ltr'>Item</span> <span class='ocrx_word' id='word_1_295' title='bbox 964 2555 1079 2593; x_wconf 89' lang='lat' dir='ltr'>quum</span> <span class='ocrx_word' id='word_1_296' title='bbox 1105 2543 1270 2593; x_wconf 90' lang='lat' dir='ltr'>aliquam</span> <span class='ocrx_word' id='word_1_297' title='bbox 1296 2541 1517 2592; x_wconf 84' lang='lat' dir='ltr'>religionem</span> <span class='ocrx_word' id='word_1_298' title='bbox 1544 2546 1649 2579; x_wconf 83' lang='lat' dir='ltr'>extra</span> <span class='ocrx_word' id='word_1_299' title='bbox 1678 2541 1747 2580; x_wconf 84' lang='lat' dir='ltr'>Dei</span> 
     </span>
     <span class='ocr_line' id='line_1_71' title="bbox 345 2606 1745 2659; baseline -0.001 -15"><span class='ocrx_word' id='word_1_300' title='bbox 345 2607 500 2645; x_wconf 89' lang='lat' dir='ltr'>verbum</span> <span class='ocrx_word' id='word_1_301' title='bbox 536 2621 556 2645; x_wconf 92' lang='lat' dir='ltr'>e</span> <span class='ocrx_word' id='word_1_302' title='bbox 590 2608 741 2659; x_wconf 88' lang='lat' dir='ltr'>propria</span> <span class='ocrx_word' id='word_1_303' title='bbox 769 2610 900 2645; x_wconf 87' lang='lat' dir='ltr'>nostra</span> <span class='ocrx_word' id='word_1_304' title='bbox 928 2607 1127 2644; x_wconf 88' lang='lat' dir='ltr'>devotione</span> <span class='ocrx_word' id='word_1_305' title='bbox 1156 2607 1233 2644; x_wconf 89' lang='lat' dir='ltr'>sive</span> <span class='ocrx_word' id='word_1_306' title='bbox 1256 2606 1414 2644; x_wconf 85' lang='lat' dir='ltr'>arbitrio</span> <span class='ocrx_word' id='word_1_307' title='bbox 1442 2610 1571 2644; x_wconf 90' lang='lat' dir='ltr'>nostro</span> <span class='ocrx_word' id='word_1_308' title='bbox 1601 2607 1745 2644; x_wconf 91' lang='lat' dir='ltr'>confin-</span> 
     </span>
     <span class='ocr_line' id='line_1_72' title="bbox 343 2670 1746 2723; baseline 0.001 -15"><span class='ocrx_word' id='word_1_309' title='bbox 343 2672 466 2721; x_wconf 85' lang='lat' dir='ltr'>gimus</span> <span class='ocrx_word' id='word_1_310' title='bbox 493 2677 604 2723; x_wconf 82' lang='lat' dir='ltr'>atque</span> <span class='ocrx_word' id='word_1_311' title='bbox 632 2672 843 2719; x_wconf 88' lang='lat' dir='ltr'>statuimus,</span> <span class='ocrx_word' id='word_1_312' title='bbox 873 2671 977 2709; x_wconf 92' lang='lat' dir='ltr'>cuius</span> <span class='ocrx_word' id='word_1_313' title='bbox 1004 2671 1151 2720; x_wconf 83' lang='lat' dir='ltr'>generis</span> <span class='ocrx_word' id='word_1_314' title='bbox 1180 2675 1268 2709; x_wconf 87' lang='lat' dir='ltr'>sunt</span> <span class='ocrx_word' id='word_1_315' title='bbox 1294 2672 1442 2717; x_wconf 88' lang='lat' dir='ltr'>missae,</span> <span class='ocrx_word' id='word_1_316' title='bbox 1469 2670 1628 2720; x_wconf 81' lang='lat' dir='ltr'>vigiliae,</span> <span class='ocrx_word' id='word_1_317' title='bbox 1656 2672 1746 2710; x_wconf 89' lang='lat' dir='ltr'>mis-</span> 
     </span>
     <span class='ocr_line' id='line_1_73' title="bbox 345 2734 1743 2787; baseline 0.001 -13"><span class='ocrx_word' id='word_1_318' title='bbox 345 2750 406 2774; x_wconf 85' lang='lat' dir='ltr'>sae</span> <span class='ocrx_word' id='word_1_319' title='bbox 431 2749 498 2787; x_wconf 89' lang='lat' dir='ltr'>pro</span> <span class='ocrx_word' id='word_1_320' title='bbox 527 2737 728 2782; x_wconf 86' lang='lat' dir='ltr'>defunctis,</span> <span class='ocrx_word' id='word_1_321' title='bbox 754 2736 1023 2786; x_wconf 84' lang='lat' dir='ltr'>indulgentiae,</span> <span class='ocrx_word' id='word_1_322' title='bbox 1051 2740 1086 2774; x_wconf 86' lang='lat' dir='ltr'>et</span> <span class='ocrx_word' id='word_1_323' title='bbox 1114 2735 1308 2782; x_wconf 89' lang='lat' dir='ltr'>eiusmodi,</span> <span class='ocrx_word' id='word_1_324' title='bbox 1335 2735 1473 2786; x_wconf 69' lang='lat' dir='ltr'>quibus</span> <span class='ocrx_word' id='word_1_325' title='bbox 1500 2734 1622 2773; x_wconf 91' lang='lat' dir='ltr'>Deum</span> <span class='ocrx_word' id='word_1_326' title='bbox 1638 2749 1743 2787; x_wconf 83' lang='lat' dir='ltr'>prae-</span> 
     </span>
     <span class='ocr_line' id='line_1_74' title="bbox 342 2799 1746 2852; baseline 0.001 -13"><span class='ocrx_word' id='word_1_327' title='bbox 342 2806 399 2839; x_wconf 88' lang='lat' dir='ltr'>ter</span> <span class='ocrx_word' id='word_1_328' title='bbox 427 2801 644 2839; x_wconf 85' lang='lat' dir='ltr'>mandatum</span> <span class='ocrx_word' id='word_1_329' title='bbox 672 2801 791 2852; x_wconf 87' lang='lat' dir='ltr'>ipsius</span> <span class='ocrx_word' id='word_1_330' title='bbox 821 2802 941 2839; x_wconf 87' lang='lat' dir='ltr'>colere</span> <span class='ocrx_word' id='word_1_331' title='bbox 970 2799 1184 2852; x_wconf 85' lang='lat' dir='ltr'>opinentur,</span> <span class='ocrx_word' id='word_1_332' title='bbox 1209 2799 1379 2852; x_wconf 88' lang='lat' dir='ltr'>quamvis</span> <span class='ocrx_word' id='word_1_333' title='bbox 1407 2806 1558 2838; x_wconf 83' lang='lat' dir='ltr'>sanctae</span> <span class='ocrx_word' id='word_1_334' title='bbox 1584 2814 1663 2839; x_wconf 86' lang='lat' dir='ltr'>esse</span> <span class='ocrx_word' id='word_1_335' title='bbox 1691 2801 1746 2840; x_wconf 87' lang='lat' dir='ltr'>vi-</span> 
     </span>
     <span class='ocr_line' id='line_1_75' title="bbox 345 2865 513 2905; baseline -0.006 0"><span class='ocrx_word' id='word_1_336' title='bbox 345 2865 513 2905; x_wconf 84' lang='lat' dir='ltr'>deantur.</span> 
     </span>
    </p>
   </div>
  </div>
 </body>
</html>
