1830 3147
176 113 237 160 [A.
267 113 308 148 D.
335 113 444 160 1551]
902 113 972 148 664

175 227 289 258 tamen
315 222 411 258 illum
437 221 550 257 adhuc
576 234 634 268 per
658 222 758 256 aliam
785 221 1000 257 occasionem
1027 223 1068 264 ⁷).
1101 223 1202 260 Quae
1228 221 1282 257 hic
1305 220 1501 256 scribuntur
1523 225 1605 256 sunt
1634 221 1703 256 fore

171 283 321 329 Anglica
346 283 470 323 omnia,
495 293 584 329 quae
608 282 637 317 si
662 281 787 318 habere
812 282 940 328 cupias,
967 281 1114 318 mittam.

219 344 292 379 Nos
326 343 379 378 hic
411 342 516 378 sudor
551 344 690 389 pestifer
715 343 818 389 paulo
843 342 954 378 minus
979 341 1140 378 extinxit.
1193 341 1290 377 Uxor
1315 354 1389 376 mea
1415 342 1521 387 prima
1546 340 1701 377 omnium

172 404 232 439 illo
257 403 513 449 corripiebatur,
547 403 712 450 postridie
737 415 811 448 ego,
835 403 885 438 ita
910 406 949 438 ut
975 402 1105 450 pariter
1126 402 1420 444 decumberemus,
1449 401 1510 438 sed
1534 401 1704 437 Dominus

173 477 234 499 nos
258 465 420 500 servavit.
471 463 576 500 Nunc
601 475 682 498 vero
708 475 793 499 uxor
819 475 891 498 mea
913 463 950 498 in
975 463 1121 498 eundem
1147 462 1302 498 morbum
1327 462 1440 498 denuo
1465 462 1586 497 recidit
1610 461 1702 508 apud

174 525 361 560 Dominum
396 524 691 565 Cantuaricmem,
725 535 765 559 ac
800 524 989 570 periculum
1022 524 1160 571 quidem
1192 523 1279 559 illud
1312 524 1464 570 contagii
1487 523 1554 558 iam
1580 522 1702 564 evasit,

168 584 279 632 gratia
305 585 473 621 Domino!
499 585 558 620 sed
584 585 677 620 virus
702 584 814 621 adhuc
839 585 947 620 morbi
973 585 1009 620 in
1034 585 1160 620 febrem
1187 584 1299 627 desiit,
1323 597 1393 632 qua
1416 585 1603 620 etiamnum
1619 584 1703 620 affli-

166 647 273 693 gitur.
324 646 422 682 Alias
448 658 490 682 ex
516 659 591 682 mea
614 646 743 682 familia
767 659 866 682 nemo
891 647 1094 693 aegrotavit.

217 707 393 743 Andream
430 708 698 743 Hovemannum
723 708 751 750 8)
785 720 825 743 eo
859 707 935 743 loco
972 707 1148 749 constitui,
1184 711 1224 743 ut
1256 706 1374 743 melior
1405 707 1456 744 illi
1487 707 1600 753 optari
1633 718 1703 742 non

176 773 312 814 posset:
338 769 365 803 si
391 769 433 803 ad
460 768 577 803 literas
604 767 804 815 propensior
829 768 963 810 fnisset,
996 767 1086 814 apud
1113 780 1166 803 me
1190 768 1285 803 illum
1312 779 1512 807 servassem.
1537 767 1598 803 sed
1623 779 1702 802 cum

170 827 310 869 diceret,
335 827 442 874 patris
467 828 521 862 sui
546 827 761 862 voluntatem
788 839 877 870 esse,
905 832 945 863 ut
970 840 1008 863 se
1032 829 1076 863 ad
1101 828 1371 874 negotiationem
1395 827 1562 873 adplicet,
1586 827 1701 862 locum

173 888 224 923 illi
262 887 443 934 procuravi
489 900 558 935 quo
582 888 701 923 melior
726 889 839 935 optari
863 901 932 924 nou
958 890 1078 935 possit.
1127 888 1212 923 Erat
1235 888 1327 935 apud
1353 900 1406 923 me
1432 888 1629 935 priusquam
1653 886 1705 922 illi

173 949 287 984 locum
322 961 553 995 procurassem
589 961 692 996 supra
716 949 803 985 duos
840 962 984 990 menseS,
1008 950 1068 986 sed
1093 949 1251 985 videbam
1275 950 1325 985 illi
1349 962 1422 984 non
1447 950 1518 984 fore
1544 947 1638 989 utile,
1666 950 1704 982 ut

170 1010 263 1056 apud
290 1023 342 1045 mc
368 1014 530 1052 maneret,
556 1015 779 1057 posteaquam
805 1011 955 1046 animum
981 1011 1025 1046 ad
1050 1016 1277 1048 mercaturam
1303 1011 1381 1046 vult
1404 1009 1586 1057 applicare.
1617 1010 1704 1045 Bre-

172 1072 271 1113 viter,
307 1074 361 1106 est
384 1084 425 1106 eo
451 1071 538 1111 loco,
566 1074 602 1106 ut
627 1072 655 1106 si
680 1072 822 1107 fratrem
848 1071 1006 1107 haberem
1032 1084 1072 1107 ea
1097 1076 1222 1113 aetate,
1249 1072 1421 1107 meliorem
1447 1072 1478 1106 ei
1504 1071 1616 1107 locum
1642 1083 1702 1117 op-

168 1136 242 1168 tare
268 1145 334 1167 nou
361 1145 507 1178 possem.
555 1132 649 1168 Puto
672 1137 789 1168 autem
814 1133 1000 1179 ipsummet
1023 1133 1066 1168 ad
1093 1136 1224 1179 patrem
1249 1134 1457 1179 scripturum
1481 1144 1567 1168 csse.

216 1194 374 1228 Pannum
398 1193 527 1229 lineum
553 1198 589 1228 et
614 1194 757 1228 farinam
783 1195 918 1229 missam
935 1195 1130 1240 accepimus
1141 1194 1353 1240 gratiamque
1372 1193 1544 1228 habemus.
1571 1192 1701 1238 Scripsi

169 1251 212 1287 ad
239 1251 410 1297 Egidium‚
438 1251 552 1286 uxoris
579 1264 672 1287 meac
697 1252 849 1293 fratrem,
875 1257 914 1287 ut
939 1253 1013 1287 sine
1039 1263 1132 1286 mora
1156 1251 1199 1287 ad
1226 1263 1288 1287 vos
1313 1252 1490 1298 pecuniam
1516 1264 1616 1297 quam
1643 1264 1701 1286 ex-

174 1312 341 1358 pendistis
377 1312 540 1352 remittat,
576 1317 612 1346 et
645 1324 713 1347 non
740 1312 872 1353 dubito,
896 1312 979 1359 quin
1004 1314 1051 1347 sit
1074 1312 1147 1347 sine
1171 1313 1264 1347 omni
1290 1323 1383 1347 mora
1409 1312 1576 1347 facturus.
1625 1312 1698 1347 Iam

167 1385 188 1406 a
221 1371 401 1407 scribendo
434 1372 595 1418 abripior,
629 1371 674 1407 mi
712 1372 872 1408 Alberte!
923 1371 1064 1407 Valebis
1096 1372 1202 1419 igitur
1233 1376 1268 1408 et
1301 1378 1395 1408 tuam
1421 1384 1464 1407 ex
1490 1385 1541 1407 me
1566 1375 1603 1408 ct
1628 1385 1701 1408 mea

169 1445 275 1468 uxore
306 1433 534 1468 decumbente
567 1432 696 1468 salvere
730 1432 874 1469 iubebis.
923 1433 1067 1480 Raptim
1105 1432 1302 1480 [Croydou]
1331 1434 1360 1476 9)
1396 1434 1440 1468 :23
1477 1434 1632 1480 Augusti
1657 1434 1702 1469 A.

174 1496 277 1530 1551.

213 1608 237 1645 ¹)
261 1606 387 1636 Secretc
418 1605 579 1637 scribendi
610 1606 860 1637 instrumentum
888 1605 1052 1647 intelligit,
1084 1617 1113 1637 v.
1147 1606 1207 1648 Ep.
1241 1606 1290 1644 84,
1323 1605 1406 1637 male
1436 1606 1588 1638 GORHAM
1621 1617 1700 1648 „my

171 1662 292 1693 notcs’'.
338 1663 364 1700 ι3)
393 1661 485 1692 Lasci
518 1662 555 1693 de
586 1661 744 1693 Osiandre
774 1661 968 1693 sententiam
998 1672 1028 1693 v.
1050 1662 1084 1693 in
1106 1662 1167 1703 Ep.
1190 1661 1228 1693 ad
1252 1661 1333 1693 Duc.
1356 1661 1465 1693 Pruss.
1489 1662 1557 1694 ord.
1580 1663 1628 1693 n⁰.
1651 1662 1701 1700 82,

168 1718 208 1749 al.
240 1718 267 1757 3)
292 1718 341 1748 Cf.
365 1718 452 1749 ARN.
478 1718 639 1756 GREvms,
663 1718 756 1749 Mem.
781 1719 810 1749 I.
833 1718 910 1758 Aep.
934 1729 965 1760 p.
990 1718 1027 1749 91
1053 1729 1099 1760 sq.
1142 1719 1170 1758 4)
1194 1719 1417 1750 HERMANNUS
1440 1719 1627 1756 LENTHIUS,
1650 1719 1701 1749 cui

170 1773 359 1804 fasciculum
389 1785 421 1804 se
449 1785 506 1815 per
536 1774 700 1805 Hardenb.
730 1773 856 1805 misisse
886 1773 955 1815 ipse
982 1776 1117 1805 testatus
1146 1777 1194 1805 est
1223 1774 1280 1805 sub
1305 1775 1366 1805 fine
1389 1785 1437 1815 cp.
1460 1773 1511 1806 76.
1554 1774 1581 1813 5)
1606 1774 1700 1805 Conf.

168 1829 268 1860 hond.
293 1829 449 1870 pcregrin.
475 1829 561 1861 Eccl.
595 1830 621 1868 6)
646 1830 827 1870 Numquam
852 1829 928 1860 haec
952 1829 1101 1871 apologia
1125 1830 1256 1872 prodiit,
1280 1830 1341 1861 nisi
1365 1830 1429 1861 sint
1452 1831 1511 1872 Ep.
1534 1831 1572 1861 ad
1592 1831 1700 1863 Brem.

167 1885 408 1926 intelligendae.
452 1886 479 1924 ⁷)
511 1886 560 1916 Cf.
589 1897 638 1927 ep.
669 1885 719 1917 76.
763 1886 790 1924 3)
821 1885 871 1917 Cf.
901 1896 950 1927 ep.
979 1884 1029 1917 76.
1073 1887 1100 1925 9)
1123 1886 1197 1927 Ipse
1228 1886 1260 1917 in
1283 1886 1376 1917 initio
1399 1888 1536 1917 testatur
1559 1897 1592 1918 se
1613 1886 1699 1928 apud

168 1941 432 1973 Cantuariensem
456 1942 659 1979 commorari,
682 1953 743 1984 quo
767 1941 806 1973 ob
829 1943 953 1983 pestem
976 1942 1062 1973 haud
1085 1942 1181 1974 dubie
1203 1943 1401 1984 confugerat.

167 2161 229 2197 N⁰.
255 2161 311 2197 81.
1066 2164 1178 2206 [lutogr.
1191 2163 1262 2199 tond.
1279 2164 1400 2196 Lansdown
1417 2165 1463 2199 tls.
1479 2164 1521 2199 N⁰.
1533 2165 1557 2200 2.
1570 2167 1618 2200 Art.
1635 2164 1692 2210 GK]

793 2268 852 2305 Ad
875 2268 1074 2305 CECILIUM.

212 2390 383 2427 Putabam
421 2402 474 2425 me
509 2389 576 2425 iam
612 2389 683 2425 fore
719 2389 862 2425 liberum
897 2402 916 2425 a
954 2389 1120 2425 molestiis
1156 2390 1232 2426 istis
1256 2390 1389 2433 aulicis,
1415 2390 1466 2426 vir
1489 2391 1692 2427 clarissime!

164 2455 388 2499 posteaquam
422 2463 526 2487 causa
555 2451 660 2497 legati
694 2450 855 2486 absoluta
891 2452 958 2486 iam
990 2455 1082 2486 esset
1109 2452 1147 2492 ¹),
1200 2451 1267 2487 Sed
1292 2464 1425 2487 rursum
1450 2452 1569 2489 incidit
1593 2464 1692 2488 casus

163 2512 311 2558 quidam,
337 2511 435 2547 cuius
462 2512 597 2547 nomine
623 2514 717 2547 tuam
744 2511 989 2547 humanitatem
1015 2511 1233 2558 interpellare
1256 2512 1369 2547 adhuc
1395 2523 1510 2559 cogor.
1538 2513 1614 2548 Hoc
1637 2512 1692 2548 die

162 2573 348 2619 praeterito
381 2572 527 2608 Veneris
561 2572 634 2607 ibat
663 2572 798 2620 legatus
828 2572 872 2607 ad
904 2573 1019 2608 navim
1052 2573 1223 2619 quandam
1249 2573 1446 2628 videudam,
1467 2573 1502 2608 in
1527 2585 1628 2619 quam
1654 2586 1691 2609 se

163 2634 317 2669 conferi-c
352 2633 467 2672 vellet,
493 2634 521 2668 si
546 2632 724 2668 commode
749 2632 820 2668 illic
845 2633 948 2679 recipi
973 2634 1095 2679 quiret.
1145 2633 1198 2668 lbi
1224 2633 1380 2668 nonnihil
1406 2636 1556 2668 moratus
1582 2634 1691 2670 serius

165 2693 304 2728 domum
342 2693 474 2728 redibat
508 2693 596 2728 iuter
630 2694 785 2740 quintam
811 2694 880 2728 sere
906 2696 941 2728 et
969 2701 1099 2728 sextam
1127 2693 1240 2728 horam
1268 2693 1434 2740 iussitque
1461 2693 1588 2728 famulo
1613 2705 1690 2736 suo,

165 2756 204 2788 ut
240 2752 413 2794 nauclero,
450 2752 542 2800 quod
580 2753 675 2788 illum
712 2753 823 2789 cimba
855 2766 875 2788 a
900 2754 979 2789 navi
1003 2753 1204 2797 advexerat,
1231 2754 1392 2789 solveret.
1439 2753 1485 2788 Et
1510 2752 1692 2790 videbatur

165 2813 326 2850 nauclero
359 2825 498 2860 parvum
536 2814 758 2862 iniquumque
788 2814 883 2849 nauli
918 2814 1080 2860 precium,
1117 2814 1209 2862 quod
1241 2813 1388 2850 famulus
1427 2813 1529 2859 legati
1562 2814 1690 2851 dabat:

164 2879 287 2913 contra
324 2875 452 2910 famulo
478 2874 658 2910 videbatur
683 2875 824 2910 nimium
849 2874 941 2922 quod
967 2875 1149 2910 nauclerus
1177 2874 1342 2922 postulat.
1392 2873 1550 2909 Breviter
1574 2874 1690 2921 legato
