<?xml version="1.0" encoding="UTF-8"?>
<!DOCTYPE html PUBLIC "-//W3C//DTD XHTML 1.0 Transitional//EN"
    "http://www.w3.org/TR/xhtml1/DTD/xhtml1-transitional.dtd">
<html xmlns="http://www.w3.org/1999/xhtml" xml:lang="en" lang="en">
 <head>
  <title>
</title>
<meta http-equiv="Content-Type" content="text/html;charset=utf-8" />
  <meta name='ocr-system' content='tesseract 3.04.00' />
  <meta name='ocr-capabilities' content='ocr_page ocr_carea ocr_par ocr_line ocrx_word'/>
</head>
<body>
  <div class='ocr_page' id='page_1' title='image "./operatameditaqua02lask_0766.png"; bbox 0 0 1830 3147; ppageno 0'>
   <div class='ocr_carea' id='block_1_1' title="bbox 187 109 985 160">
    <p class='ocr_par' dir='ltr' id='par_1_1' title="bbox 187 109 985 160">
     <span class='ocr_line' id='line_1_1' title="bbox 187 109 985 160; baseline -0.005 -12"><span class='ocrx_word' id='word_1_1' title='bbox 187 111 249 160; x_wconf 87' lang='lat' dir='ltr'>[A.</span> <span class='ocrx_word' id='word_1_2' title='bbox 275 110 320 146; x_wconf 89' lang='lat' dir='ltr'>D.</span> <span class='ocrx_word' id='word_1_3' title='bbox 346 109 458 157; x_wconf 82' lang='lat'>1556]</span> <span class='ocrx_word' id='word_1_4' title='bbox 915 109 985 147; x_wconf 82' lang='lat'>740</span> 
     </span>
    </p>
   </div>
   <div class='ocr_carea' id='block_1_2' title="bbox 188 216 1751 2967">
    <p class='ocr_par' dir='ltr' id='par_1_2' title="bbox 188 216 1739 2281">
     <span class='ocr_line' id='line_1_2' title="bbox 188 216 1726 266; baseline 0.001 -12"><span class='ocrx_word' id='word_1_5' title='bbox 188 219 225 254; x_wconf 89' lang='lat' dir='ltr'>et</span> <span class='ocrx_word' id='word_1_6' title='bbox 250 229 373 265; x_wconf 83' lang='lat' dir='ltr'>graves</span> <span class='ocrx_word' id='word_1_7' title='bbox 400 216 614 265; x_wconf 80' lang='lat' dir='ltr'>suspiciones</span> <span class='ocrx_word' id='word_1_8' title='bbox 630 217 768 264; x_wconf 89' lang='lat' dir='ltr'>praeter</span> <span class='ocrx_word' id='word_1_9' title='bbox 787 216 952 253; x_wconf 89' lang='lat' dir='ltr'>meritum</span> <span class='ocrx_word' id='word_1_10' title='bbox 965 229 1067 253; x_wconf 90' lang='lat' dir='ltr'>omne</span> <span class='ocrx_word' id='word_1_11' title='bbox 1084 216 1239 264; x_wconf 88' lang='lat' dir='ltr'>ipsorum</span> <span class='ocrx_word' id='word_1_12' title='bbox 1256 218 1386 262; x_wconf 85' lang='lat' dir='ltr'>vocari,</span> <span class='ocrx_word' id='word_1_13' title='bbox 1406 231 1497 266; x_wconf 88' lang='lat' dir='ltr'>quae</span> <span class='ocrx_word' id='word_1_14' title='bbox 1514 231 1570 256; x_wconf 89' lang='lat' dir='ltr'>res</span> <span class='ocrx_word' id='word_1_15' title='bbox 1586 231 1666 255; x_wconf 89' lang='lat' dir='ltr'>cum</span> <span class='ocrx_word' id='word_1_16' title='bbox 1682 218 1726 255; x_wconf 89' lang='lat' dir='ltr'>ad</span> 
     </span>
     <span class='ocr_line' id='line_1_3' title="bbox 193 277 1726 328; baseline 0.001 -12"><span class='ocrx_word' id='word_1_17' title='bbox 193 292 248 316; x_wconf 89' lang='lat' dir='ltr'>me</span> <span class='ocrx_word' id='word_1_18' title='bbox 273 279 379 316; x_wconf 90' lang='lat' dir='ltr'>etiam</span> <span class='ocrx_word' id='word_1_19' title='bbox 404 300 451 307; x_wconf 91' lang='lat'>â€”</span> <span class='ocrx_word' id='word_1_20' title='bbox 475 281 518 315; x_wconf 91' lang='lat' dir='ltr'>ut</span> <span class='ocrx_word' id='word_1_21' title='bbox 535 277 576 314; x_wconf 92' lang='lat' dir='ltr'>ab</span> <span class='ocrx_word' id='word_1_22' title='bbox 594 277 666 314; x_wconf 91' lang='lat' dir='ltr'>illis</span> <span class='ocrx_word' id='word_1_23' title='bbox 684 277 848 314; x_wconf 85' lang='lat' dir='ltr'>videlieet</span> <span class='ocrx_word' id='word_1_24' title='bbox 865 280 1030 314; x_wconf 84' lang='lat' dir='ltr'>vocatum</span> <span class='ocrx_word' id='word_1_25' title='bbox 1047 300 1093 308; x_wconf 86' lang='lat'><em>-</em></span> <span class='ocrx_word' id='word_1_26' title='bbox 1110 279 1270 315; x_wconf 89' lang='lat' dir='ltr'>nonnihil</span> <span class='ocrx_word' id='word_1_27' title='bbox 1287 280 1464 328; x_wconf 89' lang='lat' dir='ltr'>pertinere</span> <span class='ocrx_word' id='word_1_28' title='bbox 1480 283 1588 328; x_wconf 91' lang='lat' dir='ltr'>atque</span> <span class='ocrx_word' id='word_1_29' title='bbox 1603 280 1726 317; x_wconf 85' lang='lat' dir='ltr'>iisdem</span> 
     </span>
     <span class='ocr_line' id='line_1_4' title="bbox 196 339 1729 390; baseline 0.001 -12"><span class='ocrx_word' id='word_1_30' title='bbox 196 354 252 378; x_wconf 90' lang='lat' dir='ltr'>me</span> <span class='ocrx_word' id='word_1_31' title='bbox 278 340 538 389; x_wconf 82' lang='lat' dir='ltr'>suspicionibus</span> <span class='ocrx_word' id='word_1_32' title='bbox 563 352 707 388; x_wconf 89' lang='lat' dir='ltr'>quoque</span> <span class='ocrx_word' id='word_1_33' title='bbox 732 352 794 388; x_wconf 89' lang='lat' dir='ltr'>per</span> <span class='ocrx_word' id='word_1_34' title='bbox 820 339 1099 377; x_wconf 85' lang='lat' dir='ltr'>obtrectatorum</span> <span class='ocrx_word' id='word_1_35' title='bbox 1124 340 1314 378; x_wconf 83' lang='lat' dir='ltr'>calumnias</span> <span class='ocrx_word' id='word_1_36' title='bbox 1338 342 1519 379; x_wconf 87' lang='lat' dir='ltr'>involvere</span> <span class='ocrx_word' id='word_1_37' title='bbox 1544 355 1646 390; x_wconf 88' lang='lat' dir='ltr'>posse</span> <span class='ocrx_word' id='word_1_38' title='bbox 1678 342 1729 378; x_wconf 87' lang='lat' dir='ltr'>vi-</span> 
     </span>
     <span class='ocr_line' id='line_1_5' title="bbox 196 401 1728 452; baseline 0 -13"><span class='ocrx_word' id='word_1_39' title='bbox 196 402 333 446; x_wconf 88' lang='lat' dir='ltr'>deatur,</span> <span class='ocrx_word' id='word_1_40' title='bbox 358 402 478 450; x_wconf 80' lang='lat' dir='ltr'>paucis</span> <span class='ocrx_word' id='word_1_41' title='bbox 505 401 561 438; x_wconf 89' lang='lat' dir='ltr'>hic</span> <span class='ocrx_word' id='word_1_42' title='bbox 589 414 670 438; x_wconf 87' lang='lat' dir='ltr'>sane</span> <span class='ocrx_word' id='word_1_43' title='bbox 696 401 780 437; x_wconf 89' lang='lat' dir='ltr'>mihi</span> <span class='ocrx_word' id='word_1_44' title='bbox 804 401 1013 449; x_wconf 80' lang='lat' dir='ltr'>attingenda</span> <span class='ocrx_word' id='word_1_45' title='bbox 1038 402 1144 438; x_wconf 87' lang='lat' dir='ltr'>etiam</span> <span class='ocrx_word' id='word_1_46' title='bbox 1178 405 1263 447; x_wconf 86' lang='lat' dir='ltr'>erat,</span> <span class='ocrx_word' id='word_1_47' title='bbox 1297 405 1333 439; x_wconf 87' lang='lat' dir='ltr'>et</span> <span class='ocrx_word' id='word_1_48' title='bbox 1368 403 1498 440; x_wconf 91' lang='lat' dir='ltr'>oranda</span> <span class='ocrx_word' id='word_1_49' title='bbox 1523 403 1728 452; x_wconf 87' lang='lat' dir='ltr'>suppliciter</span> 
     </span>
     <span class='ocr_line' id='line_1_6' title="bbox 195 463 1730 510; baseline 0.001 -11"><span class='ocrx_word' id='word_1_50' title='bbox 195 463 366 500; x_wconf 85' lang='lat' dir='ltr'>Maiestas</span> <span class='ocrx_word' id='word_1_51' title='bbox 399 466 463 499; x_wconf 84' lang='lat' dir='ltr'>tua</span> <span class='ocrx_word' id='word_1_52' title='bbox 495 463 620 509; x_wconf 84' lang='lat' dir='ltr'>Regia,</span> <span class='ocrx_word' id='word_1_53' title='bbox 653 465 696 499; x_wconf 90' lang='lat' dir='ltr'>ut</span> <span class='ocrx_word' id='word_1_54' title='bbox 722 475 931 499; x_wconf 85' lang='lat' dir='ltr'>susurrones</span> <span class='ocrx_word' id='word_1_55' title='bbox 956 463 1055 507; x_wconf 89' lang='lat' dir='ltr'>istos,</span> <span class='ocrx_word' id='word_1_56' title='bbox 1081 463 1143 510; x_wconf 91' lang='lat' dir='ltr'>qui</span> <span class='ocrx_word' id='word_1_57' title='bbox 1168 464 1310 500; x_wconf 88' lang='lat' dir='ltr'>nonnisi</span> <span class='ocrx_word' id='word_1_58' title='bbox 1343 464 1431 501; x_wconf 89' lang='lat' dir='ltr'>clam</span> <span class='ocrx_word' id='word_1_59' title='bbox 1456 477 1619 502; x_wconf 86' lang='lat' dir='ltr'>accusare</span> <span class='ocrx_word' id='word_1_60' title='bbox 1643 464 1730 501; x_wconf 88' lang='lat' dir='ltr'>alios</span> 
     </span>
     <span class='ocr_line' id='line_1_7' title="bbox 197 523 1729 574; baseline 0.001 -14"><span class='ocrx_word' id='word_1_61' title='bbox 197 524 314 561; x_wconf 87' lang='lat' dir='ltr'>solent</span> <span class='ocrx_word' id='word_1_62' title='bbox 349 526 386 560; x_wconf 86' lang='lat' dir='ltr'>et</span> <span class='ocrx_word' id='word_1_63' title='bbox 418 537 546 560; x_wconf 90' lang='lat' dir='ltr'>nomen</span> <span class='ocrx_word' id='word_1_64' title='bbox 572 537 674 560; x_wconf 90' lang='lat' dir='ltr'>suum</span> <span class='ocrx_word' id='word_1_65' title='bbox 698 523 841 560; x_wconf 88' lang='lat' dir='ltr'>interim</span> <span class='ocrx_word' id='word_1_66' title='bbox 866 523 1013 571; x_wconf 80' lang='lat' dir='ltr'>prodere</span> <span class='ocrx_word' id='word_1_67' title='bbox 1037 536 1139 571; x_wconf 85' lang='lat' dir='ltr'>aegre</span> <span class='ocrx_word' id='word_1_68' title='bbox 1165 525 1296 569; x_wconf 88' lang='lat' dir='ltr'>ferunt,</span> <span class='ocrx_word' id='word_1_69' title='bbox 1321 539 1384 574; x_wconf 91' lang='lat' dir='ltr'>pro</span> <span class='ocrx_word' id='word_1_70' title='bbox 1411 526 1602 563; x_wconf 73' lang='lat' dir='ltr'>Christiani</span> <span class='ocrx_word' id='word_1_71' title='bbox 1627 526 1729 562; x_wconf 90' lang='lat' dir='ltr'>Prin-</span> 
     </span>
     <span class='ocr_line' id='line_1_8' title="bbox 197 585 1730 635; baseline 0.003 -14"><span class='ocrx_word' id='word_1_72' title='bbox 197 585 284 633; x_wconf 87' lang='lat' dir='ltr'>cipis</span> <span class='ocrx_word' id='word_1_73' title='bbox 310 586 432 629; x_wconf 88' lang='lat' dir='ltr'>officio,</span> <span class='ocrx_word' id='word_1_74' title='bbox 458 598 502 622; x_wconf 91' lang='lat' dir='ltr'>ne</span> <span class='ocrx_word' id='word_1_75' title='bbox 527 586 718 621; x_wconf 78' lang='lat' dir='ltr'>audiantur</span> <span class='ocrx_word' id='word_1_76' title='bbox 751 585 904 629; x_wconf 88' lang='lat' dir='ltr'>omnino,</span> <span class='ocrx_word' id='word_1_77' title='bbox 930 585 989 622; x_wconf 89' lang='lat' dir='ltr'>sed</span> <span class='ocrx_word' id='word_1_78' title='bbox 1014 586 1134 633; x_wconf 89' lang='lat' dir='ltr'>potius</span> <span class='ocrx_word' id='word_1_79' title='bbox 1162 586 1227 622; x_wconf 91' lang='lat' dir='ltr'>tibi</span> <span class='ocrx_word' id='word_1_80' title='bbox 1252 588 1468 635; x_wconf 89' lang='lat' dir='ltr'>sequendum</span> <span class='ocrx_word' id='word_1_81' title='bbox 1494 601 1568 625; x_wconf 88' lang='lat' dir='ltr'>esse</span> <span class='ocrx_word' id='word_1_82' title='bbox 1593 592 1730 624; x_wconf 85' lang='lat' dir='ltr'>statuas</span> 
     </span>
     <span class='ocr_line' id='line_1_9' title="bbox 197 646 1730 694; baseline 0.003 -12"><span class='ocrx_word' id='word_1_83' title='bbox 197 646 344 683; x_wconf 87' lang='lat' dir='ltr'>Davidis</span> <span class='ocrx_word' id='word_1_84' title='bbox 370 646 480 693; x_wconf 83' lang='lat' dir='ltr'>Regis</span> <span class='ocrx_word' id='word_1_85' title='bbox 506 646 719 683; x_wconf 76' lang='lat' dir='ltr'>sanctissimi</span> <span class='ocrx_word' id='word_1_86' title='bbox 745 646 952 693; x_wconf 87' lang='lat' dir='ltr'>exemplum,</span> <span class='ocrx_word' id='word_1_87' title='bbox 979 648 1041 694; x_wconf 89' lang='lat' dir='ltr'>qui</span> <span class='ocrx_word' id='word_1_88' title='bbox 1066 648 1102 683; x_wconf 89' lang='lat' dir='ltr'>in</span> <span class='ocrx_word' id='word_1_89' title='bbox 1128 660 1191 683; x_wconf 87' lang='lat' dir='ltr'>sua</span> <span class='ocrx_word' id='word_1_90' title='bbox 1218 650 1418 685; x_wconf 89' lang='lat' dir='ltr'>oeconomia</span> <span class='ocrx_word' id='word_1_91' title='bbox 1443 662 1514 686; x_wconf 88' lang='lat' dir='ltr'>non</span> <span class='ocrx_word' id='word_1_92' title='bbox 1540 649 1653 686; x_wconf 88' lang='lat' dir='ltr'>solum</span> <span class='ocrx_word' id='word_1_93' title='bbox 1678 650 1730 685; x_wconf 88' lang='lat' dir='ltr'>ni-</span> 
     </span>
     <span class='ocr_line' id='line_1_10' title="bbox 196 707 1729 758; baseline 0.002 -16"><span class='ocrx_word' id='word_1_94' title='bbox 196 707 245 743; x_wconf 90' lang='lat' dir='ltr'>hil</span> <span class='ocrx_word' id='word_1_95' title='bbox 270 707 361 743; x_wconf 90' lang='lat' dir='ltr'>firmi</span> <span class='ocrx_word' id='word_1_96' title='bbox 385 707 477 755; x_wconf 87' lang='lat' dir='ltr'>apud</span> <span class='ocrx_word' id='word_1_97' title='bbox 503 720 539 744; x_wconf 92' lang='lat' dir='ltr'>se</span> <span class='ocrx_word' id='word_1_98' title='bbox 564 707 638 743; x_wconf 91' lang='lat' dir='ltr'>fore</span> <span class='ocrx_word' id='word_1_99' title='bbox 663 707 885 744; x_wconf 83' lang='lat' dir='ltr'>clanculariis</span> <span class='ocrx_word' id='word_1_100' title='bbox 911 708 1111 744; x_wconf 81' lang='lat' dir='ltr'>istiusmodi</span> <span class='ocrx_word' id='word_1_101' title='bbox 1136 707 1363 753; x_wconf 78' lang='lat' dir='ltr'>delatoribus,</span> <span class='ocrx_word' id='word_1_102' title='bbox 1383 710 1443 746; x_wconf 86' lang='lat' dir='ltr'>sed</span> <span class='ocrx_word' id='word_1_103' title='bbox 1461 723 1504 746; x_wconf 91' lang='lat' dir='ltr'>ne</span> <span class='ocrx_word' id='word_1_104' title='bbox 1516 710 1633 747; x_wconf 88' lang='lat' dir='ltr'>locum</span> <span class='ocrx_word' id='word_1_105' title='bbox 1651 710 1729 758; x_wconf 92' lang='lat' dir='ltr'>qui-</span> 
     </span>
     <span class='ocr_line' id='line_1_11' title="bbox 198 767 1731 818; baseline 0.003 -15"><span class='ocrx_word' id='word_1_106' title='bbox 198 767 277 803; x_wconf 89' lang='lat' dir='ltr'>dem</span> <span class='ocrx_word' id='word_1_107' title='bbox 302 767 415 803; x_wconf 86' lang='lat' dir='ltr'>ullum</span> <span class='ocrx_word' id='word_1_108' title='bbox 441 767 535 804; x_wconf 90' lang='lat' dir='ltr'>domi</span> <span class='ocrx_word' id='word_1_109' title='bbox 560 781 643 805; x_wconf 88' lang='lat' dir='ltr'>snae</span> <span class='ocrx_word' id='word_1_110' title='bbox 667 768 748 804; x_wconf 90' lang='lat' dir='ltr'>illos</span> <span class='ocrx_word' id='word_1_111' title='bbox 773 768 956 804; x_wconf 86' lang='lat' dir='ltr'>habit-uros</span> <span class='ocrx_word' id='word_1_112' title='bbox 983 781 1057 805; x_wconf 89' lang='lat' dir='ltr'>esse</span> <span class='ocrx_word' id='word_1_113' title='bbox 1087 769 1285 816; x_wconf 86' lang='lat' dir='ltr'>profitetur.</span> <span class='ocrx_word' id='word_1_114' title='bbox 1336 771 1509 818; x_wconf 76' lang='lat' dir='ltr'>Quodque</span> <span class='ocrx_word' id='word_1_115' title='bbox 1533 772 1576 808; x_wconf 89' lang='lat' dir='ltr'>ad</span> <span class='ocrx_word' id='word_1_116' title='bbox 1601 785 1655 807; x_wconf 89' lang='lat' dir='ltr'>me</span> <span class='ocrx_word' id='word_1_117' title='bbox 1680 772 1731 807; x_wconf 90' lang='lat' dir='ltr'>in-</span> 
     </span>
     <span class='ocr_line' id='line_1_12' title="bbox 196 830 1734 879; baseline 0.003 -14"><span class='ocrx_word' id='word_1_118' title='bbox 196 830 318 877; x_wconf 81' lang='lat' dir='ltr'>primis</span> <span class='ocrx_word' id='word_1_119' title='bbox 343 830 486 873; x_wconf 85' lang='lat' dir='ltr'>attinet,</span> <span class='ocrx_word' id='word_1_120' title='bbox 514 830 677 877; x_wconf 84' lang='lat' dir='ltr'>equidem</span> <span class='ocrx_word' id='word_1_121' title='bbox 703 830 754 866; x_wconf 90' lang='lat' dir='ltr'>ita</span> <span class='ocrx_word' id='word_1_122' title='bbox 780 843 857 866; x_wconf 87' lang='lat' dir='ltr'>sum</span> <span class='ocrx_word' id='word_1_123' title='bbox 883 836 1045 866; x_wconf 86' lang='lat' dir='ltr'>versatus</span> <span class='ocrx_word' id='word_1_124' title='bbox 1073 844 1207 878; x_wconf 87' lang='lat' dir='ltr'>semper</span> <span class='ocrx_word' id='word_1_125' title='bbox 1231 831 1294 867; x_wconf 91' lang='lat' dir='ltr'>ubi</span> <span class='ocrx_word' id='word_1_126' title='bbox 1327 833 1496 869; x_wconf 88' lang='lat' dir='ltr'>hactenus</span> <span class='ocrx_word' id='word_1_127' title='bbox 1531 833 1593 876; x_wconf 86' lang='lat' dir='ltr'>fui,</span> <span class='ocrx_word' id='word_1_128' title='bbox 1619 833 1734 879; x_wconf 78' lang='lat' dir='ltr'>gratia</span> 
     </span>
     <span class='ocr_line' id='line_1_13' title="bbox 198 891 1732 939; baseline 0.003 -13"><span class='ocrx_word' id='word_1_129' title='bbox 198 891 245 927; x_wconf 89' lang='lat' dir='ltr'>sit</span> <span class='ocrx_word' id='word_1_130' title='bbox 281 891 451 927; x_wconf 86' lang='lat' dir='ltr'>Domino!</span> <span class='ocrx_word' id='word_1_131' title='bbox 486 891 522 926; x_wconf 88' lang='lat' dir='ltr'>in</span> <span class='ocrx_word' id='word_1_132' title='bbox 549 904 625 927; x_wconf 90' lang='lat' dir='ltr'>meo</span> <span class='ocrx_word' id='word_1_133' title='bbox 653 891 859 935; x_wconf 87' lang='lat' dir='ltr'>ministerio,</span> <span class='ocrx_word' id='word_1_134' title='bbox 885 895 927 927; x_wconf 88' lang='lat' dir='ltr'>ut</span> <span class='ocrx_word' id='word_1_135' title='bbox 953 892 1045 939; x_wconf 89' lang='lat' dir='ltr'>apud</span> <span class='ocrx_word' id='word_1_136' title='bbox 1071 892 1262 928; x_wconf 88' lang='lat' dir='ltr'>Dominum</span> <span class='ocrx_word' id='word_1_137' title='bbox 1289 893 1403 929; x_wconf 89' lang='lat' dir='ltr'>Deum</span> <span class='ocrx_word' id='word_1_138' title='bbox 1431 906 1544 930; x_wconf 89' lang='lat' dir='ltr'>meum</span> <span class='ocrx_word' id='word_1_139' title='bbox 1569 905 1732 930; x_wconf 86' lang='lat' dir='ltr'>accusare</span> 
     </span>
     <span class='ocr_line' id='line_1_14' title="bbox 198 951 1732 1003; baseline 0.003 -17"><span class='ocrx_word' id='word_1_140' title='bbox 198 964 252 987; x_wconf 89' lang='lat' dir='ltr'>me</span> <span class='ocrx_word' id='word_1_141' title='bbox 276 952 424 998; x_wconf 85' lang='lat' dir='ltr'>ipsemet</span> <span class='ocrx_word' id='word_1_142' title='bbox 450 951 567 998; x_wconf 87' lang='lat' dir='ltr'>potius</span> <span class='ocrx_word' id='word_1_143' title='bbox 593 951 705 987; x_wconf 90' lang='lat' dir='ltr'>modis</span> <span class='ocrx_word' id='word_1_144' title='bbox 731 952 905 995; x_wconf 88' lang='lat' dir='ltr'>omnibus,</span> <span class='ocrx_word' id='word_1_145' title='bbox 933 965 1039 999; x_wconf 90' lang='lat' dir='ltr'>quam</span> <span class='ocrx_word' id='word_1_146' title='bbox 1058 964 1223 989; x_wconf 81' lang='lat' dir='ltr'>excusare</span> <span class='ocrx_word' id='word_1_147' title='bbox 1241 954 1367 998; x_wconf 87' lang='lat' dir='ltr'>malim,</span> <span class='ocrx_word' id='word_1_148' title='bbox 1395 954 1508 990; x_wconf 89' lang='lat' dir='ltr'>sedin</span> <span class='ocrx_word' id='word_1_149' title='bbox 1526 955 1623 991; x_wconf 88' lang='lat' dir='ltr'>civili</span> <span class='ocrx_word' id='word_1_150' title='bbox 1640 955 1732 1003; x_wconf 88' lang='lat' dir='ltr'>apud</span> 
     </span>
     <span class='ocr_line' id='line_1_15' title="bbox 197 1012 1730 1064; baseline 0.003 -16"><span class='ocrx_word' id='word_1_151' title='bbox 197 1013 354 1049; x_wconf 89' lang='lat' dir='ltr'>homines</span> <span class='ocrx_word' id='word_1_152' title='bbox 378 1012 509 1049; x_wconf 88' lang='lat' dir='ltr'>iudicio</span> <span class='ocrx_word' id='word_1_153' title='bbox 536 1014 585 1049; x_wconf 86' lang='lat' dir='ltr'>ita</span> <span class='ocrx_word' id='word_1_154' title='bbox 610 1013 693 1049; x_wconf 89' lang='lat' dir='ltr'>mihi</span> <span class='ocrx_word' id='word_1_155' title='bbox 719 1026 796 1049; x_wconf 88' lang='lat' dir='ltr'>sum</span> <span class='ocrx_word' id='word_1_156' title='bbox 822 1013 909 1050; x_wconf 87' lang='lat' dir='ltr'>bene</span> <span class='ocrx_word' id='word_1_157' title='bbox 935 1014 1107 1058; x_wconf 87' lang='lat' dir='ltr'>conscius,</span> <span class='ocrx_word' id='word_1_158' title='bbox 1133 1018 1175 1051; x_wconf 88' lang='lat' dir='ltr'>ut</span> <span class='ocrx_word' id='word_1_159' title='bbox 1201 1028 1274 1052; x_wconf 88' lang='lat' dir='ltr'>non</span> <span class='ocrx_word' id='word_1_160' title='bbox 1298 1018 1418 1063; x_wconf 91' lang='lat' dir='ltr'>putem</span> <span class='ocrx_word' id='word_1_161' title='bbox 1438 1029 1512 1052; x_wconf 91' lang='lat' dir='ltr'>esse</span> <span class='ocrx_word' id='word_1_162' title='bbox 1529 1029 1730 1064; x_wconf 81' lang='lat' dir='ltr'>quenquam</span> 
     </span>
     <span class='ocr_line' id='line_1_16' title="bbox 198 1074 1733 1122; baseline 0.003 -13"><span class='ocrx_word' id='word_1_163' title='bbox 198 1074 260 1121; x_wconf 90' lang='lat' dir='ltr'>qui</span> <span class='ocrx_word' id='word_1_164' title='bbox 286 1086 401 1110; x_wconf 89' lang='lat' dir='ltr'>meum</span> <span class='ocrx_word' id='word_1_165' title='bbox 428 1074 659 1110; x_wconf 87' lang='lat' dir='ltr'>ministerium</span> <span class='ocrx_word' id='word_1_166' title='bbox 684 1074 860 1121; x_wconf 87' lang='lat' dir='ltr'>fidemque</span> <span class='ocrx_word' id='word_1_167' title='bbox 885 1087 924 1110; x_wconf 87' lang='lat' dir='ltr'>ao</span> <span class='ocrx_word' id='word_1_168' title='bbox 950 1074 1160 1122; x_wconf 82' lang='lat' dir='ltr'>dignitatem</span> <span class='ocrx_word' id='word_1_169' title='bbox 1178 1075 1274 1111; x_wconf 87' lang='lat' dir='ltr'>illius</span> <span class='ocrx_word' id='word_1_170' title='bbox 1293 1076 1329 1111; x_wconf 91' lang='lat' dir='ltr'>in</span> <span class='ocrx_word' id='word_1_171' title='bbox 1347 1076 1493 1112; x_wconf 89' lang='lat' dir='ltr'>dubium</span> <span class='ocrx_word' id='word_1_172' title='bbox 1510 1090 1635 1113; x_wconf 89' lang='lat' dir='ltr'>vocare</span> <span class='ocrx_word' id='word_1_173' title='bbox 1653 1089 1733 1113; x_wconf 89' lang='lat' dir='ltr'>vere</span> 
     </span>
     <span class='ocr_line' id='line_1_17' title="bbox 195 1135 1731 1184; baseline 0.001 -14"><span class='ocrx_word' id='word_1_174' title='bbox 195 1135 317 1183; x_wconf 81' lang='lat' dir='ltr'>possit.</span> <span class='ocrx_word' id='word_1_175' title='bbox 344 1135 447 1171; x_wconf 84' lang='lat' dir='ltr'>Meae</span> <span class='ocrx_word' id='word_1_176' title='bbox 471 1138 589 1171; x_wconf 89' lang='lat' dir='ltr'>autem</span> <span class='ocrx_word' id='word_1_177' title='bbox 614 1136 651 1171; x_wconf 91' lang='lat' dir='ltr'>in</span> <span class='ocrx_word' id='word_1_178' title='bbox 679 1139 713 1172; x_wconf 85' lang='lat' dir='ltr'>te</span> <span class='ocrx_word' id='word_1_179' title='bbox 738 1136 818 1171; x_wconf 88' lang='lat' dir='ltr'>fidei</span> <span class='ocrx_word' id='word_1_180' title='bbox 843 1148 882 1172; x_wconf 88' lang='lat' dir='ltr'>ac</span> <span class='ocrx_word' id='word_1_181' title='bbox 908 1136 1150 1173; x_wconf 79' lang='lat' dir='ltr'>observantiae</span> <span class='ocrx_word' id='word_1_182' title='bbox 1175 1137 1314 1184; x_wconf 88' lang='lat' dir='ltr'>meique</span> <span class='ocrx_word' id='word_1_183' title='bbox 1331 1137 1415 1174; x_wconf 89' lang='lat' dir='ltr'>item</span> <span class='ocrx_word' id='word_1_184' title='bbox 1433 1138 1543 1174; x_wconf 89' lang='lat' dir='ltr'>studii</span> <span class='ocrx_word' id='word_1_185' title='bbox 1560 1139 1731 1174; x_wconf 88' lang='lat' dir='ltr'>neminem</span> 
     </span>
     <span class='ocr_line' id='line_1_18' title="bbox 198 1197 1731 1245; baseline 0 -12"><span class='ocrx_word' id='word_1_186' title='bbox 198 1198 306 1234; x_wconf 89' lang='lat' dir='ltr'>alium</span> <span class='ocrx_word' id='word_1_187' title='bbox 333 1202 368 1234; x_wconf 86' lang='lat' dir='ltr'>et</span> <span class='ocrx_word' id='word_1_188' title='bbox 393 1201 520 1234; x_wconf 88' lang='lat' dir='ltr'>testem</span> <span class='ocrx_word' id='word_1_189' title='bbox 546 1202 581 1234; x_wconf 89' lang='lat' dir='ltr'>et</span> <span class='ocrx_word' id='word_1_190' title='bbox 599 1197 748 1234; x_wconf 87' lang='lat' dir='ltr'>iudicem</span> <span class='ocrx_word' id='word_1_191' title='bbox 767 1198 866 1242; x_wconf 80' lang='lat' dir='ltr'>facio,</span> <span class='ocrx_word' id='word_1_192' title='bbox 885 1210 990 1245; x_wconf 87' lang='lat' dir='ltr'>quam</span> <span class='ocrx_word' id='word_1_193' title='bbox 1007 1200 1044 1234; x_wconf 90' lang='lat' dir='ltr'>te</span> <span class='ocrx_word' id='word_1_194' title='bbox 1061 1198 1186 1245; x_wconf 84' lang='lat' dir='ltr'>ipsum,</span> <span class='ocrx_word' id='word_1_195' title='bbox 1204 1198 1283 1234; x_wconf 75' lang='lat' dir='ltr'>Rex</span> <span class='ocrx_word' id='word_1_196' title='bbox 1302 1199 1542 1235; x_wconf 83' lang='lat' dir='ltr'>Serenissime!</span> <span class='ocrx_word' id='word_1_197' title='bbox 1563 1201 1598 1235; x_wconf 86' lang='lat' dir='ltr'>et</span> <span class='ocrx_word' id='word_1_198' title='bbox 1616 1199 1731 1235; x_wconf 90' lang='lat' dir='ltr'>Deum</span> 
     </span>
     <span class='ocr_line' id='line_1_19' title="bbox 200 1260 1732 1308; baseline 0.001 -13"><span class='ocrx_word' id='word_1_199' title='bbox 200 1260 357 1308; x_wconf 88' lang='lat' dir='ltr'>inprimis</span> <span class='ocrx_word' id='word_1_200' title='bbox 395 1260 579 1308; x_wconf 79' lang='lat' dir='ltr'>Optimum</span> <span class='ocrx_word' id='word_1_201' title='bbox 606 1260 812 1303; x_wconf 78' lang='lat' dir='ltr'>Maximum,</span> <span class='ocrx_word' id='word_1_202' title='bbox 839 1260 901 1306; x_wconf 91' lang='lat' dir='ltr'>qui</span> <span class='ocrx_word' id='word_1_203' title='bbox 927 1260 1029 1296; x_wconf 88' lang='lat' dir='ltr'>novit</span> <span class='ocrx_word' id='word_1_204' title='bbox 1055 1263 1090 1295; x_wconf 82' lang='lat' dir='ltr'>et</span> <span class='ocrx_word' id='word_1_205' title='bbox 1117 1260 1278 1296; x_wconf 86' lang='lat' dir='ltr'>intuetur</span> <span class='ocrx_word' id='word_1_206' title='bbox 1304 1260 1430 1297; x_wconf 89' lang='lat' dir='ltr'>omnia.</span> <span class='ocrx_word' id='word_1_207' title='bbox 1479 1261 1584 1297; x_wconf 88' lang='lat' dir='ltr'>Nunc</span> <span class='ocrx_word' id='word_1_208' title='bbox 1610 1261 1732 1308; x_wconf 87' lang='lat' dir='ltr'>igitur,</span> 
     </span>
     <span class='ocr_line' id='line_1_20' title="bbox 201 1321 1733 1369; baseline 0.001 -12"><span class='ocrx_word' id='word_1_209' title='bbox 201 1323 263 1369; x_wconf 90' lang='lat' dir='ltr'>qui</span> <span class='ocrx_word' id='word_1_210' title='bbox 288 1335 431 1369; x_wconf 78' lang='lat' dir='ltr'>peregre</span> <span class='ocrx_word' id='word_1_211' title='bbox 457 1335 598 1358; x_wconf 88' lang='lat' dir='ltr'>versans</span> <span class='ocrx_word' id='word_1_212' title='bbox 626 1325 708 1358; x_wconf 89' lang='lat' dir='ltr'>tuae</span> <span class='ocrx_word' id='word_1_213' title='bbox 734 1334 869 1369; x_wconf 87' lang='lat' dir='ltr'>semper</span> <span class='ocrx_word' id='word_1_214' title='bbox 895 1321 1079 1369; x_wconf 79' lang='lat' dir='ltr'>dignitatis</span> <span class='ocrx_word' id='word_1_215' title='bbox 1104 1322 1256 1358; x_wconf 87' lang='lat' dir='ltr'>tuendae</span> <span class='ocrx_word' id='word_1_216' title='bbox 1282 1322 1463 1358; x_wconf 87' lang='lat' dir='ltr'>studiosus</span> <span class='ocrx_word' id='word_1_217' title='bbox 1477 1323 1540 1367; x_wconf 87' lang='lat' dir='ltr'>fui,</span> <span class='ocrx_word' id='word_1_218' title='bbox 1559 1335 1663 1366; x_wconf 89' lang='lat' dir='ltr'>nunc,</span> <span class='ocrx_word' id='word_1_219' title='bbox 1681 1323 1733 1358; x_wconf 89' lang='lat' dir='ltr'>in-</span> 
     </span>
     <span class='ocr_line' id='line_1_21' title="bbox 202 1380 1733 1429; baseline 0 -12"><span class='ocrx_word' id='word_1_220' title='bbox 202 1395 318 1429; x_wconf 87' lang='lat' dir='ltr'>quam,</span> <span class='ocrx_word' id='word_1_221' title='bbox 352 1381 387 1417; x_wconf 89' lang='lat' dir='ltr'>in</span> <span class='ocrx_word' id='word_1_222' title='bbox 423 1394 500 1418; x_wconf 84' lang='lat' dir='ltr'>mea</span> <span class='ocrx_word' id='word_1_223' title='bbox 533 1382 672 1417; x_wconf 87' lang='lat' dir='ltr'>demum</span> <span class='ocrx_word' id='word_1_224' title='bbox 704 1382 818 1428; x_wconf 88' lang='lat' dir='ltr'>patria</span> <span class='ocrx_word' id='word_1_225' title='bbox 850 1381 892 1416; x_wconf 87' lang='lat' dir='ltr'>iis</span> <span class='ocrx_word' id='word_1_226' title='bbox 926 1394 980 1416; x_wconf 90' lang='lat' dir='ltr'>me</span> <span class='ocrx_word' id='word_1_227' title='bbox 1014 1380 1241 1427; x_wconf 80' lang='lat' dir='ltr'>adiungerem</span> <span class='ocrx_word' id='word_1_228' title='bbox 1267 1382 1411 1425; x_wconf 85' lang='lat' dir='ltr'>scilicet,</span> <span class='ocrx_word' id='word_1_229' title='bbox 1438 1382 1499 1429; x_wconf 90' lang='lat' dir='ltr'>qui</span> <span class='ocrx_word' id='word_1_230' title='bbox 1524 1382 1733 1429; x_wconf 82' lang='lat' dir='ltr'>dignitatem</span> 
     </span>
     <span class='ocr_line' id='line_1_22' title="bbox 201 1442 1733 1489; baseline -0.001 -10"><span class='ocrx_word' id='word_1_231' title='bbox 201 1444 502 1489; x_wconf 89' lang='lat' dir='ltr'>autoritatemque</span> <span class='ocrx_word' id='word_1_232' title='bbox 533 1443 734 1478; x_wconf 78' lang='lat' dir='ltr'>Maiestatis</span> <span class='ocrx_word' id='word_1_233' title='bbox 768 1443 865 1477; x_wconf 86' lang='lat' dir='ltr'>Tuae</span> <span class='ocrx_word' id='word_1_234' title='bbox 890 1442 927 1477; x_wconf 89' lang='lat' dir='ltr'>in</span> <span class='ocrx_word' id='word_1_235' title='bbox 953 1454 1029 1477; x_wconf 78' lang='grc'><strong>11160</strong></span> <span class='ocrx_word' id='word_1_236' title='bbox 1056 1442 1269 1487; x_wconf 86' lang='lat' dir='ltr'>Ministerio,</span> <span class='ocrx_word' id='word_1_237' title='bbox 1305 1444 1333 1478; x_wconf 91' lang='lat' dir='ltr'>si</span> <span class='ocrx_word' id='word_1_238' title='bbox 1359 1443 1395 1478; x_wconf 89' lang='lat' dir='ltr'>id</span> <span class='ocrx_word' id='word_1_239' title='bbox 1421 1443 1629 1479; x_wconf 86' lang='lat' dir='ltr'>Pharisaicis</span> <span class='ocrx_word' id='word_1_240' title='bbox 1655 1443 1733 1478; x_wconf 89' lang='lat' dir='ltr'>istis</span> 
     </span>
     <span class='ocr_line' id='line_1_23' title="bbox 202 1503 1730 1552; baseline -0.001 -11"><span class='ocrx_word' id='word_1_241' title='bbox 202 1504 461 1541; x_wconf 82' lang='lat' dir='ltr'>detractoribus</span> <span class='ocrx_word' id='word_1_242' title='bbox 497 1505 546 1540; x_wconf 82' lang='lat' dir='ltr'>ita</span> <span class='ocrx_word' id='word_1_243' title='bbox 580 1504 727 1552; x_wconf 85' lang='lat' dir='ltr'>placeat,</span> <span class='ocrx_word' id='word_1_244' title='bbox 753 1503 964 1540; x_wconf 68' lang='lat' dir='ltr'>labefactare</span> <span class='ocrx_word' id='word_1_245' title='bbox 989 1504 1224 1540; x_wconf 79' lang='lat' dir='ltr'>conarentur?</span> <span class='ocrx_word' id='word_1_246' title='bbox 1274 1504 1379 1540; x_wconf 89' lang='lat' dir='ltr'>Absit</span> <span class='ocrx_word' id='word_1_247' title='bbox 1405 1504 1468 1540; x_wconf 88' lang='grc'><strong>1100</strong></span> <span class='ocrx_word' id='word_1_248' title='bbox 1494 1517 1513 1539; x_wconf 92' lang='lat' dir='ltr'>a</span> <span class='ocrx_word' id='word_1_249' title='bbox 1539 1517 1593 1541; x_wconf 89' lang='lat' dir='ltr'>me</span> <span class='ocrx_word' id='word_1_250' title='bbox 1625 1517 1730 1552; x_wconf 87' lang='lat' dir='ltr'>quam</span> 
     </span>
     <span class='ocr_line' id='line_1_24' title="bbox 201 1565 1737 1613; baseline -0.001 -11"><span class='ocrx_word' id='word_1_251' title='bbox 201 1566 405 1613; x_wconf 79' lang='lat' dir='ltr'>longissime</span> <span class='ocrx_word' id='word_1_252' title='bbox 431 1569 466 1602; x_wconf 90' lang='lat' dir='ltr'>et</span> <span class='ocrx_word' id='word_1_253' title='bbox 492 1566 578 1601; x_wconf 91' lang='lat' dir='ltr'>meis</span> <span class='ocrx_word' id='word_1_254' title='bbox 604 1565 779 1601; x_wconf 85' lang='lat' dir='ltr'>omnibus.</span> <span class='ocrx_word' id='word_1_255' title='bbox 830 1566 952 1611; x_wconf 82' lang='lat' dir='ltr'>Atque</span> <span class='ocrx_word' id='word_1_256' title='bbox 978 1577 1060 1600; x_wconf 89' lang='lat' dir='ltr'>sane</span> <span class='ocrx_word' id='word_1_257' title='bbox 1086 1567 1228 1600; x_wconf 84' lang='lat' dir='ltr'>tantum</span> <span class='ocrx_word' id='word_1_258' title='bbox 1253 1565 1289 1600; x_wconf 88' lang='lat' dir='ltr'>id</span> <span class='ocrx_word' id='word_1_259' title='bbox 1315 1577 1334 1600; x_wconf 87' lang='lat' dir='ltr'>a</span> <span class='ocrx_word' id='word_1_260' title='bbox 1359 1578 1414 1601; x_wconf 90' lang='lat' dir='ltr'>me</span> <span class='ocrx_word' id='word_1_261' title='bbox 1448 1565 1562 1612; x_wconf 92' lang='lat' dir='ltr'>iisque</span> <span class='ocrx_word' id='word_1_262' title='bbox 1593 1566 1655 1613; x_wconf 88' lang='lat' dir='ltr'>qui</span> <span class='ocrx_word' id='word_1_263' title='bbox 1681 1578 1737 1601; x_wconf 89' lang='lat' dir='ltr'>me</span> 
     </span>
     <span class='ocr_line' id='line_1_25' title="bbox 202 1625 1735 1673; baseline -0.001 -10"><span class='ocrx_word' id='word_1_264' title='bbox 202 1630 375 1663; x_wconf 85' lang='lat' dir='ltr'>vocarunt</span> <span class='ocrx_word' id='word_1_265' title='bbox 409 1626 570 1663; x_wconf 86' lang='lat' dir='ltr'>omnibus</span> <span class='ocrx_word' id='word_1_266' title='bbox 602 1626 701 1662; x_wconf 89' lang='lat' dir='ltr'>abest</span> <span class='ocrx_word' id='word_1_267' title='bbox 736 1629 771 1662; x_wconf 84' lang='lat' dir='ltr'>et</span> <span class='ocrx_word' id='word_1_268' title='bbox 805 1625 918 1661; x_wconf 86' lang='lat' dir='ltr'>aberit</span> <span class='ocrx_word' id='word_1_269' title='bbox 943 1638 1077 1673; x_wconf 87' lang='lat' dir='ltr'>semper</span> <span class='ocrx_word' id='word_1_270' title='bbox 1103 1638 1164 1673; x_wconf 86' lang='lat' dir='ltr'>per</span> <span class='ocrx_word' id='word_1_271' title='bbox 1190 1625 1257 1661; x_wconf 92' lang='lat' dir='ltr'>Dei</span> <span class='ocrx_word' id='word_1_272' title='bbox 1282 1626 1442 1672; x_wconf 78' lang='lat' dir='ltr'>gratiam,</span> <span class='ocrx_word' id='word_1_273' title='bbox 1467 1630 1509 1662; x_wconf 92' lang='lat' dir='ltr'>ut</span> <span class='ocrx_word' id='word_1_274' title='bbox 1534 1639 1606 1662; x_wconf 91' lang='lat' dir='ltr'>non</span> <span class='ocrx_word' id='word_1_275' title='bbox 1632 1626 1735 1662; x_wconf 91' lang='lat' dir='ltr'>modo</span> 
     </span>
     <span class='ocr_line' id='line_1_26' title="bbox 203 1686 1736 1735; baseline 0 -12"><span class='ocrx_word' id='word_1_276' title='bbox 203 1687 290 1724; x_wconf 90' lang='lat' dir='ltr'>nihil</span> <span class='ocrx_word' id='word_1_277' title='bbox 317 1688 419 1723; x_wconf 89' lang='lat' dir='ltr'>huius</span> <span class='ocrx_word' id='word_1_278' title='bbox 446 1700 490 1723; x_wconf 91' lang='lat' dir='ltr'>ne</span> <span class='ocrx_word' id='word_1_279' title='bbox 515 1700 576 1735; x_wconf 85' lang='lat' dir='ltr'>per</span> <span class='ocrx_word' id='word_1_280' title='bbox 602 1687 775 1723; x_wconf 89' lang='lat' dir='ltr'>somnium</span> <span class='ocrx_word' id='word_1_281' title='bbox 801 1686 943 1734; x_wconf 89' lang='lat' dir='ltr'>quidem</span> <span class='ocrx_word' id='word_1_282' title='bbox 969 1688 1176 1733; x_wconf 74' lang='lat' dir='ltr'>cogitemus,</span> <span class='ocrx_word' id='word_1_283' title='bbox 1202 1686 1263 1722; x_wconf 88' lang='lat' dir='ltr'>sed.</span> <span class='ocrx_word' id='word_1_284' title='bbox 1288 1699 1402 1734; x_wconf 90' lang='lat' dir='ltr'>neque</span> <span class='ocrx_word' id='word_1_285' title='bbox 1428 1687 1517 1723; x_wconf 83' lang='lat' dir='ltr'>serre</span> <span class='ocrx_word' id='word_1_286' title='bbox 1535 1700 1736 1734; x_wconf 85' lang='lat' dir='ltr'>quenquam</span> 
     </span>
     <span class='ocr_line' id='line_1_27' title="bbox 203 1748 1737 1796; baseline -0.001 -11"><span class='ocrx_word' id='word_1_287' title='bbox 203 1749 374 1786; x_wconf 89' lang='lat' dir='ltr'>eiusmodi</span> <span class='ocrx_word' id='word_1_288' title='bbox 398 1750 490 1785; x_wconf 89' lang='lat' dir='ltr'>inter</span> <span class='ocrx_word' id='word_1_289' title='bbox 516 1762 580 1785; x_wconf 88' lang='lat' dir='ltr'>nos</span> <span class='ocrx_word' id='word_1_290' title='bbox 604 1749 677 1785; x_wconf 91' lang='lat' dir='ltr'>ullo</span> <span class='ocrx_word' id='word_1_291' title='bbox 704 1749 805 1785; x_wconf 88' lang='lat' dir='ltr'>modo</span> <span class='ocrx_word' id='word_1_292' title='bbox 832 1761 1011 1795; x_wconf 83' lang='lat' dir='ltr'>queamus,</span> <span class='ocrx_word' id='word_1_293' title='bbox 1038 1748 1189 1795; x_wconf 88' lang='lat' dir='ltr'>denique</span> <span class='ocrx_word' id='word_1_294' title='bbox 1215 1751 1250 1784; x_wconf 90' lang='lat' dir='ltr'>et</span> <span class='ocrx_word' id='word_1_295' title='bbox 1274 1749 1377 1796; x_wconf 90' lang='lat' dir='ltr'>primi</span> <span class='ocrx_word' id='word_1_296' title='bbox 1402 1761 1491 1792; x_wconf 88' lang='lat' dir='ltr'>eum,</span> <span class='ocrx_word' id='word_1_297' title='bbox 1518 1749 1680 1796; x_wconf 90' lang='lat' dir='ltr'>quisquis</span> <span class='ocrx_word' id='word_1_298' title='bbox 1707 1749 1737 1784; x_wconf 86' lang='lat' dir='ltr'>is</span> 
     </span>
     <span class='ocr_line' id='line_1_28' title="bbox 204 1810 1736 1858; baseline -0.001 -11"><span class='ocrx_word' id='word_1_299' title='bbox 204 1812 347 1848; x_wconf 90' lang='lat' dir='ltr'>omnino</span> <span class='ocrx_word' id='word_1_300' title='bbox 380 1814 484 1855; x_wconf 87' lang='lat' dir='ltr'>esset,</span> <span class='ocrx_word' id='word_1_301' title='bbox 519 1824 590 1847; x_wconf 91' lang='lat' dir='ltr'>non</span> <span class='ocrx_word' id='word_1_302' title='bbox 625 1810 787 1857; x_wconf 89' lang='lat' dir='ltr'>equidem</span> <span class='ocrx_word' id='word_1_303' title='bbox 823 1810 1052 1846; x_wconf 85' lang='lat' dir='ltr'>clandestinis</span> <span class='ocrx_word' id='word_1_304' title='bbox 1085 1810 1224 1846; x_wconf 88' lang='lat' dir='ltr'>iniuriis</span> <span class='ocrx_word' id='word_1_305' title='bbox 1257 1810 1450 1854; x_wconf 85' lang='lat' dir='ltr'>traducere,</span> <span class='ocrx_word' id='word_1_306' title='bbox 1476 1810 1535 1846; x_wconf 88' lang='lat' dir='ltr'>sed</span> <span class='ocrx_word' id='word_1_307' title='bbox 1560 1810 1673 1858; x_wconf 88' lang='lat' dir='ltr'>palam</span> <span class='ocrx_word' id='word_1_308' title='bbox 1698 1822 1736 1846; x_wconf 85' lang='lat' dir='ltr'>re</span> 
     </span>
     <span class='ocr_line' id='line_1_29' title="bbox 204 1871 1738 1920; baseline -0.001 -11"><span class='ocrx_word' id='word_1_309' title='bbox 204 1873 338 1920; x_wconf 90' lang='lat' dir='ltr'>alioqui</span> <span class='ocrx_word' id='word_1_310' title='bbox 363 1872 449 1909; x_wconf 89' lang='lat' dir='ltr'>bene</span> <span class='ocrx_word' id='word_1_311' title='bbox 475 1877 651 1919; x_wconf 90' lang='lat' dir='ltr'>comperta</span> <span class='ocrx_word' id='word_1_312' title='bbox 675 1884 839 1908; x_wconf 88' lang='lat' dir='ltr'>accusare</span> <span class='ocrx_word' id='word_1_313' title='bbox 864 1871 1024 1907; x_wconf 87' lang='lat' dir='ltr'>velimus.</span> <span class='ocrx_word' id='word_1_314' title='bbox 1051 1871 1118 1907; x_wconf 84' lang='lat' dir='ltr'>Sed</span> <span class='ocrx_word' id='word_1_315' title='bbox 1143 1872 1256 1907; x_wconf 88' lang='lat' dir='ltr'>nostri</span> <span class='ocrx_word' id='word_1_316' title='bbox 1281 1871 1373 1908; x_wconf 86' lang='lat' dir='ltr'>forte</span> <span class='ocrx_word' id='word_1_317' title='bbox 1398 1871 1570 1908; x_wconf 84' lang='lat' dir='ltr'>delatores</span> <span class='ocrx_word' id='word_1_318' title='bbox 1596 1884 1638 1908; x_wconf 76' lang='lat' dir='ltr'>ex</span> <span class='ocrx_word' id='word_1_319' title='bbox 1664 1885 1738 1908; x_wconf 90' lang='lat' dir='ltr'>sese</span> 
     </span>
     <span class='ocr_line' id='line_1_30' title="bbox 207 1932 1738 1981; baseline -0.001 -11"><span class='ocrx_word' id='word_1_320' title='bbox 207 1947 270 1970; x_wconf 89' lang='grc'><strong>1105</strong></span> <span class='ocrx_word' id='word_1_321' title='bbox 306 1947 450 1981; x_wconf 87' lang='lat' dir='ltr'>quoque</span> <span class='ocrx_word' id='word_1_322' title='bbox 487 1933 614 1970; x_wconf 84' lang='lat' dir='ltr'>volunt</span> <span class='ocrx_word' id='word_1_323' title='bbox 648 1933 764 1970; x_wconf 84' lang='lat' dir='ltr'>metiri</span> <span class='ocrx_word' id='word_1_324' title='bbox 788 1937 897 1980; x_wconf 83' lang='lat' dir='ltr'>atque</span> <span class='ocrx_word' id='word_1_325' title='bbox 923 1933 1117 1975; x_wconf 86' lang='lat' dir='ltr'>aestimare,</span> <span class='ocrx_word' id='word_1_326' title='bbox 1144 1937 1180 1968; x_wconf 88' lang='lat' dir='ltr'>et</span> <span class='ocrx_word' id='word_1_327' title='bbox 1205 1932 1301 1979; x_wconf 83' lang='lat' dir='ltr'>quod</span> <span class='ocrx_word' id='word_1_328' title='bbox 1326 1932 1391 1968; x_wconf 87' lang='lat' dir='ltr'>sibi</span> <span class='ocrx_word' id='word_1_329' title='bbox 1417 1933 1554 1980; x_wconf 87' lang='lat' dir='ltr'>ipsimet</span> <span class='ocrx_word' id='word_1_330' title='bbox 1591 1946 1653 1981; x_wconf 89' lang='lat' dir='ltr'>pro</span> <span class='ocrx_word' id='word_1_331' title='bbox 1679 1933 1738 1969; x_wconf 90' lang='lat' dir='ltr'>ad-</span> 
     </span>
     <span class='ocr_line' id='line_1_31' title="bbox 210 1994 1735 2043; baseline 0 -11"><span class='ocrx_word' id='word_1_332' title='bbox 210 1997 363 2032; x_wconf 84' lang='lat' dir='ltr'>mirabili</span> <span class='ocrx_word' id='word_1_333' title='bbox 389 2010 452 2032; x_wconf 89' lang='lat' dir='ltr'>sua</span> <span class='ocrx_word' id='word_1_334' title='bbox 477 1997 514 2032; x_wconf 89' lang='lat' dir='ltr'>in</span> <span class='ocrx_word' id='word_1_335' title='bbox 539 1996 669 2043; x_wconf 81' lang='lat' dir='ltr'>Papam</span> <span class='ocrx_word' id='word_1_336' title='bbox 696 1996 899 2031; x_wconf 83' lang='lat' dir='ltr'>Creatorem</span> <span class='ocrx_word' id='word_1_337' title='bbox 924 2007 1027 2030; x_wconf 89' lang='lat' dir='ltr'>suum</span> <span class='ocrx_word' id='word_1_338' title='bbox 1052 1994 1120 2031; x_wconf 86' lang='lat' dir='ltr'>fide</span> <span class='ocrx_word' id='word_1_339' title='bbox 1143 1996 1251 2042; x_wconf 88' lang='lat' dir='ltr'>atque</span> <span class='ocrx_word' id='word_1_340' title='bbox 1277 1994 1499 2031; x_wconf 85' lang='lat' dir='ltr'>observantia</span> <span class='ocrx_word' id='word_1_341' title='bbox 1524 1995 1629 2031; x_wconf 86' lang='lat' dir='ltr'>etiam</span> <span class='ocrx_word' id='word_1_342' title='bbox 1654 2008 1735 2032; x_wconf 88' lang='grc'><strong>0011-</strong></span> 
     </span>
     <span class='ocr_line' id='line_1_32' title="bbox 206 2056 1737 2105; baseline -0.001 -10"><span class='ocrx_word' id='word_1_343' title='bbox 206 2061 263 2095; x_wconf 87' lang='lat' dir='ltr'>tra</span> <span class='ocrx_word' id='word_1_344' title='bbox 296 2059 522 2095; x_wconf 88' lang='lat' dir='ltr'>Maiestatem</span> <span class='ocrx_word' id='word_1_345' title='bbox 556 2062 655 2094; x_wconf 86' lang='lat' dir='ltr'>tuam</span> <span class='ocrx_word' id='word_1_346' title='bbox 688 2057 787 2093; x_wconf 86' lang='lat' dir='ltr'>facile</span> <span class='ocrx_word' id='word_1_347' title='bbox 813 2057 948 2104; x_wconf 88' lang='lat' dir='ltr'>alioqui</span> <span class='ocrx_word' id='word_1_348' title='bbox 972 2057 1177 2105; x_wconf 83' lang='lat' dir='ltr'>permissuri</span> <span class='ocrx_word' id='word_1_349' title='bbox 1210 2059 1325 2092; x_wconf 89' lang='lat' dir='ltr'>essent</span> <span class='ocrx_word' id='word_1_350' title='bbox 1358 2056 1401 2092; x_wconf 87' lang='lat' dir='ltr'>ad</span> <span class='ocrx_word' id='word_1_351' title='bbox 1426 2056 1737 2093; x_wconf 87' lang='lat' dir='ltr'>constabiliendam</span> 
     </span>
     <span class='ocr_line' id='line_1_33' title="bbox 209 2118 1739 2169; baseline -0.002 -11"><span class='ocrx_word' id='word_1_352' title='bbox 209 2121 459 2169; x_wconf 88' lang='lat' dir='ltr'>quoquomodo</span> <span class='ocrx_word' id='word_1_353' title='bbox 493 2133 592 2156; x_wconf 90' lang='lat' dir='ltr'>suam</span> <span class='ocrx_word' id='word_1_354' title='bbox 625 2119 844 2168; x_wconf 79' lang='lat' dir='ltr'>tyrannidem</span> <span class='ocrx_word' id='word_1_355' title='bbox 873 2120 988 2166; x_wconf 84' lang='lat' dir='ltr'>(cuius</span> <span class='ocrx_word' id='word_1_356' title='bbox 1022 2131 1104 2155; x_wconf 87' lang='lat' dir='ltr'>sane</span> <span class='ocrx_word' id='word_1_357' title='bbox 1139 2119 1191 2155; x_wconf 91' lang='lat' dir='ltr'>rei</span> <span class='ocrx_word' id='word_1_358' title='bbox 1216 2118 1372 2166; x_wconf 80' lang='lat' dir='ltr'>exempla</span> <span class='ocrx_word' id='word_1_359' title='bbox 1397 2131 1467 2154; x_wconf 90' lang='lat' dir='ltr'>non</span> <span class='ocrx_word' id='word_1_360' title='bbox 1492 2131 1602 2166; x_wconf 88' lang='lat' dir='ltr'>pauca</span> <span class='ocrx_word' id='word_1_361' title='bbox 1627 2119 1739 2155; x_wconf 90' lang='lat' dir='ltr'>literis</span> 
     </span>
     <span class='ocr_line' id='line_1_34' title="bbox 207 2180 1739 2230; baseline -0.002 -10"><span class='ocrx_word' id='word_1_362' title='bbox 207 2184 311 2220; x_wconf 86' lang='lat' dir='ltr'>etiam</span> <span class='ocrx_word' id='word_1_363' title='bbox 338 2183 500 2219; x_wconf 84' lang='lat' dir='ltr'>mandata</span> <span class='ocrx_word' id='word_1_364' title='bbox 531 2182 711 2230; x_wconf 85' lang='lat' dir='ltr'>habemus)</span> <span class='ocrx_word' id='word_1_365' title='bbox 739 2181 785 2226; x_wconf 92' lang='lat' dir='ltr'>id,</span> <span class='ocrx_word' id='word_1_366' title='bbox 811 2181 841 2217; x_wconf 92' lang='lat' dir='ltr'>si</span> <span class='ocrx_word' id='word_1_367' title='bbox 867 2181 945 2217; x_wconf 86' lang='lat' dir='ltr'>Diis</span> <span class='ocrx_word' id='word_1_368' title='bbox 971 2181 1097 2228; x_wconf 89' lang='lat' dir='ltr'>placet,</span> <span class='ocrx_word' id='word_1_369' title='bbox 1126 2180 1203 2217; x_wconf 92' lang='lat' dir='ltr'>aliis</span> <span class='ocrx_word' id='word_1_370' title='bbox 1228 2193 1310 2229; x_wconf 86' lang='lat' dir='ltr'>prae</span> <span class='ocrx_word' id='word_1_371' title='bbox 1335 2193 1372 2217; x_wconf 89' lang='lat' dir='ltr'>se</span> <span class='ocrx_word' id='word_1_372' title='bbox 1396 2181 1562 2228; x_wconf 87' lang='lat' dir='ltr'>imputari</span> <span class='ocrx_word' id='word_1_373' title='bbox 1586 2193 1650 2229; x_wconf 88' lang='lat' dir='ltr'>pro</span> <span class='ocrx_word' id='word_1_374' title='bbox 1675 2194 1739 2217; x_wconf 84' lang='lat' dir='ltr'>sua</span> 
     </span>
     <span class='ocr_line' id='line_1_35' title="bbox 210 2244 564 2281; baseline -0.003 0"><span class='ocrx_word' id='word_1_375' title='bbox 210 2245 400 2281; x_wconf 84' lang='lat' dir='ltr'>sanctitate</span> <span class='ocrx_word' id='word_1_376' title='bbox 426 2244 564 2281; x_wconf 86' lang='lat' dir='ltr'>volunt.</span> 
     </span>
    </p>

    <p class='ocr_par' dir='ltr' id='par_1_3' title="bbox 206 2303 1751 2967">
     <span class='ocr_line' id='line_1_36' title="bbox 257 2303 1739 2354; baseline -0.003 -10"><span class='ocrx_word' id='word_1_377' title='bbox 257 2308 309 2343; x_wconf 86' lang='lat' dir='ltr'>At</span> <span class='ocrx_word' id='word_1_378' title='bbox 342 2320 425 2344; x_wconf 83' lang='lat' dir='ltr'>vero</span> <span class='ocrx_word' id='word_1_379' title='bbox 459 2319 523 2343; x_wconf 90' lang='lat' dir='ltr'>nos</span> <span class='ocrx_word' id='word_1_380' title='bbox 549 2305 758 2354; x_wconf 88' lang='lat' dir='ltr'>praeclaram</span> <span class='ocrx_word' id='word_1_381' title='bbox 783 2305 953 2341; x_wconf 83' lang='lat' dir='ltr'>adversus</span> <span class='ocrx_word' id='word_1_382' title='bbox 978 2303 1206 2341; x_wconf 88' lang='lat' dir='ltr'>clancularias</span> <span class='ocrx_word' id='word_1_383' title='bbox 1232 2303 1358 2340; x_wconf 89' lang='lat' dir='ltr'>talium</span> <span class='ocrx_word' id='word_1_384' title='bbox 1383 2303 1576 2341; x_wconf 87' lang='lat' dir='ltr'>delationes</span> <span class='ocrx_word' id='word_1_385' title='bbox 1608 2304 1739 2341; x_wconf 88' lang='lat' dir='ltr'>Christi</span> 
     </span>
     <span class='ocr_line' id='line_1_37' title="bbox 211 2365 1751 2414; baseline -0.001 -10"><span class='ocrx_word' id='word_1_386' title='bbox 211 2368 355 2405; x_wconf 91' lang='lat' dir='ltr'>Domini</span> <span class='ocrx_word' id='word_1_387' title='bbox 380 2381 562 2405; x_wconf 84' lang='lat' dir='ltr'>censuram</span> <span class='ocrx_word' id='word_1_388' title='bbox 588 2368 771 2404; x_wconf 87' lang='lat' dir='ltr'>habemus:</span> <span class='ocrx_word' id='word_1_389' title='bbox 798 2379 921 2414; x_wconf 89' lang='lat' dir='ltr'>nempe</span> <span class='ocrx_word' id='word_1_390' title='bbox 946 2379 1004 2402; x_wconf 88' lang='lat' dir='ltr'>eos</span> <span class='ocrx_word' id='word_1_391' title='bbox 1031 2366 1092 2412; x_wconf 91' lang='lat' dir='ltr'>qui</span> <span class='ocrx_word' id='word_1_392' title='bbox 1117 2365 1230 2401; x_wconf 89' lang='lat' dir='ltr'>lucem</span> <span class='ocrx_word' id='word_1_393' title='bbox 1255 2365 1405 2401; x_wconf 86' lang='lat' dir='ltr'>oderunt</span> <span class='ocrx_word' id='word_1_394' title='bbox 1430 2365 1562 2412; x_wconf 89' lang='lat' dir='ltr'>quique</span> <span class='ocrx_word' id='word_1_395' title='bbox 1587 2365 1624 2401; x_wconf 91' lang='lat' dir='ltr'>in</span> <span class='ocrx_word' id='word_1_396' title='bbox 1657 2367 1751 2402; x_wconf 71' lang='lat' dir='ltr'>nocÎ‡&#39;</span> 
     </span>
     <span class='ocr_line' id='line_1_38' title="bbox 212 2426 1739 2478; baseline -0.003 -12"><span class='ocrx_word' id='word_1_397' title='bbox 212 2433 327 2466; x_wconf 90' lang='lat' dir='ltr'>turnis</span> <span class='ocrx_word' id='word_1_398' title='bbox 353 2430 575 2478; x_wconf 88' lang='lat' dir='ltr'>potissimum</span> <span class='ocrx_word' id='word_1_399' title='bbox 601 2428 755 2465; x_wconf 84' lang='lat' dir='ltr'>tenebris</span> <span class='ocrx_word' id='word_1_400' title='bbox 781 2441 845 2464; x_wconf 86' lang='lat' dir='ltr'>sua</span> <span class='ocrx_word' id='word_1_401' title='bbox 869 2427 1014 2464; x_wconf 88' lang='lat' dir='ltr'>consilia</span> <span class='ocrx_word' id='word_1_402' title='bbox 1038 2426 1147 2474; x_wconf 90' lang='lat' dir='ltr'>premi</span> <span class='ocrx_word' id='word_1_403' title='bbox 1175 2426 1311 2470; x_wconf 87' lang='lat' dir='ltr'>volunt,</span> <span class='ocrx_word' id='word_1_404' title='bbox 1337 2426 1507 2463; x_wconf 90' lang='lat' dir='ltr'>malorum</span> <span class='ocrx_word' id='word_1_405' title='bbox 1531 2429 1739 2473; x_wconf 77' lang='lat' dir='ltr'>patratores,</span> 
     </span>
     <span class='ocr_line' id='line_1_39' title="bbox 211 2487 1739 2539; baseline -0.004 -11"><span class='ocrx_word' id='word_1_406' title='bbox 211 2492 363 2539; x_wconf 85' lang='lat' dir='ltr'>denique</span> <span class='ocrx_word' id='word_1_407' title='bbox 389 2494 425 2528; x_wconf 90' lang='lat' dir='ltr'>et</span> <span class='ocrx_word' id='word_1_408' title='bbox 451 2492 547 2527; x_wconf 86' lang='lat' dir='ltr'>fures</span> <span class='ocrx_word' id='word_1_409' title='bbox 573 2493 609 2526; x_wconf 92' lang='lat' dir='ltr'>et</span> <span class='ocrx_word' id='word_1_410' title='bbox 633 2490 790 2526; x_wconf 85' lang='lat' dir='ltr'>latrones</span> <span class='ocrx_word' id='word_1_411' title='bbox 817 2502 902 2525; x_wconf 87' lang='lat' dir='ltr'>esse.</span> <span class='ocrx_word' id='word_1_412' title='bbox 927 2489 1031 2525; x_wconf 82' lang='lat' dir='ltr'>Hane</span> <span class='ocrx_word' id='word_1_413' title='bbox 1056 2500 1137 2535; x_wconf 86' lang='lat' dir='ltr'>ergo</span> <span class='ocrx_word' id='word_1_414' title='bbox 1164 2487 1231 2523; x_wconf 89' lang='lat' dir='ltr'>sibi</span> <span class='ocrx_word' id='word_1_415' title='bbox 1255 2487 1392 2524; x_wconf 87' lang='lat' dir='ltr'>laudem</span> <span class='ocrx_word' id='word_1_416' title='bbox 1418 2487 1577 2531; x_wconf 87' lang='lat' dir='ltr'>habeant,</span> <span class='ocrx_word' id='word_1_417' title='bbox 1604 2487 1685 2523; x_wconf 88' lang='lat' dir='ltr'>dum</span> <span class='ocrx_word' id='word_1_418' title='bbox 1702 2487 1739 2522; x_wconf 90' lang='lat' dir='ltr'>in</span> 
     </span>
     <span class='ocr_line' id='line_1_40' title="bbox 210 2548 1740 2601; baseline -0.005 -11"><span class='ocrx_word' id='word_1_419' title='bbox 210 2553 324 2590; x_wconf 86' lang='lat' dir='ltr'>lucem</span> <span class='ocrx_word' id='word_1_420' title='bbox 350 2567 421 2590; x_wconf 91' lang='lat' dir='ltr'>non</span> <span class='ocrx_word' id='word_1_421' title='bbox 445 2553 635 2601; x_wconf 88' lang='lat' dir='ltr'>prodeunt,</span> <span class='ocrx_word' id='word_1_422' title='bbox 660 2550 863 2588; x_wconf 88' lang='lat' dir='ltr'>clancularii</span> <span class='ocrx_word' id='word_1_423' title='bbox 887 2550 999 2586; x_wconf 88' lang='lat' dir='ltr'>nostri</span> <span class='ocrx_word' id='word_1_424' title='bbox 1025 2549 1278 2585; x_wconf 82' lang='lat' dir='ltr'>obtrectatores</span> <span class='ocrx_word' id='word_1_425' title='bbox 1305 2562 1433 2592; x_wconf 88' lang='lat' dir='ltr'>omnes,</span> <span class='ocrx_word' id='word_1_426' title='bbox 1459 2551 1566 2595; x_wconf 88' lang='lat' dir='ltr'>atque</span> <span class='ocrx_word' id='word_1_427' title='bbox 1591 2548 1740 2584; x_wconf 85' lang='lat' dir='ltr'>habeant</span> 
     </span>
     <span class='ocr_line' id='line_1_41' title="bbox 210 2609 1739 2660; baseline -0.003 -10"><span class='ocrx_word' id='word_1_428' title='bbox 210 2627 292 2650; x_wconf 87' lang='lat' dir='ltr'>sane</span> <span class='ocrx_word' id='word_1_429' title='bbox 325 2627 396 2650; x_wconf 91' lang='lat' dir='ltr'>non</span> <span class='ocrx_word' id='word_1_430' title='bbox 427 2627 447 2649; x_wconf 91' lang='lat' dir='ltr'>a</span> <span class='ocrx_word' id='word_1_431' title='bbox 481 2614 592 2658; x_wconf 88' lang='lat' dir='ltr'>nobis,</span> <span class='ocrx_word' id='word_1_432' title='bbox 624 2614 686 2660; x_wconf 86' lang='lat' dir='ltr'>qui</span> <span class='ocrx_word' id='word_1_433' title='bbox 718 2612 850 2649; x_wconf 86' lang='lat' dir='ltr'>nostris</span> <span class='ocrx_word' id='word_1_434' title='bbox 883 2611 937 2647; x_wconf 89' lang='lat' dir='ltr'>hic</span> <span class='ocrx_word' id='word_1_435' title='bbox 969 2611 1084 2647; x_wconf 84' lang='lat' dir='ltr'>verbis</span> <span class='ocrx_word' id='word_1_436' title='bbox 1109 2610 1196 2646; x_wconf 91' lang='lat' dir='ltr'>nihil</span> <span class='ocrx_word' id='word_1_437' title='bbox 1220 2609 1412 2657; x_wconf 88' lang='lat' dir='ltr'>loquimur,</span> <span class='ocrx_word' id='word_1_438' title='bbox 1438 2610 1497 2646; x_wconf 89' lang='lat' dir='ltr'>sed</span> <span class='ocrx_word' id='word_1_439' title='bbox 1521 2609 1564 2645; x_wconf 87' lang='lat' dir='ltr'>ab</span> <span class='ocrx_word' id='word_1_440' title='bbox 1588 2609 1739 2657; x_wconf 88' lang='lat' dir='ltr'>ipsomet</span> 
     </span>
     <span class='ocr_line' id='line_1_42' title="bbox 211 2670 1738 2719; baseline -0.002 -8"><span class='ocrx_word' id='word_1_441' title='bbox 211 2676 352 2713; x_wconf 85' lang='lat' dir='ltr'>Christo</span> <span class='ocrx_word' id='word_1_442' title='bbox 391 2676 556 2719; x_wconf 88' lang='lat' dir='ltr'>Domino,</span> <span class='ocrx_word' id='word_1_443' title='bbox 582 2676 683 2711; x_wconf 90' lang='lat' dir='ltr'>cuius</span> <span class='ocrx_word' id='word_1_444' title='bbox 709 2675 792 2710; x_wconf 88' lang='lat' dir='ltr'>haec</span> <span class='ocrx_word' id='word_1_445' title='bbox 817 2686 964 2710; x_wconf 86' lang='lat' dir='ltr'>censura</span> <span class='ocrx_word' id='word_1_446' title='bbox 989 2675 1043 2709; x_wconf 87' lang='lat' dir='ltr'>est</span> <span class='ocrx_word' id='word_1_447' title='bbox 1069 2675 1104 2708; x_wconf 90' lang='lat' dir='ltr'>et</span> <span class='ocrx_word' id='word_1_448' title='bbox 1129 2672 1272 2708; x_wconf 87' lang='lat' dir='ltr'>mentiri</span> <span class='ocrx_word' id='word_1_449' title='bbox 1297 2685 1368 2708; x_wconf 89' lang='lat' dir='ltr'>non</span> <span class='ocrx_word' id='word_1_450' title='bbox 1392 2673 1521 2719; x_wconf 87' lang='lat' dir='ltr'>potest.</span> <span class='ocrx_word' id='word_1_451' title='bbox 1569 2670 1626 2707; x_wconf 93' lang='lat' dir='ltr'>Ad</span> <span class='ocrx_word' id='word_1_452' title='bbox 1650 2671 1738 2708; x_wconf 88' lang='lat' dir='ltr'>hanc</span> 
     </span>
     <span class='ocr_line' id='line_1_43' title="bbox 212 2732 1737 2782; baseline -0.003 -8"><span class='ocrx_word' id='word_1_453' title='bbox 212 2750 277 2773; x_wconf 85' lang='lat' dir='ltr'>nos</span> <span class='ocrx_word' id='word_1_454' title='bbox 310 2750 492 2774; x_wconf 88' lang='lat' dir='ltr'>censuram</span> <span class='ocrx_word' id='word_1_455' title='bbox 526 2737 613 2773; x_wconf 90' lang='lat' dir='ltr'>bene</span> <span class='ocrx_word' id='word_1_456' title='bbox 648 2736 748 2772; x_wconf 90' lang='lat' dir='ltr'>nobis</span> <span class='ocrx_word' id='word_1_457' title='bbox 781 2734 911 2771; x_wconf 88' lang='lat' dir='ltr'>conscii</span> <span class='ocrx_word' id='word_1_458' title='bbox 943 2745 1172 2782; x_wconf 85' lang='lat' dir='ltr'>provocamus</span> <span class='ocrx_word' id='word_1_459' title='bbox 1209 2735 1245 2769; x_wconf 85' lang='lat' dir='ltr'>et</span> <span class='ocrx_word' id='word_1_460' title='bbox 1280 2735 1330 2781; x_wconf 62' lang='lat' dir='ltr'>teâ´</span> <span class='ocrx_word' id='word_1_461' title='bbox 1352 2744 1500 2776; x_wconf 88' lang='lat' dir='ltr'>oramus,</span> <span class='ocrx_word' id='word_1_462' title='bbox 1526 2732 1604 2768; x_wconf 81' lang='lat' dir='ltr'>Rex</span> <span class='ocrx_word' id='word_1_463' title='bbox 1629 2732 1737 2769; x_wconf 88' lang='lat' dir='ltr'>invic-</span> 
     </span>
     <span class='ocr_line' id='line_1_44' title="bbox 210 2793 1736 2843; baseline -0.005 -8"><span class='ocrx_word' id='word_1_464' title='bbox 210 2799 361 2835; x_wconf 81' lang='lat' dir='ltr'>tissime!</span> <span class='ocrx_word' id='word_1_465' title='bbox 397 2802 439 2835; x_wconf 91' lang='lat' dir='ltr'>ut</span> <span class='ocrx_word' id='word_1_466' title='bbox 471 2799 567 2834; x_wconf 87' lang='lat' dir='ltr'>illam</span> <span class='ocrx_word' id='word_1_467' title='bbox 600 2798 667 2834; x_wconf 88' lang='lat' dir='ltr'>tibi</span> <span class='ocrx_word' id='word_1_468' title='bbox 701 2797 744 2834; x_wconf 93' lang='lat' dir='ltr'>ob</span> <span class='ocrx_word' id='word_1_469' title='bbox 770 2796 891 2834; x_wconf 86' lang='lat' dir='ltr'>oculos</span> <span class='ocrx_word' id='word_1_470' title='bbox 916 2798 998 2832; x_wconf 84' lang='lat' dir='ltr'>tuos</span> <span class='ocrx_word' id='word_1_471' title='bbox 1023 2795 1175 2843; x_wconf 89' lang='lat' dir='ltr'>positam</span> <span class='ocrx_word' id='word_1_472' title='bbox 1200 2795 1243 2831; x_wconf 88' lang='lat' dir='ltr'>ad</span> <span class='ocrx_word' id='word_1_473' title='bbox 1269 2794 1400 2830; x_wconf 89' lang='lat' dir='ltr'>Christi</span> <span class='ocrx_word' id='word_1_474' title='bbox 1425 2793 1567 2829; x_wconf 86' lang='lat' dir='ltr'>Domini</span> <span class='ocrx_word' id='word_1_475' title='bbox 1591 2793 1736 2841; x_wconf 84' lang='lat' dir='ltr'>gloriam</span> 
     </span>
     <span class='ocr_line' id='line_1_45' title="bbox 206 2854 1738 2897; baseline -0.003 -1"><span class='ocrx_word' id='word_1_476' title='bbox 206 2859 332 2896; x_wconf 86' lang='lat' dir='ltr'>habere</span> <span class='ocrx_word' id='word_1_477' title='bbox 365 2860 463 2897; x_wconf 87' lang='lat' dir='ltr'>velis.</span> <span class='ocrx_word' id='word_1_478' title='bbox 514 2861 550 2895; x_wconf 84' lang='lat' dir='ltr'>Si</span> <span class='ocrx_word' id='word_1_479' title='bbox 584 2860 671 2896; x_wconf 91' lang='lat' dir='ltr'>bene</span> <span class='ocrx_word' id='word_1_480' title='bbox 695 2859 762 2895; x_wconf 89' lang='lat' dir='ltr'>sibi</span> <span class='ocrx_word' id='word_1_481' title='bbox 787 2857 918 2895; x_wconf 91' lang='lat' dir='ltr'>conscii</span> <span class='ocrx_word' id='word_1_482' title='bbox 943 2869 1017 2894; x_wconf 88' lang='lat' dir='ltr'>esse</span> <span class='ocrx_word' id='word_1_483' title='bbox 1042 2858 1078 2893; x_wconf 87' lang='lat' dir='ltr'>in</span> <span class='ocrx_word' id='word_1_484' title='bbox 1103 2856 1203 2893; x_wconf 90' lang='lat' dir='ltr'>nobis</span> <span class='ocrx_word' id='word_1_485' title='bbox 1228 2854 1452 2892; x_wconf 88' lang='lat' dir='ltr'>traducendis</span> <span class='ocrx_word' id='word_1_486' title='bbox 1477 2854 1651 2892; x_wconf 84' lang='lat' dir='ltr'>delatores</span> <span class='ocrx_word' id='word_1_487' title='bbox 1676 2868 1738 2892; x_wconf 90' lang='grc'><strong>110-</strong></span> 
     </span>
     <span class='ocr_line' id='line_1_46' title="bbox 209 2916 1738 2967; baseline -0.005 -6"><span class='ocrx_word' id='word_1_488' title='bbox 209 2923 276 2962; x_wconf 79' lang='lat' dir='ltr'>stri</span> <span class='ocrx_word' id='word_1_489' title='bbox 300 2922 374 2960; x_wconf 84' lang='lat' dir='ltr'>ullo</span> <span class='ocrx_word' id='word_1_490' title='bbox 399 2922 503 2960; x_wconf 85' lang='lat' dir='ltr'>modo</span> <span class='ocrx_word' id='word_1_491' title='bbox 529 2922 706 2966; x_wconf 87' lang='lat' dir='ltr'>videntur,</span> <span class='ocrx_word' id='word_1_492' title='bbox 731 2921 761 2957; x_wconf 86' lang='lat' dir='ltr'>si</span> <span class='ocrx_word' id='word_1_493' title='bbox 788 2933 871 2957; x_wconf 84' lang='lat' dir='ltr'>vero</span> <span class='ocrx_word' id='word_1_494' title='bbox 897 2922 1049 2964; x_wconf 85' lang='lat' dir='ltr'>tantum,</span> <span class='ocrx_word' id='word_1_495' title='bbox 1067 2931 1172 2967; x_wconf 88' lang='lat' dir='ltr'>quam</span> <span class='ocrx_word' id='word_1_496' title='bbox 1189 2930 1363 2966; x_wconf 85' lang='lat' dir='ltr'>nusquam</span> <span class='ocrx_word' id='word_1_497' title='bbox 1380 2929 1451 2953; x_wconf 85' lang='lat' dir='ltr'>non</span> <span class='ocrx_word' id='word_1_498' title='bbox 1467 2916 1612 2963; x_wconf 85' lang='lat' dir='ltr'>iactent,</span> <span class='ocrx_word' id='word_1_499' title='bbox 1637 2917 1738 2954; x_wconf 87' lang='lat' dir='ltr'>fidem</span> 
     </span>
    </p>
   </div>
  </div>
 </body>
</html>
