1830 3147
866 85 936 124 679
1387 84 1448 132 [A.
1475 83 1519 119 D.
1547 82 1660 130 1553]

125 199 191 236 mei
218 212 320 236 usum
345 198 419 234 fore
444 202 480 233 et
506 196 653 232 fortasse
678 194 836 242 plerique
860 193 1033 242 optabunt
1059 206 1112 229 me
1138 193 1216 230 hinc
1241 192 1361 229 abesse
1386 192 1450 228 sub
1481 205 1520 228 ca
1538 205 1653 228 rerum

122 261 391 309 permutatione.
440 257 530 294 Mihi
562 259 679 293 tamen
711 255 949 292 constitutum
979 257 1045 300 est,
1079 267 1150 292 non
1174 254 1272 303 prius
1297 254 1341 291 de
1364 254 1465 291 abitu
1489 254 1656 301 cogitare,

123 334 229 370 quam
270 321 364 357 abire
404 319 536 362 iubear,
576 330 647 354 una
679 329 760 354 cum
794 316 884 362 aliis,
917 328 1008 364 quos
1040 317 1108 352 huc
1147 315 1318 352 Maiestas
1353 314 1466 362 Regia
1499 320 1654 351 vocarat.

122 385 244 431 Atque
276 382 312 419 id
346 381 444 418 brevi
475 381 635 416 futurum
661 392 736 415 esse
762 382 889 426 putant
915 379 1082 426 plerique.
1131 377 1190 422 Et,
1216 377 1246 413 si
1271 377 1307 413 id
1331 378 1392 413 fiat
1416 385 1551 424 tuaque
1576 376 1652 413 Cel·
1686 420 1691 428 ,

120 445 240 481 situdo
282 456 392 480 meam
433 442 500 479 sibi
533 453 670 488 operam
705 440 811 477 alicui
844 440 925 476 usui
959 440 1034 476 fore
1065 443 1180 487 putet,
1214 439 1300 475 hanc
1332 445 1415 475 tuae
1440 437 1652 474 Celsitudiui

121 518 202 554 prae
227 505 305 541 aliis
330 516 465 541 summa
488 515 569 539 cum
594 502 816 539 observantia
841 501 970 544 defero,
995 504 1038 537 ut
1062 513 1172 537 meam
1198 499 1452 547 gratitudinem
1485 512 1549 548 pro
1583 498 1650 536 cle-

120 566 296 603 mentibus
335 566 372 601 in
405 577 460 601 me
500 563 610 612 ipsius
649 563 768 599 officiis
801 575 864 610 pro
899 575 941 599 eo
965 574 1005 598 ac
1029 574 1173 610 possum
1199 563 1321 604 tester,
1347 572 1418 608 qua
1442 560 1486 597 de
1511 573 1548 596 re
1573 573 1650 596 sum

118 626 278 675 pluribus
303 625 532 673 colloquutus
557 637 635 661 cum
663 624 814 660 Domino
841 623 973 660 Ioanne
997 622 1018 659 ὲ
1048 622 1208 665 Werden,
1234 634 1338 669 quem
1365 634 1436 658 non
1461 620 1586 657 dubito
1612 634 1652 657 ea

118 701 261 736 quoque
286 687 329 724 de
354 700 391 724 re
415 687 459 724 ad
486 690 582 722 tuam
608 685 861 721 Celsitudinem
879 685 1094 732 scripturum
1113 696 1197 720 esse.
1233 684 1288 720 De
1304 695 1407 720 causa
1425 683 1468 719 D.
1487 682 1651 719 Osiaudri

116 749 240 798 scripsi
265 748 371 786 semel
396 753 504 796 atque
529 747 659 783 iterum
683 747 727 782 ad
753 746 1008 783 Celsitudinem
1034 749 1142 788 tuam,
1168 751 1204 782 et
1229 744 1330 781 doleo
1356 745 1409 781 his
1434 745 1651 792 temporibus

117 812 177 848 has
210 810 407 858 tragoedias
442 810 581 846 exoriri.
638 808 885 845 Eruditionem
920 807 963 843 D.
991 806 1155 843 Osiandri
1191 819 1324 854 semper
1349 812 1392 843 ut
1417 806 1522 843 debui
1547 819 1650 843 vene-

116 879 214 910 ratus
240 886 328 916 sum,
354 874 391 908 et
417 871 544 916 fateor,
585 883 639 907 me
665 883 724 919 per
751 870 882 918 scripta
906 869 1017 917 ipsius
1043 881 1113 905 non
1139 869 1267 905 leviter
1290 869 1452 905 adiutum
1477 881 1562 912 esse,
1589 868 1648 905 scd

114 935 152 972 in
195 935 270 972 eius
302 934 432 971 iudicio
458 933 627 981 quaedam
652 932 845 969 desiderare
870 931 1029 979 cogebar,
1056 931 1349 978 quemadmodum
1375 931 1412 967 in
1437 930 1650 967 doctissimis

114 998 151 1032 et
175 995 404 1032 sanctissimis
430 994 632 1042 quibusque
657 993 742 1029 viris
766 992 927 1039 cogimur
952 991 1158 1035 desiderare,
1184 996 1220 1028 et
1247 992 1290 1028 ab
1308 992 1404 1028 omni
1430 992 1650 1029 humanitate

113 1057 267 1093 alienum
293 1069 369 1093 esse
393 1060 493 1104 puto,
520 1056 548 1091 si
574 1055 656 1102 quis
680 1055 717 1090 in
743 1067 779 1091 se
796 1053 931 1101 aliquid
948 1053 1136 1089 desiderari
1152 1065 1255 1100 aegre
1273 1053 1373 1089 ferat.
1398 1052 1525 1100 Neque
1544 1053 1649 1089 miror

112 1129 196 1154 sane
228 1116 343 1152 virum
378 1115 480 1152 illum
507 1116 677 1152 offensum
704 1113 811 1150 fuisse
834 1112 906 1149 illis
931 1113 1087 1156 vocibus,
1129 1125 1219 1160 quae
1244 1112 1371 1160 passim
1405 1112 1483 1149 sine
1517 1112 1648 1149 iudicio

112 1177 155 1215 de
196 1177 445 1214 iustificatione
479 1189 539 1224 per
576 1176 679 1212 fidem
714 1175 906 1217 iactantur,
948 1174 1045 1221 quod
1080 1173 1243 1210 videlicet
1275 1186 1465 1217 servemur,
1491 1174 1521 1210 si
1546 1173 1649 1210 modo

113 1239 214 1276 nobis
240 1242 382 1287 peccata
407 1240 528 1274 nostra
552 1240 762 1279 statuamus,
789 1248 869 1272 cum
895 1234 1035 1282 plurimi
1061 1234 1295 1282 flagitiossimi
1319 1234 1451 1282 alioqui
1491 1235 1648 1272 homines

113 1301 235 1338 itidem
269 1302 440 1348 perpetuo
471 1298 508 1335 in
542 1310 601 1335 ore
627 1297 775 1333 habeant
800 1297 914 1343 deque
939 1295 1005 1332 fide
1030 1294 1229 1332 istiusmodi
1255 1308 1319 1332 sua
1343 1300 1479 1344 praeter
1505 1296 1647 1333 modum

109 1374 149 1399 ac
181 1362 287 1398 finem
312 1361 425 1397 ullum
450 1359 658 1407 glorientur,
691 1362 727 1395 et
751 1358 831 1394 fidei
857 1358 962 1393 buius
988 1358 1035 1405 (si
1059 1357 1126 1394 diis
1152 1357 1280 1406 placet)
1307 1362 1495 1405 praetextu
1532 1359 1649 1394 omnia

111 1426 149 1460 ct
174 1423 208 1459 in
236 1435 273 1459 se
298 1425 336 1459 et
370 1422 408 1458 in
432 1421 510 1457 aliis
535 1420 669 1467 flagitia
693 1419 802 1456 alant.
835 1419 903 1455 Sed
928 1431 999 1455 non
1023 1418 1101 1455 ideo
1126 1418 1279 1462 interim,
1305 1418 1400 1465 quod
1426 1419 1505 1455 fidei
1531 1422 1566 1455 et
1584 1419 1646 1454 im-

112 1484 308 1533 putationis
334 1483 479 1520 vocibus
505 1481 666 1531 plerique
690 1482 901 1525 abutuntur,
927 1480 1090 1517 doctrina
1116 1493 1197 1516 vera
1215 1480 1257 1516 de
1275 1480 1354 1516 fidei
1372 1480 1510 1516 iustitia
1528 1483 1566 1517 et
1584 1481 1646 1516 im-

113 1545 299 1594 putatione
331 1544 406 1581 ullo
440 1543 543 1580 modo
569 1543 756 1580 reiicienda
780 1547 846 1586 est,
872 1555 915 1579 ne
940 1542 1051 1578 dicam
1076 1541 1302 1578 traducenda.
1350 1541 1515 1577 Gratuita
1539 1544 1648 1588 atque

111 1610 254 1643 aeterna
280 1605 394 1642 nostri
418 1605 454 1641 in
480 1605 630 1651 gratiam
656 1604 774 1640 Patris
799 1604 867 1640 Dei
891 1603 1087 1650 acceptatio
1113 1606 1256 1651 propter
1274 1602 1454 1638 Christum
1471 1615 1576 1639 causa
1593 1606 1648 1638 est

111 1671 253 1704 nostrae
278 1667 405 1703 salutis
430 1666 598 1702 omnium.
649 1665 809 1701 Medium
835 1677 918 1701 vero
943 1664 1040 1700 illius
1057 1670 1110 1700 est
1136 1667 1258 1699 nostra
1275 1663 1311 1698 in
1331 1663 1471 1699 Christo
1496 1663 1647 1706 iustitia,

111 1742 181 1766 non
214 1732 332 1764 autem
366 1728 402 1763 in
435 1727 546 1770 nobis,
589 1727 654 1763 hoc
687 1729 741 1762 est
775 1725 890 1764 delata
915 1725 1015 1761 nobis
1040 1724 1198 1772 gratuito
1233 1724 1336 1760 etiam
1371 1737 1432 1772 per
1466 1725 1646 1761 Christum

111 1789 303 1826 Dominum
333 1787 515 1824 absolutae
551 1787 663 1823 modis
699 1786 862 1823 omnibus
893 1799 977 1822 suae
1002 1785 1225 1822 innocentiae
1250 1798 1290 1822 ac
1315 1785 1646 1833 plenisufficientiae‚

109 1851 166 1887 sui
191 1851 276 1887 item
301 1849 466 1886 salutaris
491 1849 608 1885 meriti
633 1849 670 1884 in
696 1852 808 1884 morte
834 1848 943 1895 ipsius
968 1847 1181 1891 communio,
1206 1859 1276 1894 qua
1301 1848 1352 1891 fit,
1378 1852 1420 1883 ut
1445 1848 1481 1884 in
1514 1848 1647 1884 Christi

111 1912 253 1949 Domini
279 1915 500 1948 sacrosancto
527 1923 673 1958 corpore
698 1909 855 1947 conclusi
881 1922 956 1945 esse
981 1921 1196 1952 censeamur,
1215 1912 1252 1945 et
1270 1909 1414 1956 proinde
1431 1922 1542 1956 aeque
1560 1910 1646 1946 iusti

108 1978 217 2021 atque
242 1973 354 2009 sancti
379 1977 487 2019 atque
514 1972 597 2019 ipse,
623 1971 780 2008 contecti
806 1970 968 2007 videlicet
994 1969 1106 2006 veluti
1141 1973 1239 2006 veste
1267 1970 1417 2018 nuptiali
1443 1971 1582 2007 iustitia
1607 1984 1647 2008 ac

109 2035 236 2071 merito
274 2035 383 2081 ipsius
417 2046 477 2081 per
508 2033 660 2069 delatam
688 2033 788 2069 nobis
822 2032 946 2068 horum
987 2031 1143 2067 omnium
1180 2031 1470 2068 communionem.
1507 2031 1648 2069 Detulit

109 2100 228 2132 autem
272 2095 372 2131 nobis
414 2094 577 2130 Christus
620 2094 794 2130 Dominus
825 2092 1104 2129 communionem
1139 2092 1225 2127 hanc
1267 2091 1455 2128 salutarem
1489 2092 1647 2129 iustitiae

109 2162 147 2194 et
172 2156 290 2193 meriti
325 2156 390 2199 sui,
431 2168 502 2192 non
541 2159 582 2191 ut
625 2168 664 2191 ea
695 2154 932 2198 abuteremur,
963 2153 1077 2190 multo
1111 2154 1226 2189 minus
1267 2160 1309 2189 ut
1344 2154 1419 2190 eius
1460 2159 1647 2202 praetextu

110 2219 208 2255 frena
234 2217 331 2254 vitiis
357 2217 488 2253 nostris
513 2216 720 2260 laxaremus,
746 2215 806 2252 sed
824 2215 975 2262 requirit
1000 2215 1036 2251 iu
1062 2215 1161 2251 nobis
1186 2215 1437 2262 gratitudinem
1464 2228 1527 2263 pro
1545 2219 1648 2253 tanto

110 2293 177 2317 suo
211 2278 391 2321 beneficio,
417 2290 540 2325 nempe
558 2281 600 2313 ut
616 2276 703 2313 illud
722 2276 972 2324 amplectamur
998 2279 1226 2323 nostramque
1243 2288 1325 2322 erga
1342 2288 1378 2312 se
1395 2276 1648 2321 gratitudinem

110 2354 172 2389 pro
198 2343 321 2377 nostra
347 2338 441 2375 virili
468 2340 720 2375 contestemur.
747 2337 823 2372 Iam
856 2337 940 2384 quia
965 2340 1104 2373 tantum
1141 2337 1206 2373 hoc
1240 2336 1445 2372 beneficium
1480 2337 1645 2384 amplecti

110 2416 182 2440 non
216 2413 416 2450 possumus,
450 2399 516 2435 nisi
551 2399 618 2436 fide
643 2398 729 2442 sola,
764 2402 942 2445 receptum
968 2404 1033 2441 est,
1075 2400 1118 2433 ut
1144 2397 1276 2434 Christi
1302 2397 1466 2434 beneficia
1491 2398 1557 2434 fide
1583 2411 1644 2434 no·

110 2464 163 2500 bis
189 2462 357 2510 applicari
383 2461 558 2504 dicantur,
585 2473 655 2496 non
681 2459 777 2507 quod
802 2460 887 2496 fides
912 2459 1050 2502 efficiat,
1091 2463 1133 2495 ut
1158 2459 1201 2496 ad
1237 2472 1301 2496 nos
1327 2460 1527 2508 pertineant
1554 2463 1645 2508 (per-

109 2525 228 2562 tinent
254 2523 346 2560 enim
371 2523 414 2559 ad
439 2534 503 2558 nos
529 2522 734 2570 priusquam
759 2521 940 2557 credamus
964 2520 1121 2567 adeoque
1147 2523 1182 2556 et
1215 2523 1298 2557 aute
1324 2524 1482 2568 tempora
1506 2527 1647 2558 aeterna

109 2584 404 2633 quemadmodum
446 2582 582 2620 Paulus
620 2582 739 2629 docet)
776 2581 835 2617 sed
870 2581 966 2629 quod
1009 2593 1048 2617 ea
1083 2593 1153 2617 non
1179 2581 1246 2616 alia
1272 2594 1309 2617 re
1334 2581 1418 2624 ulla,
1450 2595 1555 2629 quam
1580 2583 1647 2619 fide

108 2647 193 2691 sola,
219 2645 382 2694 amplecti
407 2644 599 2693 possimus:
626 2642 701 2679 sola
725 2642 816 2679 enim
843 2642 909 2678 fide
933 2642 984 2685 fit,
1012 2645 1055 2677 ut
1080 2641 1234 2677 delatum
1253 2641 1354 2678 uobis
1370 2642 1503 2678 Christi
1521 2642 1646 2679 benefi-

110 2708 202 2744 cium
229 2708 271 2744 ad
299 2719 362 2743 nos
385 2707 479 2754 ipsos
504 2704 682 2753 pertinere
707 2703 911 2739 sentiamus.
954 2702 1044 2738 Cum
1071 2702 1179 2749 igitur
1205 2702 1457 2749 gratitudinem
1483 2703 1519 2739 iu
1545 2704 1646 2740 nobis

109 2768 244 2815 requiri
277 2767 438 2810 dicimus,
473 2764 577 2801 simul
612 2776 757 2812 quoque
782 2763 883 2800 fidem
910 2762 1186 2811 complectimur,
1212 2775 1282 2809 qua
1307 2763 1357 2806 fit,
1383 2769 1425 2800 ut
1451 2763 1565 2800 delata
1592 2764 1647 2800 be-

111 2830 231 2866 neficia
255 2829 519 2877 amplectamur,
545 2832 581 2863 et
606 2838 646 2863 ea
670 2826 713 2862 ad
740 2838 803 2862 nos
828 2825 1004 2873 pertinere
1029 2824 1063 2860 in
1090 2824 1194 2861 corde
1212 2825 1276 2872 ipsi
1295 2828 1417 2861 nostro
1436 2829 1645 2862 statuamus.

109 2890 222 2927 Porro
247 2888 539 2938 quemadmodum
565 2900 633 2923 nou
661 2886 915 2936 hypocriticam
940 2885 1194 2934 gratitudinem
1221 2886 1394 2923 Dominus
1419 2885 1456 2922 in
1474 2886 1573 2924 nobis
1591 2898 1644 2923 rc-
