1830 3147
198 126 263 173 [A.
287 127 334 163 D.
359 127 470 174 1540]
929 130 997 166 552

201 234 350 281 impetiit·
374 238 500 272 tamen.
530 235 634 271 Nunc
659 236 740 272 item
765 235 830 273 hoc
856 237 1003 284 primurn
1027 239 1082 275 die
1106 241 1255 276 accessit
1280 241 1419 278 morbus
1443 242 1503 278 ille
1528 243 1611 279 mihi
1634 244 1732 280 fami-

201 296 295 331 liaris
322 295 634 337 haemorrhoidum,
659 309 746 345 quae
769 297 851 333 mihi
876 298 998 335 leviter
1021 301 1160 348 quidem
1185 303 1286 338 hodie
1310 307 1499 350 coeperunt
1522 304 1643 346 fluere.
1670 304 1731 341 sed

202 356 320 393 nescio
343 369 442 405 quam
467 357 528 393 diu
553 357 752 396 duraturae.
776 360 885 406 Spero
910 363 1026 397 tamen
1050 362 1127 398 illas
1154 363 1235 399 mihi
1259 364 1429 400 salutares
1450 365 1538 406 fore,
1554 365 1622 401 nisi
1639 367 1731 414 quod

202 428 336 459 vereor,
370 429 413 453 ne
448 429 502 452 me
536 418 613 464 plus
647 418 732 454 satis
762 419 890 466 alioqui
925 420 1071 457 debilem
1099 422 1148 458 ita
1173 423 1354 465 deiiciant,
1382 428 1422 459 ut
1447 438 1516 461 non
1541 426 1643 462 facile
1666 428 1731 463 sim

201 489 319 513 rursus
350 477 440 513 vires
468 482 693 520 resumturus,
718 491 827 526 neque
854 480 1033 526 patiantur
1061 496 1113 518 me
1139 486 1207 519 tam
1234 485 1317 526 cito,
1341 497 1443 532 quam
1470 485 1605 527 vellem,
1629 488 1672 521 ad
1698 490 1733 522 te

201 542 446 574 transcurrere.
470 537 514 574 Id
539 540 629 587 quod
657 545 775 575 tamen
801 553 876 576 sum
903 543 1058 578 facturus
1086 545 1225 595 omnino
1251 546 1457 593 simulatque
1481 546 1660 593 paululum
1679 559 1731 582 re·

200 600 352 635 valuero.
394 599 451 636 Ita
476 606 593 637 autem
620 601 728 637 visum
755 606 808 638 est
833 603 922 645 Deo,
949 617 1003 640 me
1030 618 1122 641 nunc
1148 618 1209 654 per
1233 619 1306 642 eam
1333 607 1568 643 valetudinem
1594 612 1630 643 et
1654 621 1732 655 gra-

201 672 276 696 vem
311 664 346 695 et
380 660 516 708 longam
544 666 721 709 utcunque
747 663 868 705 visere,
898 664 940 700 de
966 665 1059 701 febre
1085 666 1219 714 loquor,
1244 680 1312 715 qua
1337 668 1421 703 totis
1446 668 1539 704 hisce
1563 668 1729 705 tredecim

198 725 233 757 et
259 721 405 769 amplius
431 723 530 758 annis
554 723 621 759 iam
647 736 715 759 non
742 723 975 762 laboraveram
1001 727 1046 774 ²).
1073 727 1263 775 Illigloria,
1284 728 1341 776 qui
1356 741 1409 764 me
1429 728 1538 765 debiti
1559 730 1729 779 officiique

198 793 278 829 erga
303 793 340 816 se
366 782 442 823 mei,
467 782 662 818 istiusmodi
686 782 980 822 admonitionibus
1004 789 1296 824 commonefacere
1319 789 1495 836 dignetur.
1520 790 1663 838 Alioqui
1688 803 1729 827 ea

197 846 251 878 est
273 846 392 879 nostra
421 842 616 885 infirmitas,
641 843 686 879 mi
712 844 877 882 Alberte!
904 849 943 882 ut
969 859 1089 894 parum
1113 849 1203 884 sorte
1228 848 1323 885 illius
1350 861 1516 886 memores
1541 851 1651 887 futuri
1676 863 1727 886 es-

197 914 322 945 semus,
354 903 384 938 si
415 915 487 938 non
520 903 579 938 ille
615 915 652 939 se
685 909 721 940 et
757 904 867 942 bonae
901 910 937 942 et
963 907 1073 943 malae
1110 907 1318 945 valetudinis
1342 914 1490 952 nostrae,
1512 915 1616 958 atque
1639 911 1728 948 adeo

199 964 290 1000 vitae
315 967 351 999 et
376 964 511 1006 mortis,
539 964 692 1001 omnium
717 965 866 1014 denique
890 979 1111 1005 successuum
1136 974 1331 1006 nostrorum
1357 970 1542 1006 Dominum
1568 983 1643 1007 esse
1667 984 1728 1008 no-

197 1023 248 1060 bis
286 1023 432 1060 subinde
466 1024 675 1067 declararet,
710 1026 883 1075 simulque
919 1031 1032 1064 tamen
1058 1030 1162 1066 etiam
1187 1034 1223 1066 et·
1247 1036 1381 1078 patrem
1413 1031 1727 1075 clementissimum,

192 1085 274 1121 dum
310 1085 395 1121 nihil
424 1086 460 1121 in
491 1098 554 1121 nos
588 1087 769 1133 permittit,
796 1088 863 1123 nisi
889 1094 1060 1136 quatenus
1086 1090 1185 1127 nobis
1213 1091 1303 1127 bono
1328 1097 1449 1128 nostro
1482 1104 1558 1128 esse
1592 1097 1627 1129 et
1653 1106 1726 1141 per·

192 1148 273 1182 ferri
294 1147 396 1183 etiam
423 1159 442 1181 a
467 1146 566 1182 nobis
589 1147 699 1193 ipsius
723 1149 888 1196 auspiciis
915 1151 1034 1197 possit.
1060 1152 1165 1190 Quod
1192 1152 1323 1194 scribis,
1348 1159 1383 1187 te
1408 1154 1515 1200 premi
1538 1167 1559 1189 a
1583 1155 1725 1201 quibus·

193 1208 271 1242 dam
298 1207 364 1242 mei
389 1207 538 1243 nominis
562 1207 704 1249 invidia,
732 1208 818 1244 illud
844 1211 1003 1257 equidem
1030 1212 1130 1248 facile
1156 1212 1269 1252 credo.
1294 1213 1354 1248 sed
1377 1214 1482 1249 miror
1505 1220 1621 1250 tamen
1636 1214 1722 1250 istos

196 1272 377 1315 tantopere
411 1269 537 1303 offendi
563 1281 640 1304 meo
664 1270 815 1312 nomine,
840 1271 931 1319 quod
956 1272 1084 1320 alioqui
1108 1272 1193 1309 adeo
1217 1273 1299 1309 alibi
1324 1274 1473 1309 invisum
1500 1287 1567 1310 non
1592 1281 1658 1317 est,
1683 1281 1722 1311 ut

194 1342 287 1366 nnnc
324 1329 426 1365 etiam
465 1330 681 1377 Antverpiae
715 1331 854 1377 plurimi
886 1337 922 1368 et
959 1334 1073 1381 magni
1099 1334 1160 1370 viri
1186 1347 1240 1370 me
1265 1335 1367 1371 offleii
1391 1347 1496 1371 causa
1520 1335 1723 1378 inviserent,

190 1397 281 1432 inter
306 1409 392 1444 quos
417 1409 487 1432 non
513 1399 706 1444 postremus
720 1402 793 1434 erat
811 1399 881 1435 τοῦ
903 1401 977 1436 τῶν
998 1398 1196 1446 Ῥωμαίων
1216 1400 1412 1447 βασίλεως
1433 1399 1720 1449 εἰρχιγρκμμοι·

191 1463 282 1507 τεύς
305 1460 336 1507 ³)
365 1468 468 1511 atque
493 1463 575 1500 item
603 1463 948 1512 Brandenburgensis
974 1466 1143 1509 Marchio‚
1168 1467 1211 1503 de
1236 1467 1312 1503 aliis
1339 1468 1572 1504 coniecturam
1596 1469 1716 1506 facito.

187 1523 404 1560 offerebatur
430 1528 504 1560 tum
529 1525 686 1561 Caesaris
713 1529 786 1561 tum
813 1526 921 1573 Regis
945 1527 1182 1563 Romanorum
1208 1527 1370 1575 diploma,
1395 1527 1635 1577 qualecunque
1662 1542 1719 1566 vo-

185 1582 323 1619 luisse-m
350 1589 431 1626 etc..
458 1585 584 1620 nedum
612 1588 650 1621 ut
673 1585 718 1622 ab
745 1580 814 1622 ulla
838 1586 920 1622 mihi
945 1588 1171 1624 metuendum
1197 1589 1244 1624 sit
1268 1589 1417 1624 nominis
1443 1589 1582 1627 invidia.

232 1644 335 1682 Quae
358 1644 401 1680 de
427 1647 575 1680 Caesare
599 1646 734 1687 scribis,
759 1659 798 1681 ea
824 1647 1024 1693 iampridem
1050 1648 1189 1691 scimus,
1212 1653 1365 1685 ceterum
1391 1649 1537 1691 fallitur,
1563 1651 1623 1698 qui
1649 1650 1716 1687 tibi

181 1705 334 1747 rettulit,
360 1706 494 1752 Regem
519 1705 774 1742 Ferdinandum
803 1719 842 1742 eo
867 1708 1013 1743 consilio
1038 1709 1073 1744 in
1097 1710 1315 1745 Germaniam
1344 1711 1537 1757 profectum
1554 1723 1652 1753 esse,
1677 1716 1718 1747 ut

183 1767 324 1802 fratrem
356 1779 376 1802 a
407 1767 562 1814 cogendo
586 1768 736 1804 concilio
759 1774 911 1811 excuset,
936 1770 1038 1817 longe
1063 1771 1152 1806 enim
1179 1770 1280 1806 aliter
1304 1784 1340 1807 se
1366 1783 1419 1807 res
1445 1776 1518 1808 tota
1542 1771 1655 1815 habet,
1680 1776 1719 1809 et

183 1828 304 1864 melius
328 1827 371 1863 de
397 1828 543 1864 Caesare
567 1831 687 1865 nostro
711 1826 850 1877 sperare
875 1830 1052 1872 debemus,
1078 1844 1180 1879 quam
1205 1833 1264 1868 isti
1290 1832 1500 1880 praedicant.
1527 1833 1634 1881 Legit
1648 1835 1717 1881 pri·

181 1888 258 1924 dem
294 1888 488 1925 avidissime
521 1901 649 1925 novum
684 1889 839 1938 Philippi
865 1890 1147 1929 Melanchthonis
1173 1892 1338 1935 libellum,
1362 1893 1421 1941 qui
1446 1893 1604 1930 continet
1627 1895 1716 1931 anti-

180 1949 295 1985 theses
320 1948 405 1996 Pap.
431 1953 467 1984 et
492 1949 627 1997 Evang.
653 1950 832 1987 doctrinae
857 1952 902 1995 ⁴),
932 1963 996 1988 nec
1022 1952 1117 1999 prius
1144 1952 1238 1988 misit
1256 1966 1274 1988 e
1290 1952 1461 1996 manibus,
1483 1966 1584 2001 quam
1600 1957 1713 1990 totum

181 2009 392 2056 perlegisset.
417 2010 546 2045 Mirum
573 2013 627 2046 est
651 2013 782 2052 autem,
810 2015 939 2059 quanta
964 2011 1035 2048 illic
1062 2012 1233 2049 brevitate
1255 2012 1456 2060 complexus
1471 2013 1518 2049 sit
1529 2013 1713 2062 Philippus

182 2071 297 2118 capita
331 2070 509 2117 religionis
540 2072 612 2106 sere
644 2072 770 2107 omnia.
823 2072 889 2108 Est
922 2072 1061 2108 libellus
1096 2077 1177 2110 octo
1209 2087 1280 2110 non
1305 2074 1453 2122 amplius
1478 2074 1708 2122 plagularum,

178 2131 318 2174 Latine,
342 2131 558 2172 Germanice,
585 2131 730 2177 Gallice,
751 2132 943 2179 Hispaniee
969 2140 1004 2169 et
1030 2133 1169 2176 Italice‚
1196 2134 1314 2181 paucis
1343 2139 1457 2170 tamen
1470 2134 1584 2170 adhuc
1597 2147 1711 2171 exem·

180 2190 332 2236 plaribus
358 2202 521 2227 excusus.
561 2191 636 2238 Ego
662 2196 779 2228 tamen
804 2205 911 2229 unum
937 2194 1112 2240 exemplar
1135 2199 1260 2230 nactus
1286 2207 1393 2236 eram.
1420 2207 1490 2231 non
1515 2200 1630 2231 tamen
1656 2208 1711 2230 ve·

177 2252 266 2292 nale,
297 2251 359 2286 sed
391 2250 435 2286 ab
470 2250 544 2292 illo,
571 2253 670 2288 cuius
702 2264 805 2299 supra
831 2253 981 2295 memini,
1009 2254 1212 2290 Marchioue
1236 2255 1369 2296 datum,
1393 2254 1453 2290 sed
1475 2255 1568 2302 quod
1593 2259 1709 2290 tamen

174 2313 277 2349 alteri
301 2324 380 2348 mox
405 2313 517 2347 amico
542 2324 667 2359 negare
693 2325 762 2348 non
780 2313 889 2360 potui.
914 2313 972 2350 Ibi
987 2314 1135 2356 demum,
1152 2316 1196 2351 mi
1212 2315 1374 2351 Alberte!
1396 2315 1541 2351 vidisses
1555 2315 1707 2362 Philippi
1734 2326 1737 2327 ⁷

177 2377 396 2425 πκῤῥησῖοιν,
421 2391 489 2426 qua
513 2390 607 2414 nunc
631 2378 777 2414 alterum
803 2379 900 2415 illum
927 2379 957 2423 ⁵)
983 2393 1052 2416 non
1076 2393 1223 2428 aequare
1249 2381 1360 2422 modo,
1385 2381 1445 2417 sed
1471 2381 1572 2427 plane
1591 2391 1707 2427 super·

172 2451 229 2474 are
263 2440 364 2475 etiam
397 2438 548 2480 videtur,
574 2440 714 2475 tametsi
738 2452 756 2475 a
783 2441 951 2477 conviciis
978 2442 1180 2487 procacibus
1206 2442 1238 2478 in
1266 2447 1376 2478 totum
1403 2443 1591 2477 abstineat.
1640 2440 1705 2477 Vi·

172 2506 281 2542 disses
306 2506 386 2541 item
414 2505 538 2553 quibus
567 2505 739 2542 coloribus
767 2510 838 2548 τῆν
867 2508 1118 2554 λειτουργίαν
1148 2510 1217 2549 τῆν
1248 2507 1440 2555 ὑμετέροιν
1455 2507 1627 2554 depingat,
1642 2506 1702 2541 sed

173 2566 280 2609 brevi,
318 2572 358 2602 ut
390 2566 506 2609 audio,
546 2567 695 2613 prodibit
731 2567 868 2603 libellus
901 2568 986 2614 ipse,
1021 2573 1056 2603 et
1088 2569 1225 2604 auctior
1260 2575 1296 2603 et
1321 2568 1514 2604 accuratius
1541 2569 1702 2616 scriptus,

172 2639 251 2663 mox
285 2631 323 2662 ut
358 2627 400 2662 de
433 2626 492 2662 illo
519 2627 687 2674 Papistici
711 2627 890 2674 Principes
916 2628 951 2663 in
977 2628 1069 2664 hisce
1095 2628 1314 2675 Spirensibus
1339 2629 1489 2665 comitiis
1513 2628 1547 2663 iu
1574 2634 1701 2665 utram-

169 2686 254 2723 libet
286 2691 417 2734 partem
445 2688 725 2733 pronunciarent,
752 2700 852 2735 quem
880 2694 993 2723 tamen
1019 2690 1146 2724 Caesar
1171 2690 1244 2736 ipse
1267 2690 1378 2739 fassus
1404 2693 1468 2731 est,
1496 2689 1557 2724 sed
1583 2690 1695 2737 priva·

169 2747 245 2788 tim,
283 2759 351 2782 non
387 2760 485 2793 posse
517 2747 583 2782 sibi
609 2760 678 2783 non
705 2760 828 2794 magua
854 2760 895 2783 ex
920 2756 1016 2794 parte
1040 2749 1190 2795 probari.
1216 2753 1253 2785 et
1276 2761 1345 2785 uon
1370 2747 1552 2785 obscuram
1577 2756 1699 2797 postea

167 2808 300 2855 aliquot
333 2808 496 2853 exemplis
521 2809 811 2855 significationem
836 2807 934 2844 dedit
957 2810 1062 2845 animi
1087 2810 1196 2845 multo
1220 2822 1319 2857 quam
1345 2812 1448 2845 antea
1474 2821 1555 2857 erga
1579 2810 1694 2848 Evan-

167 2868 247 2918 gelii
281 2866 454 2903 studiosos
487 2867 692 2914 placidioris,
716 2881 783 2917 qua
807 2867 851 2904 de
877 2879 912 2903 re
937 2869 1045 2904 multa
1070 2875 1185 2905 esseut
1209 2869 1400 2911 scribenda,
1420 2869 1480 2905 sed
1506 2883 1618 2918 neque
1642 2872 1695 2907 in·
