1830 3147
252 85 327 120 232

255 197 439 249 planeque
465 193 644 243 indignos
672 192 844 231 homines
871 193 912 231 in
941 193 1046 242 regni
1073 193 1135 230 hic
1162 193 1329 244 adeoque
1367 196 1402 231 et
1431 193 1599 244 corporis
1626 193 1682 231 tui
1708 207 1792 245 my-

259 260 357 306 stici,
400 257 502 310 quod
550 261 605 295 est
652 257 837 304 Ecclesia,
880 256 1087 295 ministerio
1126 257 1307 295 constitui
1343 257 1506 304 voluisti,
1541 257 1793 307 agnoscimus,

260 326 437 363 Servator
473 321 780 360 clementissime!
816 321 1018 359 ministerii
1054 320 1165 359 huius
1205 321 1475 359 sublimitatem
1511 321 1629 359 multo
1673 312 1791 360 maioss

264 402 353 434 rem,
389 400 502 438 quam
531 390 570 424 ut
596 386 653 423 illi
680 399 791 437 pares
816 386 891 424 ullo
919 385 1032 423 modo
1062 398 1143 423 esse
1168 385 1367 436 possimus.
1423 385 1678 434 Agnoscimus
1704 386 1794 424 item

262 456 431 491 nostram
477 451 515 489 in
560 450 625 488 illo
669 450 890 489 tenuitatem
927 454 963 488 et
996 449 1309 497 insufficientiam,
1345 449 1494 488 etiamsi
1530 463 1660 489 omnes
1695 450 1792 490 vires

262 520 410 555 nostras
439 516 485 553 ad
514 515 607 553 illud
637 518 736 553 recte
763 514 978 552 obeundum
1007 514 1254 553 conferamus.
1308 514 1382 552 Sed
1419 514 1658 563 agnoscimus
1684 528 1792 566 prae-

262 586 360 620 terea
396 581 508 619 etiam
541 582 845 629 no-(527)stram
882 579 921 617 in
956 579 1024 617 illo
1060 579 1342 629 negligentiam,
1378 580 1482 618 cuius
1519 580 1666 631 culpam
1695 581 1794 631 apud

268 652 303 685 te
340 646 525 698 supplices
562 646 814 697 deprecamur,
850 648 886 682 01
920 649 957 683 10
993 658 1157 691 oramus,
1195 644 1277 683 Rex
1303 658 1346 682 ac
1373 645 1550 683 Pontifex
1578 650 1709 684 noster⁴
1732 659 1794 684 ae-

265 714 388 750 terne!
435 715 476 749 ut
513 716 664 748 nostrae
700 710 787 748 huic
824 709 1076 759 negligentiae
1111 709 1298 761 propitius
1333 723 1413 748 esse
1456 723 1657 761 verumque
1691 710 1795 749 illius

265 790 414 815 sensum
451 779 564 827 atque
599 775 834 824 agnitionem
870 774 910 812 111
947 775 1087 812 nostris
1123 775 1260 813 animis
1297 788 1431 825 augere
1467 775 1513 813 ad
1551 775 1673 813 nostri
1710 788 1794 813 cor-

264 841 468 879 rectionem
515 853 578 891 per
613 839 796 890 Spiritum
841 843 947 877 tuum
985 839 1164 889 digneris,
1198 840 1238 878 in
1273 839 1415 878 mutuis
1451 839 1689 891 potissimum
1725 854 1794 879 no-

264 906 363 953 stris,
403 918 496 957 quas
532 905 630 943 inter
665 917 735 942 nos
763 904 1010 950 instituimus,
1037 905 1364 943 admonitionibus
1391 905 1584 944 fraternis.
1636 905 1684 943 In
1724 905 1796 943 hoe

261 971 362 1009 enim
408 969 651 1008 convenimus
696 972 736 1007 ut
771 973 941 1007 nostram
976 969 1138 1007 invicem
1174 969 1238 1007 alii
1275 982 1342 1020 pro
1380 969 1464 1008 aliis
1502 969 1793 1008 sollicitudinem

263 1036 467 1073 fraternam
505 1034 544 1071 in
585 1033 776 1071 communi
803 1033 913 1071 nobis
942 1033 1119 1071 omnibus
1148 1034 1359 1085 corruptela
1387 1038 1517 1072 nostra
1543 1048 1608 1085 per
1635 1038 1796 1081 mutuas,

261 1099 329 1138 abs
364 1103 401 1137 te
435 1098 642 1144 institutas,
678 1097 955 1136 admonitiones
991 1097 1233 1145 declaremus,
1261 1098 1446 1150 fidemque
1474 1099 1595 1137 nostri
1623 1098 1793 1138 ministe-

263 1165 310 1202 rii
346 1164 418 1202 tibi
455 1163 630 1214 primum,
657 1166 839 1214 tanquam
866 1176 954 1202 vero
991 1176 1135 1201 summo
1172 1168 1284 1215 atque
1311 1168 1462 1202 aeterno
1500 1164 1606 1213 Regi,
1636 1163 1794 1201 Doctori

265 1242 308 1267 ac
343 1227 522 1266 Pontifici
558 1231 701 1273 nostro,
738 1227 873 1265 deinde
901 1241 987 1268 vero
1016 1232 1100 1265 tuae
1129 1227 1218 1265 huic
1245 1227 1368 1275 etiam,
1404 1228 1508 1266 cuius
1538 1227 1706 1266 Ministri
1733 1241 1795 1266 su-

265 1307 359 1339 mus,
395 1292 586 1330 Ecclesiae
621 1305 688 1343 pro
726 1296 854 1330 nostra
889 1292 1108 1331 infirmitate
1152 1293 1415 1344 approbemus.
1469 1294 1522 1331 Te
1556 1292 1671 1342 igitur
1708 1306 1795 1344 sup-

262 1358 378 1408 plices
414 1370 622 1408 precamur,
659 1357 820 1395 Domine
858 1357 946 1395 Iesu
983 1357 1149 1396 Christe!
1185 1362 1226 1395 ut
1254 1361 1385 1395 nostro
1414 1357 1502 1396 huic
1529 1357 1702 1395 instituto
1731 1371 1795 1409 per

265 1423 448 1473 Spiritum
476 1426 649 1460 sanctum
677 1425 783 1459 tuum
820 1421 962 1469 adesse,
999 1422 1185 1473 cordaque
1209 1435 1251 1459 ac
1268 1422 1419 1472 linguas
1438 1426 1608 1460 nostrum
1626 1422 1793 1460 omnium

261 1486 314 1524 ita
342 1487 553 1536 gubernare
582 1486 760 1536 digneris,
787 1490 827 1524 ut
855 1499 984 1524 omnes
1013 1490 1163 1524 nostrae
1190 1487 1350 1523 invicem
1380 1488 1490 1534 (528)
1518 1485 1796 1525 admonitiones

262 1550 401 1589 Divino
429 1551 556 1589 afflatu
582 1555 647 1589 tuo
674 1550 919 1589 instituantur
947 1554 1057 1601 atque
1083 1551 1123 1588 in
1151 1550 1262 1588 nobis
1289 1550 1516 1588 fructificent
1543 1550 1590 1588 ad
1632 1550 1794 1600 gloriam

263 1616 321 1654 tui
356 1615 540 1653 adorandi
577 1615 754 1660 nominis,
782 1615 829 1653 ad
857 1619 1027 1653 nostram
1054 1615 1141 1653 item
1180 1615 1350 1652 omnium
1387 1615 1656 1653 correctionem
1684 1629 1796 1653 orna-

262 1684 504 1731 mentumque
539 1680 594 1718 tui
629 1680 668 1718 in
704 1680 817 1719 nobis
853 1679 1054 1718 ministerii
1088 1683 1123 1717 et
1160 1679 1207 1718 ad
1236 1679 1428 1718 Ecclesiae
1451 1684 1537 1718 tuae
1562 1680 1794 1719 aedificatio-

264 1758 362 1785 nem.
390 1746 552 1785 Amen''.

315 1876 443 1914 Finita
472 1876 542 1913 hac
569 1878 632 1913 aut
659 1874 773 1913 simili
800 1874 1024 1925 precatione,
1053 1873 1225 1912 hortatur
1253 1872 1572 1924 Superintendens
1598 1877 1663 1911 aut
1690 1873 1796 1912 verbi

267 1941 442 1979 Minister
478 1940 613 1991 aliquis
648 1939 814 1990 reliquos
852 1939 1063 1985 Ministros,
1091 1938 1265 1976 Seniores
1294 1951 1337 1975 ac
1364 1937 1556 1975 Diaconos
1583 1950 1722 1984 omnes,
1750 1938 1797 1976 ad

266 2007 476 2045 habendam
522 2006 720 2051 rationem,
764 2005 803 2042 in
849 2004 1025 2042 omnibus
1062 2003 1385 2042 admonitionibus
1424 2003 1482 2041 vel
1517 2003 1700 2041 faciendis
1739 2003 1796 2041 vel

264 2071 492 2122 accipiendis
528 2070 703 2113 invicem,
742 2068 937 2106 charitatis
981 2068 1221 2119 potissimum
1258 2072 1293 2106 et
1328 2067 1515 2106 libertatis
1545 2067 1793 2106 Christianae.

267 2136 493 2173 Charitatem
523 2134 622 2172 enim
650 2147 729 2172 esse
757 2133 1039 2171 condimentum
1067 2133 1262 2174 eiusmodi.
1289 2137 1332 2170 ut
1359 2133 1462 2170 omni
1489 2133 1566 2170 fere
1594 2132 1796 2170 offensione

268 2205 389 2239 careat
407 2199 664 2250 [admonitio]
686 2211 779 2250 quae
798 2211 819 2235 a
839 2196 1018 2235 charitate
1034 2197 1246 2235 Christiana
1261 2198 1429 2248 profecta
1441 2210 1520 2235 esse
1531 2201 1796 2244 constat,—et

264 2266 472 2303 libertatem
488 2277 629 2310 rursus,
650 2276 734 2300 cum
754 2262 856 2300 omni
866 2262 1049 2300 modestia
1061 2262 1268 2300 aclenitate
1280 2263 1533 2308 coniunctam,
1547 2262 1797 2302 certissimum,

264 2344 343 2368 esse
369 2333 632 2379 argumentum
677 2328 716 2366 in
763 2327 991 2365 istiusmodi.
1014 2327 1353 2374 admonitionibus,
1389 2340 1449 2365 eas
1487 2327 1629 2378 Spiritu
1665 2331 1795 2365 sancto

263 2400 391 2432 autore
434 2394 592 2440 institui,
635 2393 700 2444 qui
736 2392 1009 2443 hypocriticam
1045 2392 1188 2443 alioqui
1223 2392 1264 2430 in
1310 2391 1591 2430 dissimulandis
1636 2392 1794 2430 fratrum

265 2458 366 2495 vitiis
402 2457 616 2495 servitutem
654 2457 750 2494 ferre
786 2468 862 2493 non
898 2460 1032 2506 potest.
1088 2455 1166 2492 Ubi
1204 2455 1379 2506 Spiritus,
1415 2454 1537 2505 inquit
1564 2454 1715 2499 Paulus,
1741 2454 1795 2491 ibi

263 2523 428 2560 libertas.
458 2524 568 2571 (529)
597 2523 713 2573 Super
734 2520 858 2558 omnia
880 2524 1004 2557 autem
1020 2524 1147 2558 monet
1169 2519 1502 2571 Superintendens,
1517 2523 1555 2557 ut
1575 2532 1702 2557 omnes
1722 2517 1794 2556 sibi

264 2588 311 2625 ab
340 2600 383 2625 eo
413 2592 581 2633 caveant,
608 2601 654 2625 ne
681 2585 811 2624 fratris
838 2585 940 2622 illius
968 2585 1218 2636 quodcunque
1245 2589 1440 2636 peccatum
1470 2588 1531 2622 aut
1551 2588 1795 2633 exaggeretur

268 2653 355 2690 odio
381 2652 459 2689 ullo
488 2653 608 2690 ullave
635 2652 764 2689 fratris
800 2649 1028 2688 admonendi
1054 2650 1197 2688 invidia
1224 2650 1263 2687 in
1291 2649 1533 2687 instituendis
1561 2647 1658 2699 apud
1688 2648 1794 2686 illum

265 2716 604 2762 admonitionibus,
631 2720 695 2754 aut
723 2716 834 2753 etiam
862 2714 940 2750 ullo
963 2714 1179 2764 cuiusquam
1201 2715 1327 2751 favore
1346 2715 1456 2763 atque
1476 2725 1599 2749 amore
1619 2716 1795 2749 extenue-

261 2792 322 2820 tur
350 2785 592 2819 excuseturve
620 2781 678 2818 vel
706 2780 974 2825 dissimuletur,
1002 2778 1066 2816 sed
1085 2778 1125 2816 in
1146 2779 1323 2816 omnibus
1344 2775 1666 2815 admonitionibus
1683 2789 1794 2827 quae-

256 2851 359 2885 ratur
385 2845 507 2896 gloria
544 2844 624 2889 Dei,
654 2847 834 2882 correctio
863 2843 1095 2882 admouendi
1124 2843 1253 2882 fratris
1281 2847 1316 2881 et
1349 2842 1538 2879 Ecclesiae
1567 2841 1789 2880 aedificatio.
