1830 3147
198 109 273 150 178

254 224 289 260 1.
317 221 372 259 Ut
400 221 556 273 quisque
583 221 623 260 in
652 221 820 260 Ecclesia
846 223 963 260 totius
992 223 1102 261 simul
1131 225 1298 276 corporis
1327 225 1514 264 Ecclesiae
1540 226 1736 278 imprimis,

202 286 336 324 deinde
364 299 451 325 vero
480 286 712 336 singulorum
739 287 856 338 ipsius
885 288 1140 326 membrorum
1165 289 1265 327 inter
1294 304 1385 336 sese,
1412 291 1536 342 quoad
1556 291 1634 329 eius
1652 292 1734 329 fieri

201 356 334 403 potest,
362 365 490 403 pacem
519 352 758 390 concordiam
786 358 897 404 atque
925 354 1110 392 unitatem
1138 355 1206 392 sub
1235 356 1340 393 verbi
1375 356 1495 394 divini
1523 356 1735 395 obedientia

202 417 374 454 observet
412 417 598 455 custodiat
624 423 842 468 promoveat
870 431 913 455 ac
938 422 1088 456 tueatur
1123 432 1191 470 pro
1230 406 1295 458 sira
1331 421 1430 459 virili
1466 435 1586 472 neque
1620 422 1738 468 illam,

201 480 302 530 quod
328 480 369 517 in
398 480 479 531 ipso
506 484 575 527 est,
602 481 725 518 scindi
752 488 902 532 quoquo
932 481 1044 519 modo
1072 483 1329 533 perturbarive
1358 484 1470 522 sinat.

253 548 286 583 2.
341 545 396 583 Ut
423 546 582 597 quisque
607 546 647 584 in
676 547 858 591 Ecclesia,
887 546 1006 584 sicubi
1033 547 1168 598 aliquis
1195 549 1232 586 in
1268 549 1504 600 praestandis
1532 550 1634 588 hisce
1660 550 1736 588 iam

200 610 400 660 praedictis
429 611 559 648 officiis
588 624 732 649 cessare
759 611 941 654 videatur,
969 616 1032 649 aut
1059 613 1283 666 praestanda
1311 628 1388 652 non
1407 628 1487 652 esse
1507 615 1618 658 dieat,
1642 615 1737 653 alius

199 674 314 712 alium
352 676 515 713 fraterne
551 689 595 714 ex
632 676 745 714 verbo
775 676 845 714 Dei
872 676 1071 715 admoneat
1099 681 1135 715 et
1162 678 1256 716 alius
1293 678 1340 716 ab
1369 680 1442 717 alio
1473 680 1639 718 vicissim
1667 680 1736 717 ad-

201 739 429 777 monitiones
457 740 642 778 eiusmodi
669 741 830 778 libenter
857 741 1016 792 accipiat
1044 755 1164 793 neque
1190 742 1266 780 illis
1295 743 1502 782 offendatur
1528 744 1735 784 ullomodo,

249 806 284 842 3.
330 803 385 842 Ut
413 805 572 856 quisque
599 805 639 842 in
668 805 837 843 Ecclesia
864 806 999 843 talium
1028 806 1332 846 admonitionum
1369 813 1657 860 contemptores,
1685 810 1734 846 si-

196 867 345 918 quidem
383 882 402 906 e
439 874 547 908 coetu
583 869 659 908 sint
695 869 878 915 Ecclesia,
914 870 1093 909 adiuncto
1130 871 1205 909 sibi
1234 886 1307 910 uno
1337 876 1450 924 atque
1477 874 1732 922 alte-(288)ro

137 972 145 978 .
196 934 311 972 fratre
348 933 562 983 redarguat,
598 939 647 979 et,
685 935 717 972 si
745 935 931 973 eiusmodi
960 950 1109 987 quoque
1137 937 1436 976 admonitionem
1464 951 1508 976 ac
1535 938 1734 989 reprehen-

194 997 337 1035 sionem
375 999 736 1053 contemnixvideat,
774 1005 814 1038 ut
850 1014 926 1038 rem
965 1001 1012 1038 ad
1041 1001 1241 1040 Ministros
1270 1015 1313 1040 ac
1341 1002 1515 1041 Seniores
1542 1003 1736 1041 Ecclesiae

193 1062 349 1103 deferat.

245 1127 305 1165 Ad
333 1128 568 1166 observanda
596 1129 713 1179 igitur
742 1129 832 1167 haec
858 1129 898 1167 in
928 1135 1033 1168 coetu
1063 1131 1254 1169 Ecclesiae
1281 1135 1316 1169 et
1344 1132 1442 1169 inter
1462 1131 1610 1181 singula
1630 1131 1733 1168 illius

193 1193 359 1230 membra
387 1193 518 1238 officia,
544 1194 713 1244 privatus
743 1194 964 1245 disciplinae
993 1195 1281 1234 Ecclesiasticae
1308 1209 1397 1234 usus
1415 1191 1579 1245 ¹urgetur
1606 1209 1649 1233 ac
1676 1209 1734 1233 re-

192 1256 332 1294 tinetur
368 1257 408 1294 in
446 1259 585 1296 nostris
624 1258 803 1296 Ecclesiis
831 1273 897 1309 per
936 1260 1101 1310 privatas
1129 1260 1227 1298 inter
1254 1261 1388 1298 fratres
1416 1261 1576 1298 invicem
1606 1273 1735 1298 omnes

193 1322 232 1360 in
262 1322 431 1361 Ecclesia
468 1324 759 1363 admonitiones.
813 1324 863 1362 Et
893 1325 1076 1363 docentur
1106 1326 1239 1363 fratres
1267 1325 1459 1363 Ecclesiae
1487 1339 1629 1371 omnes,
1656 1338 1736 1362 esse

195 1387 311 1425 debiti
346 1389 529 1439 officiique
563 1389 745 1440 ipsorum,
773 1394 816 1427 ut
843 1389 890 1427 ad
919 1390 1053 1427 horum
1081 1390 1285 1428 officiorum
1315 1391 1584 1447 negligentiam
1614 1403 1734 1427 cessa-

142 1499 149 1505 ·
193 1453 382 1491 tionemve
419 1460 482 1492 aut
519 1459 774 1505 contemptum
811 1455 909 1492 inter
947 1469 1025 1492 sese
1065 1469 1141 1492 non
1172 1455 1400 1493 conniveant
1429 1468 1580 1506 quoquo
1608 1454 1735 1496 modo,

194 1531 393 1569 paremque
430 1519 578 1570 culpam
606 1533 685 1557 esse
714 1532 854 1563 eorum,
882 1519 945 1570 qui
973 1519 1020 1556 ad
1049 1519 1139 1557 haec
1178 1520 1382 1557 connivent
1420 1521 1645 1570 silentioque
1671 1519 1736 1557 illa

193 1595 260 1620 suo
298 1584 415 1629 alunt,
447 1597 531 1620 cum
567 1585 624 1628 iis,
662 1584 725 1635 qui
762 1584 991 1634 negligentia
1030 1585 1281 1623 cessationeve
1318 1590 1382 1622 aut
1411 1590 1627 1636 contemptu
1655 1585 1733 1621 offi-

199 1648 340 1685 ciorum
377 1648 592 1686 istiusmodi
629 1655 806 1700 peccant3
846 1663 966 1700 neque
1004 1650 1130 1687 minus
1168 1651 1303 1700 dignos
1341 1664 1419 1688 esse
1446 1651 1736 1702 reprehensione

196 1725 239 1749 ac
275 1712 495 1763 disciplinae
531 1727 602 1751 usu
639 1727 716 1757 eos,
752 1714 815 1764 qui
855 1714 1014 1752 scientes
1051 1728 1094 1752 ac
1124 1715 1288 1753 volentes
1314 1729 1380 1766 per
1409 1729 1515 1753 suum
1544 1716 1735 1753 silentium

195 1777 395 1826 indulgent
422 1778 673 1828 negligentiae
712 1779 913 1817 cessationi
951 1784 1015 1817 aut
1054 1780 1284 1830 contemptui
1300 1780 1575 1830 praedictorum
1598 1780 1736 1817 officio-

197 1857 278 1880 rum
307 1844 404 1881 inter
432 1845 577 1890 fratres,
605 1858 715 1895 quam
737 1844 794 1881 illi
812 1844 1099 1895 reprehensione
1118 1858 1262 1895 usuque
1281 1845 1500 1896 disciplinae
1514 1845 1621 1895 digni
1637 1849 1737 1890 sunt,

198 1909 262 1958 qui
291 1909 542 1958 negligentiae
568 1909 718 1960 ipsimet
746 1910 1013 1948 cessationisve
1040 1914 1104 1947 aut
1144 1914 1379 1961 contemptus
1395 1910 1610 1949 istiusmodi
1628 1910 1735 1960 culpa

193 1980 381 2012 tenentur.

249 2039 456 2077 Monentur
489 2044 612 2077 autem
649 2039 809 2077 subinde
846 2039 886 2077 in
914 2040 1083 2077 Ecclesia
1111 2041 1222 2088 (289)
1251 2053 1392 2086 omnes,
1420 2043 1461 2077 ut
1487 2039 1528 2077 in
1556 2039 1732 2077 omnibus

196 2105 272 2141 suis
309 2104 466 2155 privatis
503 2104 718 2142 istiusmodi
754 2104 1080 2142 admonitionibus
1108 2118 1237 2142 eorum
1266 2118 1409 2155 semper
1437 2104 1513 2142 sint
1539 2117 1738 2148 memoreS,

200 2183 292 2220 quae
319 2169 358 2207 in
387 2169 462 2206 illis
490 2169 597 2207 iuxta
626 2170 916 2220 suprascriptam
947 2169 1171 2220 disciplinae
1201 2169 1461 2207 diffinitionem
1480 2169 1736 2219 requiruntur,

197 2248 326 2285 nempe
353 2238 395 2272 ut
432 2235 537 2272 iuxta
565 2234 704 2283 gradus
745 2247 833 2272 suos
861 2234 1121 2280 instituantur,
1159 2238 1210 2280 ut,
1240 2234 1303 2285 qui
1331 2225 1566 2279 admonetur,
1593 2233 1733 2272 intelli-

194 2303 257 2347 gat
295 2299 527 2336 Christianas
563 2312 642 2336 esse
678 2299 826 2349 petique
863 2312 908 2336 ex
945 2299 1059 2336 verbo
1100 2298 1181 2344 Dei,
1219 2304 1254 2336 et
1281 2303 1322 2336 ut
1350 2298 1447 2335 inter
1475 2311 1603 2335 omnes
1633 2297 1731 2334 invi-

196 2377 274 2401 cem
303 2365 436 2402 fratres
465 2364 504 2402 in
533 2364 700 2402 Ecclesia
729 2365 809 2401 sine
837 2364 912 2401 ulla
941 2363 1119 2414 cuiusque
1148 2365 1367 2414 exceptione
1391 2363 1644 2400 observentur.
1675 2361 1730 2398 De

195 2428 332 2478 quibus
360 2429 502 2480 alioqui
529 2429 602 2466 iam
633 2429 722 2466 satis
752 2433 805 2466 est
834 2429 976 2466 dictum
1002 2429 1043 2466 in
1070 2429 1152 2479 ipsa
1182 2428 1417 2466 diffinitionis
1445 2426 1734 2478 approbatione,

194 2495 233 2531 in
263 2496 297 2538 3,
324 2497 358 2539 4,
387 2497 421 2538 5.
450 2498 471 2532 6
500 2499 535 2532 et
566 2496 583 2534 7
614 2493 889 2531 observatione.

247 2557 411 2595 Docetur
438 2559 527 2596 item
557 2559 724 2596 Ecclesia
753 2558 1028 2596 admonitiones
1057 2572 1131 2604 eas,
1158 2571 1252 2609 quae
1280 2570 1355 2595 uno
1386 2560 1497 2606 atque
1517 2556 1634 2593 altero
1656 2556 1731 2592 fra-

197 2629 252 2661 tre
287 2622 457 2660 adhibito
494 2624 759 2668 instituuntur,
788 2623 835 2660 ad
863 2623 1051 2674 privatum
1080 2623 1203 2660 adhuc
1233 2621 1453 2672 disciplinae
1480 2633 1587 2658 usum
1617 2621 1732 2671 perti-

199 2701 295 2734 nere,
341 2690 376 2724 et
420 2688 578 2738 proinde
622 2701 699 2726 non
742 2688 845 2739 prius
888 2700 967 2724 esse
1003 2687 1278 2737 invulgandum
1315 2690 1507 2736 peccatum
1547 2685 1732 2722 admoniti

197 2752 360 2789 cuiusvis
397 2752 524 2789 fratris
559 2766 622 2802 per
659 2766 734 2796 eos,
772 2752 835 2803 qui
863 2752 972 2788 illum
1000 2751 1286 2797 admonuerunt,
1314 2751 1426 2801 ‹iuam
1456 2749 1501 2787 ad
1533 2749 1730 2787 Ministros

195 2829 238 2854 ac
276 2815 448 2853 Seniores
477 2816 666 2854 Ecclesiae
692 2817 875 2854 referatur
917 2816 1116 2866 lapsusque
1145 2816 1258 2853 frater
1285 2828 1349 2866 per
1376 2815 1462 2851 illos
1492 2814 1635 2865 publici
1662 2815 1733 2852 mi-

202 2881 347 2920 nisterii
384 2881 536 2919 nomine
584 2881 889 2932 reprehendatur,
919 2881 992 2918 nisi
1029 2882 1061 2918 si
1096 2881 1234 2918 crimen
1274 2880 1393 2930 ipsum
1430 2879 1480 2916 ita
1515 2892 1581 2930 per
1615 2892 1653 2916 se
1688 2879 1735 2917 sit
