1830 3147
130 109 202 148 276

129 221 240 258 nobis
277 223 344 266 est,
383 220 542 274 subiecti
580 233 720 266 sumus,
758 220 939 259 hactenus
979 234 1049 258 nos
1085 220 1197 258 morti
1235 220 1348 258 etiam
1378 220 1568 258 subiectos
1597 233 1677 258 esse

127 289 274 337 oportet
316 285 361 322 ad
389 289 537 336 ternpus
567 298 682 336 usque
709 289 861 324 nostrae
888 285 1152 324 restitutionis.
1207 285 1279 323 Sed
1308 285 1356 322 ad
1383 298 1492 336 quem
1520 285 1676 323 modum

128 354 323 402 peccatum
357 349 399 387 in
437 349 561 387 nobis·
581 349 750 398 haerens,
777 350 848 389 etsi
875 364 945 388 nos
976 355 1086 400 cogat
1114 351 1237 389 facere
1262 351 1402 388 malum
1434 349 1534 401 quod
1565 349 1675 388 nolu-

130 429 226 459 mus,
262 419 298 452 et
336 427 414 452 non
450 415 647 465 permittat
685 416 808 453 facere
842 415 985 453 bonum
1014 415 1117 466 quod
1147 416 1334 461 volumus,
1362 428 1438 453 non
1468 418 1524 453 est
1550 417 1676 452 tamen

131 481 314 518 damnans
341 493 411 518 nos
439 481 599 532 amplius
619 484 812 532 peccatum
832 484 986 533 propter
1004 472 1116 530 (642)
1139 481 1345 526 Christum,
1364 501 1415 508 —
1434 480 1487 518 ita
1508 483 1543 518 et
1563 492 1680 525 mors,

129 546 199 584 etsi
232 559 302 584 nos
338 549 492 597 propter
519 550 714 597 peccatum
745 546 914 591 invadat,
942 559 1017 584 non
1047 550 1173 584 tamen
1203 545 1242 584 in
1271 559 1388 596 regno
1418 544 1580 596 amplius
1610 556 1677 582 suo

131 610 298 649 detinere
336 624 405 649 nos
432 615 557 662 potest
584 616 738 663 propter
766 611 975 650 Christum.
1034 612 1106 650 Sed
1136 612 1455 663 quemadmodum
1484 611 1677 649 Christum

132 675 351 732 Dominum,
379 680 624 727 posteaquam
652 677 761 714 illum
789 677 874 714 loco
903 682 1033 715 nostro
1054 676 1268 723 invasisset,
1301 677 1467 715 detinere
1484 677 1525 714 in
1546 676 1677 726 Regno

132 754 199 778 suo
228 754 305 778 non
333 742 469 793 potuit,
497 741 783 792 redivivuinque
811 742 908 779 ferre
937 745 1064 780 coacta
1097 746 1152 780 cst
1179 741 1218 779 in
1247 741 1367 793 ipsius
1393 741 1683 786 resurrectione,

129 807 181 844 ita
228 812 263 844 et
301 820 369 844 nos
407 807 596 845 redivivos
632 807 672 845 in
710 811 840 845 nostra
878 808 1154 846 resurrectione
1191 807 1287 845 ferre
1327 811 1495 856 cogetur,
1532 805 1679 844 etiamsi

132 885 232 909 nunc
267 885 436 910 morsum
472 872 575 910 illius
613 873 754 911 evitare
793 886 870 911 non
899 873 1100 924 possimus.
1156 872 1270 911 Unde
1298 873 1340 910 fit
1368 873 1481 910 etiam
1511 876 1550 909 ut
1578 884 1680 908 mors

132 938 222 976 haec
249 943 392 984 nostra,
421 952 494 990 qua
522 938 648 976 anima
678 953 697 976 a
728 952 883 991 corpore
912 942 1118 991 separatur,
1148 952 1221 977 non
1250 942 1326 976 tam
1356 951 1458 976 mors
1485 937 1559 975 iam
1588 936 1680 974 alio-

131 1003 208 1054 qui,
237 1017 347 1055 quam
377 1017 531 1042 somnus
560 1003 713 1054 quidam
742 1004 872 1055 potius
900 1010 1068 1043 vocetur.

185 1071 219 1107 6.
279 1068 457 1106 Monetur
505 1068 677 1106 Ecclesia
716 1068 760 1107 de
797 1068 943 1107 incerto
981 1069 1114 1107 mortis
1151 1074 1331 1120 tempore,
1369 1067 1466 1119 quod
1507 1066 1681 1118 equidem

132 1133 234 1172 Deus
261 1133 316 1171 ita
341 1134 527 1172 incertum
556 1148 636 1172 esse
664 1135 798 1182 voluit,
827 1149 886 1183 ne,
915 1135 946 1173 si
976 1134 1020 1172 (le
1048 1135 1114 1172 illo
1145 1134 1236 1173 certi
1264 1147 1442 1181 essemus,
1458 1133 1683 1184 resipiscen-

131 1200 223 1237 tiam
259 1205 429 1238 nostram
465 1201 504 1238 iu
543 1205 749 1239 extremum
788 1215 906 1253 usque
948 1201 1046 1239 vitae
1084 1204 1235 1239 nostrae
1262 1204 1409 1252 tempus
1439 1198 1683 1246 differremus,

135 1278 219 1302 cum
256 1279 302 1304 ne
340 1266 394 1304 sic
428 1265 578 1317 quidem
612 1266 680 1305 sub
710 1266 891 1318 temporis
919 1280 959 1304 ea
989 1265 1258 1304 incertitudine
1284 1279 1422 1315 magna
1450 1263 1552 1303 illius
1583 1276 1685 1311 cura,

135 1331 207 1369 nisi
253 1331 386 1369 morbo
432 1332 538 1381 gravi
587 1332 714 1384 aliquo
761 1332 898 1379 adacti,
940 1336 1153 1382 tangamur.
1210 1332 1365 1370 Quanto
1404 1330 1522 1380 igitur
1558 1330 1684 1368 minus

136 1396 226 1434 certi
264 1409 344 1435 esse
379 1409 583 1448 possumus
611 1397 656 1434 de
683 1395 817 1435 mortis
846 1396 910 1434 hic
936 1400 1088 1434 nostrae
1115 1401 1296 1448 tempore,
1322 1398 1430 1434 tanto
1460 1407 1530 1432 nos
1558 1394 1605 1433 ad
1634 1394 1682 1432 il·

134 1461 208 1498 lam
236 1461 357 1511 magis
386 1473 611 1514 componere
641 1461 788 1507 debere,
815 1461 971 1513 perinde
999 1465 1111 1512 atque
1140 1461 1169 1498 si
1199 1460 1239 1498 in
1267 1460 1414 1498 foribus
1444 1463 1552 1498 esset.
1609 1458 1681 1497 Est
1723 1489 1726 1492 Δ

133 1524 342 1564 enim‘dies
370 1526 537 1572 Domini,
567 1527 662 1564 sicut
691 1527 764 1574 fur,
791 1531 826 1564 et
854 1526 1008 1577 ipsemet
1039 1540 1076 1564 se
1105 1539 1146 1563 ea
1165 1525 1270 1572 hora,
1295 1538 1367 1577 qua
1389 1525 1559 1563 omnium
1574 1525 1685 1574 (643)

135 1591 289 1629 minime
318 1595 586 1643 expectaretur,
615 1592 836 1629 adfuturum
865 1605 943 1629 esse
971 1591 1172 1642 praedixit.

187 1656 295 1694 Haec
330 1657 385 1694 ita
413 1657 451 1695 in
488 1671 624 1707 genere
652 1670 719 1709 pro
748 1657 974 1695 funebribus
1004 1655 1256 1694 concionibus
1285 1659 1508 1693 tractantur.
1562 1653 1627 1700 Et,
1655 1654 1686 1692 si

138 1721 229 1773 quid
266 1736 285 1759 a
315 1721 510 1760 demortuo
539 1723 654 1760 fratrc
681 1723 747 1759 illo
777 1722 864 1759 duni
897 1722 1036 1759 viveret
1064 1721 1253 1772 praeclare
1281 1724 1408 1758 actum
1436 1723 1504 1766 est,
1530 1719 1570 1756 in
1599 1717 1686 1755 fidei

139 1799 226 1825 suae
264 1788 502 1827 confessione
530 1788 833 1840 promovendavc
863 1787 1056 1836 religione,
1085 1790 1150 1825 aut
1177 1785 1340 1824 iuvanda
1371 1783 1515 1835 alioqui
1544 1783 1685 1821 Christi

141 1852 324 1900 Ecclesia,
360 1859 423 1892 aut
462 1855 491 1893 si
531 1855 619 1906 quid
659 1867 726 1906 pro
757 1853 901 1892 Christi
929 1853 1082 1892 nomine
1109 1865 1242 1904 passus
1272 1854 1339 1898 est,
1367 1850 1406 1888 id
1433 1853 1555 1888 totum
1586 1862 1688 1886 com-

141 1924 381 1966 memoratur,
421 1925 463 1958 ut
492 1920 590 1958 dona
620 1920 689 1959 Dei
715 1920 755 1959 in
783 1921 847 1958 illo
877 1919 1141 1972 praedicentur
1170 1921 1204 1956 et
1233 1917 1402 1955 Ecclesia
1431 1915 1477 1954 ad
1507 1916 1584 1953 eius
1601 1914 1687 1952 imi·

141 1985 323 2024 tationem
359 1986 553 2031 invitetur,
588 1986 824 2038 potissimum
855 1990 975 2024 autem
1009 1985 1038 2022 si
1067 1984 1168 2036 quod
1197 1982 1386 2034 peculiare
1415 1981 1601 2033 specimen
1630 1993 1689 2017 re-

143 2052 378 2104 sipiscentiae
406 2057 469 2091 aut
496 2053 584 2090 fidei
612 2067 699 2091 suae
729 2053 833 2091 dedit
860 2056 948 2090 ante
974 2054 1135 2090 mortem
1163 2064 1278 2097 suam,
1308 2053 1348 2087 ut
1375 2062 1441 2100 per
1468 2061 1548 2086 eam
1578 2060 1687 2084 occa-

146 2117 289 2155 sionem
330 2117 501 2155 Ecclesia
529 2117 640 2155 etiam
669 2116 716 2156 ad
745 2115 1044 2168 resipiscentiam
1073 2120 1108 2153 ct
1135 2113 1267 2152 mundi
1295 2113 1407 2151 huius
1436 2109 1689 2150 momentanei

146 2186 397 2234 contemptum
427 2182 622 2222 excitetur.

198 2247 323 2285 Finita
363 2248 557 2295 concione,
597 2247 800 2299 deponitur
836 2248 951 2285 funus
981 2246 1018 2284 in
1051 2247 1198 2284 foveam
1228 2247 1263 2282 et
1293 2243 1441 2281 demum
1469 2245 1567 2279 terra
1594 2238 1691 2294 tegi-

148 2317 207 2350 tur
235 2317 276 2351 ut
304 2315 411 2352 fovea
441 2315 646 2366 expleatur.
687 2314 837 2352 Interea
866 2326 953 2351 vcro
986 2312 1133 2350 canitur
1160 2310 1333 2348 Psalmus
1362 2322 1382 2347 a
1410 2311 1490 2346 tota
1509 2305 1693 2351 Ecclesia,

148 2381 234 2417 103.
277 2379 473 2418 uBenedic
501 2379 627 2417 anima
649 2393 729 2417 mea
753 2377 960 2416 Domino.''
999 2377 1087 2416 Quo
1109 2376 1283 2415 absoluto
1305 2373 1565 2425 completaque
1582 2371 1690 2408 fune-

150 2444 200 2481 ris
236 2445 441 2496 sepultura,
478 2445 654 2483 Minister
692 2443 901 2481 Ecclesiam
942 2443 989 2481 ad
1027 2441 1280 2493 precationem
1318 2439 1510 2491 publicam
1546 2434 1696 2479 invitat,

152 2510 458 2562 complectentem
499 2511 538 2548 in
568 2525 605 2550 se
632 2523 700 2562 pro
729 2513 883 2548 evocato
912 2522 930 2547 e
960 2508 1056 2546 vitae
1083 2508 1194 2545 huius
1221 2504 1371 2545 miseria
1399 2504 1514 2542 fratre
1542 2501 1692 2539 demur-

149 2580 212 2614 tuo
241 2576 448 2626 gratiarum
477 2576 677 2624 actionem,
704 2575 750 2614 ad
779 2576 879 2614 hunc
907 2573 1082 2613 modum:
1111 2575 1223 2623 (644)

204 2706 432 2746 Precatio
461 2711 572 2757 post
598 2705 879 2746 absolutam
908 2703 1104 2742 funeris
1134 2696 1447 2754 sepulturam.

208 2855 225 2872 n
240 2837 401 2887 Agimus
438 2835 507 2874 tibi
545 2835 699 2886 gratias,
738 2834 975 2886 omnipotens
1013 2837 1049 2872 et
1077 2832 1289 2871 misericors
1317 2830 1446 2868 Pater!
1476 2840 1541 2879 per
1569 2825 1696 2865 Iesum

156 2903 347 2941 Christum
384 2901 501 2940 filium
541 2905 645 2939 tuum
685 2900 889 2938 Dominum
927 2912 969 2937 ac
1004 2897 1246 2936 liberatorem
1286 2898 1471 2941 nostrum,
1499 2891 1599 2944 quod
1629 2905 1698 2930 no-
