1830 3147
315 299 367 326 mi
407 296 628 326 PEOULIARI
661 296 923 324 msmPLINAE
953 296 1292 324 EchESIASTIOAE
1322 296 1396 323 USU

368 362 494 390 INTER
533 362 805 390 GERMANICAE
846 362 1094 389 POTISSJMUM
1124 362 1342 388 EccmslAE

545 427 767 454 M1N1s'r1zos
812 426 993 454 LoNDINI.
1041 418 1165 464 (503).

140 547 232 584 Cum
259 545 449 595 legitimus
479 545 702 596 disciplinae
730 545 1022 584 Ecclesiasticae
1050 559 1138 583 usus
1166 545 1217 582 ita
1248 546 1296 583 sit
1325 545 1557 584 necessarius
1585 546 1625 583 in

88 611 231 648 Christi
259 607 439 655 Ecclesia,
464 615 507 648 ut
534 611 850 661 quemadmodum
880 610 1047 662 eorporis
1077 623 1275 661 compages
1304 610 1384 648 sine
1412 611 1549 657 nervis,
1575 611 1626 648 ita

87 684 122 712 et
160 675 328 713 Ecclesia
367 676 447 713 sine
474 676 540 712 illo
571 675 776 714 consistere
804 676 960 714 omnino
989 689 1066 713 non
1093 675 1224 726 possit,
1251 679 1363 726 atque
1391 675 1422 713 is
1451 689 1527 714 non
1557 677 1627 713 ali-

85 739 185 777 unde
213 740 331 789 magis
361 739 579 790 dependeat,
608 754 717 791 quam
748 755 767 778 a
808 740 996 778 Ministris
1032 740 1138 791 ipsis,
1174 753 1306 791 nempe
1334 744 1373 778 ut
1400 740 1506 778 illum
1533 741 1626 792 ipsi-

88 807 161 842 met
197 804 296 842 inter
330 817 408 842 sese
445 805 541 842 serio
578 818 621 842 ac
662 805 862 854 diligenter
899 806 1099 843 observent
1126 810 1161 843 et
1190 819 1210 842 a
1238 805 1379 856 reliqua
1408 810 1487 843 tota
1514 806 1625 844 etiam

87 868 255 906 Ecclesia
293 870 464 920 exemplo
504 883 570 907 suo
610 869 803 908 observari
841 874 985 914 curent,
1023 870 1131 907 facile
1169 874 1224 907 est
1261 870 1399 916 videre,
1433 875 1626 921 praestan-

88 934 175 971 dum
214 933 274 971 hie
313 947 404 979 esse,
441 934 472 971 si
507 948 667 985 usquam
695 935 797 979 alibi,
836 934 1023 972 Ministris
1053 935 1229 972 omnibus
1257 935 1422 985 ipsorum
1455 935 1628 981 officium,

93 1013 150 1044 ne,
184 1012 343 1050 quorum
381 1012 492 1050 opera
531 1005 641 1050 atque
668 1000 838 1050 exemplo
867 1001 1011 1050 reliqua
1040 1004 1120 1037 tota
1147 1000 1317 1037 Ecclesia
1344 999 1533 1037 aedificari
1560 1013 1627 1051 po-

84 1064 271 1102 tissimum
309 1065 480 1110 debebat,
515 1078 643 1102 eorum
672 1065 781 1115 culpa
809 1065 856 1102 ad
887 1065 1171 1115 dissipationem
1209 1065 1438 1116 propendeat
1474 1071 1627 1116 propter

87 1129 299 1178 neglectum
327 1129 373 1166 ab
402 1129 478 1167 illis
506 1130 603 1167 inter
633 1143 711 1167 sese
739 1130 778 1166 in
806 1129 938 1180 primis
956 1143 1062 1167 usum
1085 1129 1373 1167 Ecclesiasticae
1392 1130 1627 1181 disciplinae.

87 1194 244 1231 Utinam
281 1207 367 1231 vero
397 1207 472 1231 non
501 1198 647 1231 tantum
678 1207 765 1232 suae
793 1194 855 1230 hie
882 1194 1131 1231 indulsissent
1173 1194 1336 1244 primum
1365 1195 1629 1244 negligentiae,

88 1257 220 1295 deinde
255 1271 341 1295 vero
376 1258 570 1308 tyrannidi
608 1258 732 1305 etiam,
770 1258 833 1309 qui
861 1258 1032 1310 primarii
1059 1258 1250 1296 Ecclesiae
1282 1258 1449 1296 Ministri
1485 1259 1629 1310 aliquot

87 1323 160 1360 iam
204 1323 362 1360 saeculis
404 1323 534 1360 haberi
571 1323 789 1361 voluerunt!
847 1323 1036 1361 Nimirum
1072 1324 1199 1361 nullus
1234 1325 1484 1374 proculdubio
1521 1326 1628 1363 locus

89 1401 252 1438 unquam
280 1388 429 1425 futurus
458 1394 536 1425 erat
556 1388 867 1426 antichristianae
885 1389 1007 1439 Papae
1026 1388 1189 1426 Romani
1211 1389 1416 1438 tyrannidi,
1436 1403 1508 1440 qua
1527 1403 1628 1428 nune

87 1466 236 1490 omnem
271 1452 478 1502 legitimam
516 1452 708 1491 Ecclesiae
744 1453 1058 1502 gubernationem
1095 1466 1318 1504 omnemque
1352 1454 1444 1491 adeo
1473 1454 1626 1504 religio-

88 1532 172 1556 nem
203 1519 312 1567 (504)
340 1531 555 1568 oppressam
584 1518 906 1569 adulteratamque
934 1518 1050 1556 fuisse
1079 1518 1261 1557 videmus.
1291 1520 1342 1556 At
1360 1532 1447 1557 vero
1468 1519 1530 1557 hic
1550 1534 1625 1558 non

87 1583 418 1629 dormivit-Satan,
448 1583 514 1634 qui
541 1583 653 1621 facile
683 1583 825 1634 alioqui
852 1583 1098 1632 intelligebat,
1128 1584 1271 1621 abolito
1301 1585 1529 1623 semelinter
1550 1587 1626 1624 Mi-

87 1647 228 1684 nistros
254 1647 356 1697 ipsos
384 1646 671 1684 Ecclesiasticac
700 1646 921 1698 disciplinae
948 1660 1032 1692 usu,
1057 1647 1386 1698 iirecuperabilem
1413 1649 1523 1700 plane
1551 1650 1624 1687 Ec-

88 1711 220 1748 clesiae
256 1710 514 1748 confusionem
552 1711 774 1762 ruinamque
811 1711 904 1748 adeo
941 1711 1060 1748 totius
1088 1711 1283 1760 religionis
1312 1712 1625 1764 subsequuturam

86 1789 177 1821 esse,
203 1780 244 1814 ut
270 1776 380 1813 etiam
410 1776 441 1813 si
468 1777 619 1826 quando
648 1777 771 1827 Papae
800 1777 962 1814 Romani
988 1777 1158 1827 tyrannis
1187 1783 1434 1823 excuteretur,
1463 1793 1539 1817 non
1569 1782 1626 1818 fa-

88 1843 158 1880 cile
193 1846 317 1880 tamen
357 1842 404 1878 ab
440 1841 542 1878 illius
578 1842 792 1892 praestigiis
830 1842 982 1879 liberari
1019 1842 1142 1879 adhue
1180 1855 1387 1893 possemus
1442 1845 1488 1882 Id
1525 1847 1624 1897 quod

85 1907 258 1959 equidem
285 1907 369 1957 plus
398 1907 488 1944 satis
517 1919 619 1944 nune
647 1907 871 1957 experimur,
891 1908 922 1944 si
944 1921 1022 1944 rem
1044 1907 1164 1958 ipsam
1181 1908 1334 1958 propius
1356 1909 1467 1959 paulo
1489 1910 1625 1948 intueri

88 1974 255 2011 velimus.
286 1972 583 2023 Quaquaveisus
611 1973 710 2010 enim
742 1987 809 2010 nos
838 1978 1039 2019 vertamus,
1066 1974 1163 2011 nihil
1202 1988 1238 2012 a(
1226 1974 1325 2012 dhuc
1354 1976 1520 2015 videmus
1551 1979 1628 2016 fere

87 2039 124 2076 in
160 2037 205 2074 iis
241 2037 332 2088 ipsis
367 2037 480 2074 etiam
519 2038 624 2084 locis,
658 2038 698 2075 in
736 2038 874 2088 quibus
913 2039 1034 2089 Pap-ie
1070 2039 1231 2076 Romani
1260 2041 1430 2089 tyrannis
1459 2043 1626 2080 omnium

89 2102 250 2141 maxime
285 2107 500 2146 accusatur,
530 2103 569 2140 in
607 2116 681 2153 quo
709 2116 787 2140 non
815 2103 1020 2153 plurimum
1048 2104 1171 2141 adhuc
1201 2104 1410 2142 desideissaic
1439 2120 1630 2155 cogamur,

89 2168 119 2206 si
150 2149 430 2205 nostra-omnia
459 2180 544 2204 eum
571 2167 734 2217 puritate
764 2168 984 2218 Apostolica
1013 2169 1167 2218 paulum
1195 2169 1307 2206 modo
1338 2172 1587 2210 conseiamus.

142 2231 247 2268 Haec
284 2243 368 2268 vero
406 2231 532 2268 omnia
570 2231 747 2269 debemus
784 2233 977 2281 neglectae
1013 2232 1252 2282 potissimum
1293 2234 1392 2272 inter
1431 2235 1629 2274 Ministros

87 2296 188 2346 ipsos
226 2294 513 2332 Ecclesiasticae
552 2295 775 2346 disciplinae
812 2296 909 2332 eirea
948 2296 1204 2333 Ecclesiarum
1242 2298 1529 2339 restitutionem.
1581 2302 1631 2339 Et

89 2361 187 2398 haud
225 2360 316 2404 scio,
353 2373 399 2396 an
439 2360 579 2410 sperari
616 2374 781 2410 unquam
819 2361 938 2411 possit
974 2361 1142 2409 legitima
1181 2362 1435 2401 Ecclesiarum
1472 2378 1515 2402 ae
1543 2368 1628 2404 reli-

85 2425 211 2474 gionis
248 2423 449 2469 restitutio,
485 2437 581 2474 quae
618 2424 770 2474 quidem
815 2424 993 2462 diuturna
1031 2439 1111 2463 esse
1150 2426 1281 2476 possit,
1317 2428 1501 2479 tantisper
1542 2431 1629 2470 dum

87 2489 296 2538 legitimum
334 2501 465 2526 rursus
502 2488 724 2539 disciplinae
764 2502 873 2526 usum
903 2489 1002 2527 inter
1030 2489 1229 2528 Ministros
1256 2494 1629 2542 p0·(505)tissimum

86 2554 188 2604 ipsos
225 2566 270 2590 ex
317 2553 430 2590 verbo
477 2552 546 2589 Dei
593 2553 805 2590 restitutum
851 2567 927 2591 non
966 2554 1184 2593 habeamus.
1242 2556 1425 2607 Equidem
1463 2573 1539 2598 non
1575 2566 1630 2598 te-

89 2631 187 2655 mere
215 2618 388 2655 Christus
418 2617 604 2654 Dominus
637 2617 835 2656 Ministros
863 2619 1054 2656 Ecclesiae
1082 2620 1152 2656 sub
1181 2622 1450 2670 Apostolorum
1480 2625 1633 2663 nomine

89 2683 209 2719 lucem
255 2682 389 2718 mundi
439 2695 517 2719 esse
563 2682 671 2719 docet
707 2687 743 2720 et
779 2684 892 2721 finem
929 2696 972 2720 ac
1010 2684 1162 2722 modum
1203 2686 1444 2725 tenebrarum
1487 2691 1630 2729 nullum

90 2748 170 2784 fore
207 2746 345 2788 innuit,
382 2747 415 2784 si
450 2747 516 2783 lux
553 2746 644 2797 ipsa,
680 2748 816 2785 amisso
855 2748 1054 2799 splendore
1089 2762 1169 2792 suo,
1206 2750 1283 2788 ullo
1326 2752 1439 2790 modo
1476 2756 1632 2793 obtene-

90 2811 248 2850 brescat.
305 2811 398 2848 Cum
445 2824 528 2848 vero
579 2811 643 2848 lux
679 2811 759 2862 ipsa
798 2812 1060 2850 Ministrorum
1099 2826 1175 2851 non
1211 2815 1319 2853 aliter
1356 2817 1477 2855 lucere
1512 2821 1633 2870 possit

91 2878 129 2914 in
174 2879 341 2928 ipsorum
389 2877 611 2924 ministerio,
657 2890 768 2928 quam
815 2878 847 2915 si
893 2891 960 2916 suo
998 2878 1118 2916 officio
1154 2879 1321 2929 legitime
1355 2895 1397 2920 ae
1434 2883 1632 2933 diligenter

90 2942 311 2991 fungantur,
352 2946 387 2980 et
431 2942 511 2979 fieri
558 2941 852 2993 haudquaquam
903 2943 1022 2994 possit
1069 2944 1222 2982 omnino
1268 2951 1421 2997 propter
1467 2950 1631 3000 exlegem
