1830 3147
1620 85 1666 120 43

136 195 246 234 Quae
272 198 357 233 ante
383 194 642 233 ministrorum
670 194 838 232 omnium
868 194 1087 232 electionem
1117 195 1221 233 fiant.
1538 198 1577 233 4.
1631 197 1668 232 2.

136 260 246 298 Quae
272 260 354 311 ipso
383 272 519 297 coenae
549 258 768 296 Dominicae
798 258 856 296 die
883 259 989 296 fiant.
1489 262 1576 297 202.
1632 262 1668 297 3.

136 325 244 364 Quae
269 325 351 376 ipso
381 324 438 362 die
465 323 638 375 publicae
665 323 1073 361 excommunicatorum
1101 323 1353 374 poenitentiae
1380 327 1415 362 et
1448 324 1670 362 reconcilia-

186 390 301 428 tionis
333 402 417 427 cum
446 389 602 426 ecclesia
631 389 735 427 fiant.
1052 424 1054 426 ,
1490 391 1576 430 372.
1608 392 1668 427 25.

136 455 213 493 Qui
242 454 318 492 sint
344 467 427 491 vere
453 454 522 491 filii
551 453 632 492 Dei.
1491 457 1578 492 184.
1634 456 1668 493 1.

137 519 241 558 Quid
267 519 387 571 pridie
416 532 550 557 coenae
580 520 658 556 fiat.
1490 522 1575 558 191.
1606 522 1667 558 21.

136 583 330 623 Quidnam
356 584 423 621 fiat
450 596 514 634 per
546 583 742 621 Ministros
770 595 813 619 ac
841 581 1014 619 Seniores
1034 581 1211 620 ecclesiae
1231 595 1316 620 cum
1332 585 1671 630 excommunicem,

184 651 425 698 posteaquam
454 647 732 698 resipiscentiae
760 660 861 698 spem
891 647 991 692 fecit,
1017 650 1218 697 antequam
1251 647 1296 685 atl
1326 649 1514 698 publicam
1539 648 1671 699 poeni-

180 711 340 765 tentiam
368 712 600 750 admittatur.
1321 715 1407 750 369.
1437 715 1498 751 20.
1528 716 1583 761 (A
1613 714 1671 761 7³)

135 775 335 814 Quomodo
374 776 529 826 quisque
565 776 605 813 in
632 775 801 812 Ecclesia
830 788 917 825 erga
945 775 1292 813 excommunicatos
1319 776 1471 814 affectus
1499 790 1578 815 esse
1605 777 1670 814 (lc-

186 840 281 878 beat.
1491 843 1576 879 361.
1634 843 1668 879 5.

877 969 923 1007 R.

133 1099 245 1138 Ratio
274 1112 318 1137 ac
336 1099 455 1136 forma
474 1097 644 1149 publicae
661 1097 912 1149 poenitentiae
931 1101 1018 1136 ante
1037 1100 1474 1140 excommunicationem.
1503 1104 1590 1141 304.
1610 1106 1670 1141 19.

132 1165 244 1203 Ratio
271 1163 460 1202 tractandi
487 1164 689 1214 scripturas
717 1163 756 1201 in
786 1163 1045 1202 concionibus.
1516 1171 1575 1206 60,
1632 1172 1668 1207 5,

133 1229 386 1281 Reprehensio
423 1228 543 1279 prima
579 1228 743 1266 accusati
779 1228 937 1266 alicuius
964 1229 1092 1266 fratris
1119 1242 1185 1280 per
1215 1230 1412 1269 Ministros
1441 1237 1476 1270 et
1506 1234 1669 1271 seniores

184 1294 225 1332 in
253 1297 360 1332 coetu
385 1293 566 1344 ipsorum.
1492 1301 1579 1336 295.
1610 1301 1670 1339 17.

132 1359 242 1397 Ritus
275 1362 385 1410 atque
420 1358 512 1395 ordo
550 1357 774 1396 concionum
810 1358 1046 1409 popularium
1082 1359 1294 1398 Dominicis
1330 1365 1366 1400 et
1394 1363 1498 1400 festis
1526 1363 1667 1415 alioqui

185 1423 329 1462 diebus.
1517 1431 1578 1466 59.
1634 1430 1669 1469 7.

134 1490 245 1527 Ritus
274 1501 408 1526 coenae
435 1488 656 1526 Dominicae
684 1488 852 1526 Ecclesia
878 1490 1160 1540 peregrinorum
1188 1491 1366 1532 Londini.
1490 1495 1574 1532 138.
1606 1496 1666 1533 12.

135 1554 245 1591 Ritus
274 1553 524 1602 coniungendi
551 1553 698 1604 publice
726 1553 977 1592 matrimonia.
1489 1561 1575 1599 575.
1606 1562 1668 1598 23.

134 1618 246 1656 Ritus
272 1617 433 1667 eligendi
461 1631 590 1655 omnes
617 1618 656 1655 in
684 1631 818 1666 genere
845 1618 1052 1657 ministros.
1515 1626 1575 1661 38.
1606 1626 1666 1662 11.

134 1681 246 1718 Ritus
272 1681 435 1729 eligendi
463 1681 850 1731 Superintendentem.
1514 1690 1576 1725 44,
1635 1690 1667 1725 1,

136 1746 245 1783 Ritus
271 1745 447 1795 exigendi
474 1750 585 1796 atque
613 1746 823 1797 explicandi
850 1746 1007 1784 minoris
1036 1747 1274 1785 Catechismi.
1516 1754 1575 1789 91.
1632 1754 1666 1790 1.

134 1810 244 1848 Ritus
272 1810 444 1859 exigendi
471 1815 581 1861 atque
610 1811 820 1862 explicandi
848 1811 999 1849 maioris
1029 1812 1268 1850 Catechismi.
1514 1819 1574 1854 98.
1633 1819 1666 1857 7.

134 1874 244 1912 Ritus
271 1874 522 1923 inaugurandi
549 1874 751 1914 Diaconos.
1514 1883 1576 1918 48.
1608 1884 1667 1920 15.

135 1939 245 1976 Ritus
262 1938 513 1988 inaugurandi
526 1938 724 1977 Ministros
744 1939 846 1977 verbi
864 1942 1013 1991 post(A
1028 1941 1086 1988 7¹³)
1107 1954 1235 1979 eorum
1255 1942 1485 1981 electionem.
1514 1948 1576 1982 46.
1607 1947 1666 1983 18.

133 2003 244 2041 Ritus
270 2003 522 2053 inaugurandi
548 2004 791 2054 Presbyteros
819 2010 904 2055 post
930 2018 1059 2042 eorum
1088 2006 1319 2045 electionem.
1513 2011 1575 2046 42.
1631 2013 1665 2047 9.

136 2067 244 2106 Ritus
272 2068 474 2119 recipiendi
501 2082 629 2106 rursus
656 2069 694 2106 in
723 2069 929 2107 Ecclesiam
958 2071 1301 2109 excommunicatos
1328 2077 1414 2123 post
1440 2073 1524 2109 data
1545 2074 1667 2111 mani-

185 2131 279 2168 festa
307 2131 414 2179 signa
441 2145 547 2169 verae
573 2132 862 2183 resipiscentiae.
1487 2140 1574 2175 368.
1606 2140 1666 2177 10.

137 2195 247 2233 Ritus
275 2196 475 2246 sepeliendi
504 2201 684 2235 mortuos.
1486 2205 1574 2240 634.
1631 2206 1666 2242 5.

881 2328 920 2365 S.

134 2453 374 2490 Sacramenta
402 2453 489 2503 quid
519 2453 594 2490 sint
621 2466 824 2505 eorumque
853 2454 1002 2494 divisio,
1489 2463 1573 2502 179,
1605 2466 1665 2502 10,

136 2517 331 2554 Scniorum
358 2531 495 2555 munus
523 2521 559 2555 et
596 2519 846 2563 autoritatem,
880 2521 961 2558 vide
987 2523 1050 2558 sub
1078 2534 1160 2560 voce.
1188 2523 1504 2573 Presbyterorum.

133 2582 289 2630 Signum
318 2582 505 2633 Baptismi
533 2583 634 2633 quod
663 2584 723 2621 sit.
1487 2593 1572 2630 205.
1603 2596 1666 2632 24.

134 2646 290 2694 Signum
321 2647 466 2683 Coenae
495 2646 714 2685 Dominicae
742 2649 843 2699 quod
872 2649 932 2687 sit.
1487 2657 1573 2693 204.
1604 2659 1666 2695 23.

136 2710 295 2758 Signum
324 2710 630 2748 Circumcisionis
659 2712 759 2762 quod
789 2718 880 2751 erat.
1492 2721 1577 2757 205.
1606 2723 1665 2760 13.

133 2774 288 2822 Signum
316 2774 508 2812 Paschalis
537 2776 682 2814 Coenae
709 2777 811 2828 quod
838 2782 929 2816 erat.
1482 2785 1572 2822 205.
1601 2786 1662 2824 18.

132 2838 459 2888 Superintendenti
488 2841 701 2891 peculiaria.
1120 2847 1182 2884 20.
1213 2848 1274 2884 24.
1329 2848 1391 2884 42.
1423 2848 1457 2886 7.
1511 2850 1572 2886 43.
1603 2851 1663 2888 16.
