1830 3147
1637 93 1710 130 139

175 199 241 250 qui
277 212 425 239 omnem
462 202 626 237 nostram
657 200 789 250 puniat
829 199 1123 238 inobedientiam
1148 200 1253 239 iuxta
1280 205 1470 240 aeternum
1500 205 1611 253 atque
1639 202 1711 240 im·

176 265 354 302 mutabile
389 264 578 302 decretum
614 277 702 302 suae
730 264 990 302 sanctissimae
1019 265 1237 305 voluntatis.
1290 265 1437 318 Nempe
1464 270 1505 304 ut
1532 279 1614 304 eam
1641 279 1713 305 no·

175 333 289 368 stram
325 328 631 373 inobedientiam,
669 343 762 380 quae
798 343 819 367 a
857 330 1070 368 contumaci
1096 344 1326 382 prorsusque
1353 331 1485 370 rebelli
1525 345 1568 369 ac
1597 330 1712 370 desti-

175 399 263 432 nato
301 394 455 432 omnino
487 398 709 447 ‚contemptu
747 394 816 432 Dei
853 395 1025 445 provenit
1061 401 1211 447 aeterna
1247 396 1369 434 nostri
1397 397 1712 435 condemnatione

174 461 323 511 plectat.
378 460 486 498 Quae
531 473 617 497 vero
660 460 708 497 ab
755 460 894 498 adnata
940 460 1049 498 nobis
1083 461 1303 499 infirmitate
1338 462 1605 512 proficiscitur,
1640 463 1711 501 sub

174 537 286 576 quam
321 523 461 575 alioqui
497 537 627 561 omnes
663 524 776 575 primi
811 525 974 576 parentis
1017 524 1138 562 nostri
1173 529 1326 575 peccato
1366 526 1533 564 conclusi
1569 540 1713 573 sumus,

171 601 252 626 eam
281 601 368 625 sane
394 588 434 626 in
463 588 652 626 Christum
680 588 886 627 Dominum
913 589 1147 634 translatam,
1168 589 1478 629 innocentissimo
1497 591 1711 640 e-(193)ius

176 652 357 702 sanguine
394 652 504 690 etiam
535 652 724 704 expiatam
753 653 875 692 modis
903 653 1080 691 omnibus
1107 666 1187 691 esse
1215 653 1317 692 velit.
1372 653 1421 692 Et
1447 655 1606 705 proinde
1632 667 1713 693 esse

173 721 395 755 servatorem
425 721 595 755 nostrum
623 717 1015 763 beneficentissimum,
1043 722 1094 764 ut,
1122 717 1192 755 etsi
1220 731 1289 756 nos
1316 730 1446 756 omnes
1474 719 1520 756 ad
1549 719 1710 769 gloriam

173 781 302 819 Divini
347 781 405 819 sui
449 782 614 819 nominis
652 782 722 819 sub
760 786 954 833 peccatum
1000 781 1240 827 concluserit,
1275 782 1372 821 nolit
1407 787 1533 821 tamen
1569 783 1711 822 interea

172 852 331 884 mortem
365 847 583 897 peccatoris,
621 847 684 885 sed
720 847 844 898 potius
881 851 923 886 ut
959 846 1154 899 resipiscat
1190 851 1226 885 et
1253 847 1367 894 vivat,
1394 848 1710 899 quemadmodum

175 924 240 962 per
266 911 494 962 Prophetam
519 915 677 950 testatur
708 913 749 960 ¹).

224 976 369 1014 Deinde
405 981 577 1015 monetur
613 977 794 1022 Ecclesia,
827 981 870 1015 ut
906 991 974 1015 nos
1009 977 1111 1028 ipsos
1147 977 1259 1016 etiam
1286 978 1536 1029 exploremus,
1561 983 1710 1030 postea-

172 1058 285 1096 quam
321 1045 506 1083 eiusmodi
544 1046 615 1082 iam
651 1045 909 1083 testimonium
947 1045 992 1083 de
1018 1045 1098 1083 Deo
1128 1045 1284 1097 Optimo
1315 1045 1482 1084 Maximo
1511 1047 1611 1085 intra
1638 1059 1711 1084 nos

172 1108 245 1159 ipsi
281 1122 364 1147 vere
401 1109 593 1153 sentimus,
630 1123 719 1147 num
757 1110 797 1147 in
835 1110 946 1148 corde
992 1114 1121 1148 nostro
1157 1110 1269 1148 etiam
1307 1123 1389 1148 vere
1425 1115 1461 1148 et
1498 1123 1543 1148 ex
1579 1111 1709 1149 animo

171 1176 423 1225 profiteamur,
453 1188 521 1212 nos
548 1176 658 1226 plane
685 1180 899 1226 peccatores
936 1179 971 1213 et
999 1176 1100 1214 aliud
1131 1175 1225 1213 nihil
1254 1176 1409 1213 omnino
1439 1189 1549 1227 quam
1578 1189 1710 1228 pecca-

171 1242 269 1276 tores
298 1251 398 1276 esse:
427 1252 474 1276 an
502 1252 588 1276 vero
618 1240 693 1276 ulla
721 1239 843 1277 adhuc
871 1240 1090 1277 meritorum
1119 1244 1336 1278 nostrorum
1365 1245 1589 1291 nostraeque
1616 1254 1709 1292 qua-

169 1302 368 1353 liscunque
404 1303 599 1353 dignitatis
627 1304 804 1355 opinione
831 1304 870 1341 in
899 1309 1029 1343 nostro
1058 1304 1184 1342 animo
1214 1304 1314 1342 intra
1343 1318 1412 1343 nos
1440 1305 1709 1357 quoquomodo

168 1368 375 1407 titillemur.

221 1434 414 1471 Postremo
451 1437 624 1471 monetur
659 1433 840 1480 Ecclesia,
876 1438 917 1472 ut
954 1447 1023 1472 nos
1060 1435 1162 1485 ipsos
1189 1435 1438 1485 exploremus,
1464 1439 1709 1486 posteaquam

172 1512 241 1537 nos
278 1499 381 1537 aliud
418 1499 514 1536 nihil
547 1513 656 1550 quam
686 1505 899 1550 peccatores
928 1513 1006 1538 esse
1040 1500 1275 1549 agnovimus,
1311 1505 1423 1551 atque
1459 1501 1531 1538 boc
1558 1501 1710 1539 nomine

174 1577 243 1601 nos
280 1563 380 1614 ipsos
407 1568 528 1601 morte
555 1567 704 1601 aeterna.
733 1565 868 1613 dignos
897 1578 975 1603 esse
1002 1565 1263 1604 iudicavimus.
1319 1567 1420 1604 Num
1448 1566 1599 1604 interim
1629 1580 1707 1605 cer-

171 1633 248 1666 tam
295 1628 458 1679 aliquam
504 1629 680 1666 fiduciam
726 1629 985 1674 nihilominus,
1031 1643 1106 1668 non
1144 1631 1317 1682 equidem
1352 1632 1393 1668 in
1439 1632 1549 1669 nobis
1585 1632 1708 1671 ullave

169 1696 274 1743 parte
308 1693 441 1737 nostri,
477 1692 540 1730 sed
577 1693 616 1730 in
654 1694 724 1730 Dei
760 1694 823 1731 illa
860 1695 969 1745 plena
1007 1695 1276 1734 consolationis
1313 1696 1574 1747 promissione,
1609 1697 1708 1735 intra

169 1771 238 1796 nos
266 1757 339 1808 ipsi
365 1757 404 1795 in
433 1757 543 1795 corde
571 1762 699 1795 nostro
729 1759 949 1798 sentiamus.
979 1762 1091 1808 (194)
1157 1760 1270 1798 Quod
1299 1760 1378 1811 ipse
1415 1761 1587 1799 videlicet
1622 1775 1707 1800 vere

169 1823 265 1861 nolit
308 1828 464 1860 mortem
510 1823 716 1874 peccatoris
754 1826 829 1875 {pro
875 1838 942 1862 sua
984 1824 1165 1862 ineffabili
1214 1825 1485 1869 misericordia,
1530 1826 1594 1863 sed
1638 1839 1706 1877 po-

167 1889 242 1927 tius
285 1893 324 1927 ut
372 1890 565 1939 resipiscat
607 1893 642 1927 et
689 1889 802 1928 vivat.
853 1890 946 1927 Eam
985 1903 1095 1941 porro
1144 1904 1246 1928 suam
1293 1891 1580 1942 promissionem
1622 1905 1706 1929 cum

169 1966 245 1990 non
291 1953 381 1990 alibi
425 1953 652 2004 praestiterit
696 1953 809 1999 Deus,
845 1968 955 2005 quam
991 1954 1030 1991 in
1078 1956 1275 2004 unigenito
1322 1969 1388 1993 suo
1435 1957 1511 1994 filio
1552 1957 1704 1995 Christo

169 2018 268 2063 Iesu,
304 2031 380 2056 non
418 2018 508 2055 alibi
545 2031 614 2056 nos
651 2018 761 2056 etiam
799 2019 976 2057 fiduciam
1012 2025 1180 2058 nostram
1218 2021 1263 2058 de
1300 2020 1370 2058 hac
1404 2021 1474 2059 Dei
1510 2021 1705 2073 promissi-

169 2095 240 2119 one
285 2082 476 2132 explorare
511 2083 611 2120 intra
649 2096 718 2120 nos
754 2096 968 2134 possumus,
1014 2089 1077 2122 aut
1113 2085 1274 2131 facilius,
1309 2089 1374 2123 aut
1410 2086 1521 2123 etiam
1557 2075 1706 2133 certius,

168 2160 281 2198 quam
321 2147 361 2184 in
397 2152 570 2184 accurata
605 2161 649 2185 ac
693 2148 867 2197 diligenti
913 2149 1178 2187 beneficiorum
1214 2164 1234 2188 a
1272 2151 1422 2188 Christo
1461 2151 1625 2189 Domino
1663 2152 1702 2190 in

168 2225 237 2250 nos
268 2211 489 2249 collatorum
517 2213 761 2262 reputatione.
826 2213 873 2250 In
903 2214 1051 2251 Christo
1082 2228 1243 2265 namque
1272 2215 1434 2253 Domino
1465 2216 1545 2253 solo
1575 2229 1703 2255 omnes

168 2276 300 2313 salutis
328 2280 475 2313 nostrae
502 2276 768 2326 promissiones
797 2290 903 2314 suum
933 2279 1055 2315 Amen
1092 2292 1272 2329 suumque
1300 2279 1425 2317 Etiam
1453 2280 1702 2319 obtinuerunt

167 2345 277 2392 alque
304 2340 343 2378 in
372 2345 560 2378 aeternum
588 2340 814 2378 obtinebunt
829 2343 875 2390 2).
922 2329 987 2379 ‘Et
1021 2342 1082 2380 hic
1127 2347 1181 2380 est
1218 2344 1353 2381 unicus
1398 2344 1462 2382 ille
1489 2345 1700 2383 animarum

165 2409 379 2443 nostrarum
416 2405 534 2449 cibus,
570 2405 609 2442 in
646 2418 720 2455 quo
750 2406 859 2444 nobis
887 2407 996 2444 Pater
1024 2407 1125 2445 Deus
1161 2421 1291 2446 omnes
1320 2422 1405 2447 suas
1433 2410 1701 2460 promissiones

166 2483 389 2521 omnemque
425 2469 516 2507 adeo
559 2474 727 2508 nostram
757 2471 911 2509 salutem
940 2472 986 2509 ab
1016 2476 1166 2510 aeterno
1196 2473 1424 2523 obsignavit,
1450 2475 1633 2513 translata
1660 2475 1701 2513 in

165 2535 288 2585 ipsum
325 2534 497 2572 videlicet
534 2538 611 2572 tota
647 2535 791 2586 peccati
819 2536 949 2582 nostri,
988 2537 1170 2585 sanguine
1199 2550 1264 2574 suo
1293 2537 1605 2576 innocentissimo
1635 2553 1699 2577 cx-

163 2598 267 2649 piati,
295 2598 618 2636 condemnatione.
674 2598 732 2635 Ad
772 2599 868 2637 hanc
895 2601 1005 2638 talem
1034 2601 1148 2649 igitur
1188 2601 1345 2639 fiduciae
1384 2606 1534 2640 nostrae
1561 2603 1602 2640 in
1629 2603 1700 2641 Di-

165 2663 252 2699 vina
279 2662 343 2698 illa
369 2662 619 2713 promissione
646 2663 940 2714 explorationem
969 2665 1154 2702 excitatur
1183 2665 1352 2703 Ecclesia
1392 2680 1457 2717 pcr
1484 2671 1697 2705 accuratam

163 2726 371 2777 seriamque
397 2739 440 2764 ac
468 2726 684 2776 diligentem
712 2727 976 2766 beneficiorum
1005 2728 1145 2767 Christi
1172 2729 1456 2781 reputationem.

207 2852 232 2891 ¹)
255 2851 368 2884 Ezech.
392 2852 440 2884 18.
817 2855 845 2894 2)
870 2855 888 2885 2
912 2855 985 2887 Cor.
1012 2856 1039 2888 1.
