1830 3147
171 136 217 170 54

174 245 266 283 sime
301 245 469 294 peccant.
524 234 695 275 Peccant
717 242 752 274 et
787 236 827 273 in
864 236 982 286 ipsam
1021 233 1239 277 Ecclesiam,
1270 233 1357 269 dum
1384 232 1485 268 illam
1515 230 1551 268 in
1582 230 1705 281 publi-

171 322 214 347 co
252 309 299 357 (C
326 308 385 354 4²¹)
413 305 490 342 eius
533 301 742 340 ministerio
779 301 933 352 privatis
971 300 1046 337 suis
1081 299 1247 350 ipsorum
1285 296 1490 342 affectibus,
1526 300 1706 346 tanquam

170 374 288 425 ipsius
318 370 471 416 domini,
506 367 712 406 subiectam
739 366 876 403 habere
904 370 1101 403 conantur.
1159 363 1231 400 Sed
1259 362 1378 400 multo
1406 361 1529 398 adhuc
1554 360 1707 410 gravius

173 440 341 490 peccant,
385 433 448 485 qui
486 431 590 470 verbi
625 429 873 468 ministerium
916 429 955 466 in
1002 427 1171 465 Ecclesia
1215 429 1461 463 contemnunt
1503 424 1628 461 rident
1672 427 1707 461 et

174 501 389 540 traducunt.
438 495 632 547 Quicquid
667 495 764 533 enim
795 494 906 532 huius
935 493 1079 530 faciunt
1104 491 1181 535 isti,
1209 491 1245 527 id
1274 494 1395 527 totum
1422 489 1464 526 in
1492 487 1562 526 Dei
1587 487 1707 539 ipsius

176 563 441 604 contumeliam
476 561 672 606 redundat,
707 559 780 611 qui,
816 560 855 596 in
885 557 1074 595 Ecclesiae
1104 569 1190 593 suae
1217 554 1426 592 ministerio
1455 554 1512 591 vel
1541 557 1708 590 contem-

176 632 278 670 nitur
305 630 364 667 vel
390 629 610 670 honoratur,
635 625 736 663 unde
763 625 876 662 etiam
904 624 1034 660 Petrus
1070 621 1275 672 Apostolus
1308 619 1346 657 in
1376 618 1567 668 arguendo
1605 620 1710 655 Ana-

173 696 236 734 nia
273 697 528 744 contemptum
572 690 629 728 sui
665 688 865 727 ministerii
900 688 940 724 in
977 686 1159 737 Spiritum
1189 689 1358 722 sanctum
1386 684 1566 721 transfert
1596 683 1640 730 ¹),
1674 686 1711 720 et

174 760 386 812 Stephanus
431 761 555 808 aperte
592 756 711 800 docet,
746 752 982 791 Pharisuicos
1020 751 1106 787 illos
1147 749 1392 786 Sacerdotum
1430 747 1623 798 Principes
1668 746 1708 783 in

172 821 436 876 persequendis
475 820 543 858 Dei
579 818 791 869 Prophetis,
825 829 902 853 non
940 821 1016 852 tarn
1056 812 1255 864 Prophetis
1292 811 1397 862 ipsis,
1435 824 1550 862 quam
1587 810 1712 861 potius

178 889 334 942 Spiritui
361 890 490 925 sancto
507 885 688 923 restitisse
697 885 741 931 ⁵²).
772 881 951 920 Omnium
970 888 1092 918 autem
1116 879 1336 929 gravissime
1354 892 1508 930 peccare
1525 879 1712 922 dicuntur,

177 956 241 1008 qui
269 968 348 994 scsc
375 953 523 1004 ipsimet
550 950 595 988 ad
626 947 871 987 ministerium
889 946 1082 984 insinuare
1101 950 1223 996 atque,
1243 944 1411 981 Balaami
1431 943 1613 994 exemplo,
1635 956 1712 981 non

179 1035 274 1074 quae
294 1021 364 1059 Dei
391 1022 489 1063 sunt,
517 1017 581 1054 sed
607 1029 673 1053 sua
700 1014 825 1065 potius
853 1015 1085 1063 quaerentes,
1111 1009 1208 1047 illud
1237 1014 1409 1060 appetere
1427 1009 1644 1046 invidentur
1666 1006 1712 1055 3).

229 1086 376 1125 Deinde
410 1082 608 1135 exponitur
645 1080 803 1117 officium
844 1074 1107 1115 Ministrorum
1141 1075 1245 1113 verbi
1280 1075 1320 1112 in
1364 1074 1572 1112 ministerio
1609 1074 1713 1125 ipso·

180 1167 276 1198 rum,
317 1163 448 1202 nempe
483 1149 572 1186 haec
605 1146 682 1184 illis
718 1147 830 1196 (quae
867 1143 1090 1194 sequuntur)
1125 1153 1192 1192 pro
1229 1154 1374 1178 summa
1409 1140 1577 1191 ipsorum
1616 1139 1714 1176 virili

183 1215 408 1271 praestanda
435 1227 535 1253 esse:

232 1285 266 1321 1.
306 1286 358 1326 ut,
395 1275 709 1332 quemadmodum
745 1273 850 1312 verbi
883 1271 1025 1317 Divini,
1065 1284 1141 1309 non
1169 1274 1292 1309 autem
1321 1270 1568 1308 humanarum
1597 1268 1716 1306 tradi·

181 1349 325 1386 tionum
349 1345 476 1392 Mi-(C
493 1341 666 1391 4b)nistri
694 1343 875 1377 vocantur
892 1338 937 1386 ⁴),
963 1337 1015 1375 ita
1042 1350 1172 1388 puram
1201 1336 1312 1373 etiam
1331 1341 1443 1386 atque
1459 1335 1716 1385 incorruptam

183 1411 382 1450 doctrinan
417 1407 535 1446 Verbi
571 1405 701 1451 divini,
736 1408 836 1441 recte
870 1402 964 1440 illud
1001 1406 1178 1447 secantes,
1217 1401 1407 1438 Ecclesiae
1435 1413 1522 1437 suae
1550 1399 1716 1441 tradant,

183 1491 261 1516 non
290 1477 541 1527 cauponantes
570 1484 688 1522 neque
716 1469 968 1507 adulterantes
995 1467 1088 1505 illud
1116 1467 1194 1504 ullo
1215 1465 1384 1514 mod05).
1416 1465 1519 1503 Quid
1534 1464 1633 1502 enim
1650 1478 1717 1515 pa-

184 1542 251 1580 leis
280 1553 364 1578 cum
392 1537 546 1576 tritico?

237 1611 272 1645 2.
308 1609 350 1643 ut
386 1603 542 1641 Divinas
577 1599 834 1638 institutiones
881 1596 1178 1642 Ecclesiasticas,
1223 1609 1316 1647 quas
1364 1596 1606 1633 Sacramenta
1652 1608 1718 1631 vo·

188 1684 328 1716 camuS,
362 1667 521 1706 fideliter
557 1679 600 1703 ac
638 1664 847 1713 diligenter,
893 1663 945 1700 ita
989 1667 1031 1699 ut
1067 1666 1153 1699 sunt
1190 1661 1396 1704 institutae,
1443 1660 1719 1704 administrent,

186 1737 335 1787 vimque
372 1738 541 1771 naturam
579 1743 621 1768 ac
657 1729 878 1778 dignitatem
905 1728 1056 1764 illorum
1083 1740 1208 1764 veram
1237 1726 1428 1763 Ecclesiae
1457 1725 1586 1763 sedulo
1616 1738 1718 1762 com-

187 1800 365 1839 mendent
392 1802 426 1836 et
452 1797 654 1834 inculcent.

239 1868 275 1904 3.
312 1867 353 1901 ut
390 1860 625 1900 concreditae
662 1859 733 1898 sibi
769 1857 960 1896 Ecclesiae
1003 1870 1128 1894 curam
1163 1869 1238 1893 una
1276 1868 1359 1893 cum
1395 1854 1548 1905 reliquis
1588 1854 1720 1892 Senio-

189 1929 293 1966 ribus
322 1940 385 1966 seu
411 1925 643 1976 Presbyteris
672 1923 835 1961 habeant
864 1935 947 1960 cum
976 1922 1079 1959 omni
1108 1920 1304 1969 diligentia
1332 1933 1374 1957 ac
1401 1919 1475 1957 fide
1491 1922 1535 1966 ἒ).
1561 1933 1627 1970 per
1654 1920 1721 1957 ad·

187 1993 415 2033 monitiones
453 1989 729 2028 consolationes
766 1986 1074 2039 reprehensiones
1102 1990 1137 2023 et
1164 1985 1372 2035 legitimum
1402 1984 1619 2035 disciplinae
1647 1983 1719 2021 Ec-

186 2059 414 2098 clesiasticae
440 2070 551 2095 usum
576 2056 680 2093 iuxta
709 2053 862 2091 verbum
892 2052 962 2090 Dei
993 2052 1038 2100 ⁷).

236 2130 272 2164 4.
310 2128 352 2162 ut
398 2136 462 2160 ora
498 2120 795 2159 adversariorum
832 2117 1000 2155 omnium
1037 2117 1176 2155 virtute
1223 2120 1335 2167 atque
1372 2115 1572 2153 autoritate
1619 2114 1723 2152 verbi

188 2189 318 2229 Divini
355 2189 458 2226 cuius
492 2190 578 2224 sunt
616 2184 782 2223 Ministri
824 2184 1023 2221 obstruant
1062 2182 1108 2220 ad
1137 2181 1327 2219 Ecclesiae
1355 2180 1651 2218 aedificationem
1678 2181 1725 2228 ⁸),

187 2266 411 2305 gregemque
448 2264 556 2289 suum
592 2263 613 2288 a
652 2250 741 2286 feris
779 2248 978 2299 noxiisque
1014 2247 1144 2284 bestiis
1181 2245 1354 2296 dissipari
1390 2258 1433 2282 ac
1469 2244 1618 2295 depasci
1644 2257 1722 2282 non

192 2319 318 2356 sinant
337 2318 383 2365 9),
411 2316 475 2353 sed
502 2314 549 2352 ab
578 2314 631 2352 eis
658 2313 762 2350 illum
790 2311 949 2350 fideliter
965 2323 1008 2348 ac
1028 2310 1225 2359 diligenter
1244 2312 1522 2360 praemoneant,
1541 2307 1723 2358 siquidem

190 2382 331 2420 nullam
370 2393 471 2431 spem
507 2377 785 2429 resipiscentiae
812 2375 977 2421 videant,
1013 2379 1048 2412 et
1082 2373 1249 2412 Ecclesia
1277 2373 1324 2411 ab
1350 2373 1442 2424 ipsis
1469 2386 1535 2423 per
1560 2372 1725 2423 privatas

194 2444 470 2484 admonitiones
496 2442 648 2481 liberari
673 2454 751 2479 non
778 2441 826 2489 (C
856 2441 914 2487 5³)
942 2439 1073 2490 possit.

243 2514 277 2549 5.
315 2516 356 2547 ut
393 2508 484 2546 haec
527 2507 653 2546 omnia
689 2509 890 2558 praestent,
927 2517 1004 2542 non
1031 2507 1213 2555 tanquam
1242 2501 1448 2540 dominium
1478 2501 1550 2538 sibi
1578 2501 1617 2538 in
1648 2500 1722 2538 Ec-

192 2575 343 2614 clesiam
377 2573 493 2611 ullum
530 2576 768 2623 usurpantes,
814 2570 879 2608 sed
921 2574 1102 2619 tanquam
1140 2567 1306 2606 Ministri
1342 2566 1482 2618 ipsius,
1517 2571 1558 2604 ut
1599 2566 1724 2616 gregis

191 2638 429 2691 exemplaria,
455 2651 475 2675 a
503 2638 644 2688 Spiritu
673 2640 802 2674 saneto
830 2635 870 2671 in
897 2633 970 2671 hoc
999 2635 1203 2671 constituta
1225 2632 1282 2681 ¹⁰).

237 2816 261 2853 ¹)
285 2815 355 2845 Act.
379 2812 407 2843 5.
582 2809 608 2848 ²)
632 2808 702 2839 Act.
726 2806 755 2839 7.
926 2805 952 2844 3)
976 2803 1070 2835 Num.
1095 2804 1144 2835 2⁶2.
1190 2804 1208 2834 2
1232 2803 1300 2834 Pet.
1325 2802 1353 2833 2.
1398 2801 1509 2833 audac.
1555 2801 1673 2842 Philip.
1697 2801 1726 2832 Ξ.

237 2871 264 2908 ⁴)
286 2867 390 2900 Math.
413 2866 462 2897 20.
508 2864 624 2906 Ephes.
647 2863 677 2894 4.
778 2862 804 2901 5)
829 2862 847 2892 2
871 2860 952 2892 Tim.
976 2860 1005 2891 2.
1050 2860 1163 2891 Iercm.
1187 2859 1236 2890 23.
1326 2858 1353 2898 6)
1379 2858 1395 2889 1
1420 2857 1489 2888 Pet.
1514 2857 1541 2889 5.
1585 2856 1655 2888 Act.
1678 2857 1731 2890 20.

232 2926 260 2968 ⁷)
284 2924 303 2954 2
326 2922 374 2955 Ti.
398 2922 426 2955 3.
449 2921 478 2953 4.
586 2919 614 2960 ⁸)
637 2917 701 2950 Tit.
725 2917 754 2951 1.
859 2916 888 2955 ⁹)
912 2916 984 2947 Act.
1007 2915 1057 2947 20.
1166 2912 1208 2953 ¹⁰)
1236 2913 1250 2944 l
1274 2913 1345 2945 Pet.
1368 2913 1396 2945 5.
