1830 3147
571 121 684 151 conr.
714 122 822 152 acor„
850 123 967 152 noun.
1395 115 1468 154 337

117 225 183 262 uA
219 237 378 275 quorum
416 237 584 269 numero,
619 228 663 262 ut
699 238 768 263 nos
795 225 938 263 alienos
965 238 1045 263 esse
1074 228 1337 270 contestemur,
1366 238 1470 263 sum-

61 301 160 327 mam
197 294 348 328 nostrae
381 288 470 327 fidei
504 288 655 340 publice
688 292 725 328 et
760 303 805 328 ex
841 289 967 328 animo
1003 290 1264 341 profitebimur
1297 290 1337 329 in
1366 289 1470 328 hunc

61 353 233 392 modum:
252 374 255 377 s

115 499 133 516 n
145 481 265 520 Credo
284 481 322 519 in
344 480 464 519 Deum
484 481 631 520 Patrem
650 481 1174 533 omnipotentem,creatorem
1184 482 1277 519 coeli
1287 485 1324 521 et
1333 486 1466 522 terrae.

111 547 161 586 Et
186 547 226 585 in
254 547 380 585 Iesum
409 547 601 586 Christum
628 548 749 586 filium
777 549 857 587 eius
886 548 1038 586 unicum
1058 547 1262 586 Dominum
1281 552 1465 587 nostrum.

111 612 190 650 Qui
217 615 420 663 conceptus
448 615 504 650 est
533 612 577 650 de
605 612 751 664 Spiritu
777 614 930 657 Sancto,
958 617 1068 652 natus
1095 626 1140 651 ex
1169 612 1291 651 Maria
1309 610 1466 663 virgine.

110 676 247 715 Passus
276 676 347 715 sub
376 677 514 716 Pontio
542 677 681 724 Pilato,
708 678 923 724 crucifixus,
949 682 1119 716 mortuus
1145 682 1181 716 et
1209 679 1389 729 sepultus.

107 743 193 790 (44)
221 740 426 779 Descendit
451 741 500 779 ad
524 741 686 787 inferna,
714 742 841 780 Tertia
870 742 940 780 Die
966 743 1169 780 resurrexit
1196 756 1216 780 a
1243 742 1416 782 mortuis.

110 805 292 844 Ascendit
320 805 366 844 ad
396 806 532 853 coelos,
551 806 654 845 sedet
673 807 718 844 ad
741 807 928 846 dexteram
951 807 1021 845 Dei
1040 807 1162 846 Patris
1182 807 1463 859 omnipotentis.

107 869 203 907 Inde
229 873 409 908 venturus
437 874 493 908 est
520 870 568 908 ad
594 869 840 909 iudicandum
869 871 974 909 vivos
1001 875 1038 910 et
1066 874 1247 910 mortuos.

109 934 229 972 Credo
257 934 297 973 in
327 935 507 986 Spiritum
538 935 730 982 Sanctum,

107 999 285 1037 Sanctam
310 999 519 1037 Ecclesiam
548 999 796 1046 Catholicam,

108 1063 333 1101 Sanctorum
362 1063 678 1110 communionem,

107 1127 380 1166 Remissionem
408 1132 660 1179 peccatorum,

107 1193 240 1231 Carnis
267 1192 593 1236 resurrectionem,

108 1257 156 1295 Et
183 1257 297 1295 vitam
324 1261 526 1296 aeternam.
555 1256 719 1295 Amen.''

110 1449 181 1487 His
216 1449 401 1487 absolutis
438 1449 607 1500 sequitur
633 1448 754 1487 oratio
782 1461 850 1500 pro
878 1449 1057 1486 omnibus
1084 1448 1275 1487 Ecclesiae
1300 1450 1465 1487 necessi-

56 1513 221 1551 tatibus:

110 1577 405 1629 nOmnipotens,
442 1578 622 1617 Coelestis
649 1591 693 1616 ac
721 1578 936 1616 Misericors
963 1578 1092 1616 Pater!
1126 1582 1369 1629 posteaquam
1396 1592 1465 1630 pro

56 1642 203 1680 infinita
238 1646 302 1680 tua
338 1642 597 1681 misericordia
634 1656 704 1681 nos
740 1656 761 1681 e
795 1642 959 1681 tenebris
995 1642 1234 1691 ignorantiae
1268 1655 1312 1680 ac
1339 1643 1464 1680 idolo-

55 1706 185 1744 latriae
220 1706 412 1744 Romanae
444 1706 605 1745 liberare
640 1706 819 1756 dignatus
847 1719 898 1751 es,
925 1706 1087 1744 revelato
1116 1706 1227 1744 nobis
1254 1706 1352 1744 inter
1381 1720 1463 1745 cae-

56 1775 154 1809 teros
191 1771 393 1820 Euangelii
428 1771 498 1808 filii
533 1771 591 1809 tui
625 1771 819 1821 mysterio,
856 1783 931 1821 quo
969 1770 1122 1808 nomine
1157 1771 1359 1809 immensas
1386 1772 1460 1809 tibi

56 1836 236 1874 habemus
262 1835 415 1885 gratias,
441 1848 684 1884 -rogamus
712 1839 748 1873 te
776 1835 974 1886 supplices,
999 1838 1042 1872 ut
1069 1848 1138 1872 nos
1157 1835 1278 1883 gratia
1299 1835 1464 1886 Spiritus

55 1900 110 1938 tui
137 1900 381 1937 corroborare
409 1899 587 1949 digneris,
615 1913 689 1950 quo
718 1899 831 1937 fidem
859 1898 1111 1937 Christianam
1139 1899 1185 1936 ad
1213 1900 1325 1937 finem
1347 1913 1465 1951 usque

58 1969 274 2003 constanter
302 1965 527 2002 retineamus
555 1964 724 2015 vitaeque
751 1964 890 2015 pietate
915 1963 1020 2001 illam
1049 1963 1314 2014 exprimamus.

110 2046 127 2062 n
138 2029 345 2074 Praeterea,
371 2033 412 2066 ut
441 2028 781 2066 Clementissimum
809 2027 1021 2078 Principem
1049 2032 1084 2065 et
1111 2027 1250 2077 Regem
1281 2033 1464 2075 nostrum,

56 2093 276 2131 Eduardum
311 2095 398 2141 (45)
435 2093 603 2139 Sextum,
639 2097 704 2130 tuo
733 2092 876 2143 potenti
906 2091 1074 2137 brachie,
1102 2104 1177 2142 quo
1206 2091 1386 2130 hactenus
1415 2093 1461 2130 il·

55 2159 133 2196 lum
161 2171 182 2195 a
210 2158 286 2195 suis
315 2170 357 2195 ac
382 2157 459 2195 tuis
487 2157 658 2195 hostibus
686 2162 828 2195 tutatus
856 2170 905 2203 es,
934 2156 1133 2194 defendere
1159 2162 1349 2209 perpetuo,
1377 2162 1461 2195 tuo·

55 2236 127 2274 que
164 2222 306 2273 Spiritu
333 2221 434 2259 illius
461 2226 624 2260 mentem
653 2222 708 2259 sic
734 2222 924 2259 illustrare
951 2220 1129 2270 digneris,
1157 2225 1210 2267 ut,
1237 2226 1300 2260 tua
1328 2222 1368 2260 in
1394 2222 1460 2259 illo

54 2288 175 2338 gratia
213 2300 294 2325 cum
338 2291 457 2324 aetate
484 2286 655 2331 adaucta,
681 2289 785 2335 regat
813 2285 990 2336 populum
1019 2298 1129 2322 suum
1158 2285 1226 2323 sub
1256 2286 1358 2336 Rege
1386 2286 1459 2324 Re·
1484 2294 1499 2325 1
1524 2295 1628 2327 Timo.
1651 2296 1680 2328 2.

53 2366 142 2403 gum
172 2352 335 2397 Christo,
361 2351 467 2389 iuxta
494 2351 650 2389 verbum
679 2355 799 2394 tuum,
828 2354 867 2388 ut
881 2349 1065 2400 placidam
1087 2349 1325 2401 quietamque
1343 2351 1459 2389 vitam

56 2431 139 2456 cum
176 2417 280 2455 omni
313 2416 450 2468 pietate
485 2419 522 2454 et
558 2415 751 2453 honestate
787 2414 835 2452 ad
862 2414 1134 2453 incrementum
1161 2414 1284 2464 Regni
1309 2415 1378 2453 filii
1404 2415 1459 2454 tui

55 2483 246 2533 degamus.

109 2546 295 2590 nDeinde,
331 2545 453 2597 ipsam
488 2544 600 2582 etiam
628 2543 782 2582 Domini
808 2544 923 2594 Regis
951 2544 1071 2583 nostri
1099 2543 1281 2582 familiam
1307 2548 1344 2583 et
1371 2545 1459 2583 reli-

55 2625 149 2664 quos
195 2610 317 2660 Regni
363 2609 473 2647 huius
518 2621 689 2660 proceres
736 2621 779 2646 ac
825 2608 1083 2658 Magistratus,
1127 2609 1167 2646 in
1204 2608 1335 2659 primis
1370 2623 1458 2648 vero

54 2675 388 2728 prudentissimum
434 2675 611 2712 Senatum
649 2673 821 2723 Regium,
873 2673 1015 2725 Spiritu
1052 2673 1199 2710 consilii
1232 2673 1458 2723 gubernato,

55 2753 99 2778 ac
134 2740 175 2778 in
211 2739 300 2777 Filii
333 2738 390 2777 tui
426 2751 512 2777 vera
548 2737 719 2775 doctrina
754 2741 790 2776 et
825 2737 1035 2776 animarum
1070 2741 1198 2775 mutua
1224 2737 1265 2775 in
1291 2737 1458 2778 Domino

57 2804 258 2843 concordia
286 2807 519 2842 conservato.

109 2868 321 2919 nPopulum
356 2867 446 2905 item
484 2866 606 2916 Regni
634 2865 743 2904 huius
771 2866 988 2905 universum
1016 2865 1115 2904 dona
1141 2868 1206 2904 tuo
1235 2866 1388 2917 Spiritu,
1413 2871 1457 2905 ut

106 2930 163 2973 II.
1255 2932 1304 2968 22
