1830 3147
1547 118 1618 160 117

79 246 221 286 iudicio
260 249 364 285 extra
402 245 556 285 verbum
584 245 656 284 Dei
683 243 850 298 speciosa
877 256 957 282 esse
983 242 1170 281 videntur.
1224 239 1318 278 Cum
1344 236 1460 288 igitur
1486 234 1617 284 negari

80 326 158 351 non
193 312 325 364 possit,
353 324 568 349 consessum
599 324 664 349 seu
691 310 905 364 accubitum
932 308 972 346 in
1001 308 1148 345 Coenae
1175 305 1322 343 actione
1347 303 1429 354 ipsa
1457 300 1616 338 manife-

80 382 159 416 stos
194 377 318 415 fontes
355 390 442 415 suos
480 376 616 414 habere
653 377 694 414 in
733 375 874 413 Christi
901 371 1057 412 Demini
1084 370 1252 421 exemplo
1281 372 1316 407 et
1343 366 1615 419 Apostolorum

79 442 341 481 observatione
368 441 573 493 scripturae
601 441 819 480 testimonio
844 441 888 489 ¹),
914 439 978 490 qui
1005 438 1129 475 fontes
1156 434 1298 486 alioqui
1325 445 1443 484 neque
1469 431 1510 469 in
1538 433 1615 468 sta-

77 508 181 546 tione
219 521 340 559 neque
375 507 416 545 in
451 507 714 557 genuflexione
751 519 873 557 neque
909 504 1022 543 etiam
1057 503 1097 540 in
1134 500 1388 539 ambulatione
1422 509 1617 535 common-

80 572 192 610 strari
227 576 398 623 possunt,
425 593 475 600 —
503 585 591 610 sane
620 574 803 622 quatenus
834 568 1002 608 Ministri
1029 566 1221 605 Ecclesiae
1248 564 1409 603 officium
1436 576 1544 601 suum
1573 562 1614 600 in

78 650 146 675 suo
182 637 390 675 ministerio
428 641 617 688 praestare
653 637 796 680 volunt,
829 634 1066 687 perspicuum
1102 635 1158 670 est
1192 631 1291 675 illos,
1327 629 1359 667 si
1392 628 1431 665 id
1459 627 1512 666 eis
1540 627 1616 665 ullo

79 701 191 739 modo
226 701 348 748 liceat,
388 714 602 739 consessum
640 701 767 752 potius
804 713 869 738 seu
904 697 1117 737 accubitum
1154 696 1194 733 in
1224 695 1369 732 Coenae
1396 692 1617 730 Dominicae

79 766 227 805 actione
262 766 423 804 retinere
461 766 606 814 debere,
644 779 757 818 quam
795 761 861 803 aut
897 763 1097 802 stationem
1124 764 1189 799 aut
1215 758 1528 809 genuflectionem
1555 760 1619 794 aut

79 830 387 876 ambulationem,
412 852 464 860 —-
491 835 527 869 et
563 830 723 882 proinde
750 833 829 867 erat
857 830 969 878 (144)
997 827 1109 865 etiam
1137 825 1255 863 debiti
1283 823 1467 873 officiique
1495 821 1615 860 nostri

78 897 182 946 (post
209 895 429 947 permissam
457 895 568 934 nobis
595 895 815 947 praesertim
845 893 962 943 Regia
990 891 1191 929 autoritate
1219 887 1617 935 nostramlibcrtatem)

80 973 296 998 consessum
331 961 457 1012 potius
494 960 535 998 in
572 960 712 999 nostris
750 959 931 997 Ecclesiis
968 958 1007 995 in
1037 958 1184 995 Coenae
1211 968 1280 993 usu
1308 953 1481 998 retinere,
1508 965 1618 1003 quam

81 1028 145 1063 aut
174 1025 375 1063 stationem
404 1029 469 1063 aut
496 1025 810 1074 genuflectionem
839 1027 903 1062 aut
929 1022 1239 1060 ambulationem.

133 1089 279 1128 Deinde
315 1090 356 1127 id
393 1103 542 1142 quoque
578 1094 684 1129 extra
721 1103 870 1128 omnem
908 1087 1203 1126 controversiam
1230 1085 1396 1137 positum
1423 1097 1503 1122 esse
1531 1096 1622 1122 con-

81 1159 174 1200 stat,
200 1155 321 1204 magis
347 1156 466 1193 multo
497 1155 754 1193 Christianum
783 1168 875 1201 esse,
901 1158 944 1192 ut
972 1152 1164 1191 Christum
1192 1150 1398 1189 Dominum
1428 1148 1620 1187 nihilom-

80 1218 173 1257 nino
215 1233 308 1258 vane
344 1224 455 1271 atque
492 1220 612 1258 otiose
650 1221 706 1258 vel
740 1220 859 1269 egisse
896 1219 953 1257 vel
990 1217 1163 1255 docuisse
1199 1219 1373 1267 putemus
1407 1214 1447 1252 in
1476 1214 1623 1251 Coenae

82 1297 169 1321 suae
207 1283 459 1331 institutione,
497 1288 532 1323 et
568 1285 726 1336 proinde
754 1285 849 1322 nihil
878 1297 1026 1336 quoque
1053 1294 1193 1328 eorum,
1230 1293 1324 1332 quae
1352 1279 1415 1317 ille
1449 1281 1532 1316 tum
1559 1281 1624 1314 aut

80 1349 158 1398 egit
195 1354 258 1386 aut
286 1348 426 1395 docuit,
464 1349 738 1387 immutandum
767 1347 1036 1400 quoquomodo
1066 1360 1156 1391 esse,
1184 1358 1297 1397 quam
1325 1344 1357 1382 si
1383 1344 1507 1394 ipsum
1529 1355 1623 1379 vane

81 1417 195 1464 atque
231 1413 351 1451 otiose
380 1413 498 1463 egisse
528 1414 744 1452 docuisseve
772 1413 914 1465 aliquid
943 1416 978 1451 et
1006 1411 1164 1463 proinde
1190 1410 1230 1448 id
1258 1409 1369 1447 nobis
1397 1420 1463 1459 pro
1495 1413 1623 1444 nostro

83 1478 241 1516 arbitrio
280 1479 503 1516 mutandum
531 1492 611 1517 esse
640 1479 821 1517 dicamus.
878 1478 1046 1528 Cumque
1074 1476 1165 1515 satis
1194 1478 1340 1513 constet
1368 1487 1411 1512 ex
1442 1471 1624 1510 historica

84 1542 415 1592 Euangelistarum
461 1543 687 1590 narratione,
725 1544 919 1581 Christum
953 1542 1158 1580 Dominum
1196 1539 1365 1590 exemplo
1404 1537 1514 1575 nobis
1556 1549 1623 1573 suo

85 1621 302 1646 consessum
331 1621 394 1646 seu
419 1608 633 1646 accubitum
661 1609 700 1646 in
730 1609 875 1646 Coenae
903 1621 991 1646 suae
1017 1607 1165 1645 actione
1194 1603 1484 1649 commendasse,
1513 1604 1621 1646 certe,

83 1676 267 1724 quatenus
295 1686 363 1710 nos
393 1687 475 1711 eum
506 1674 627 1724 ipsum
657 1687 876 1711 consessum
903 1686 1023 1724 neque
1051 1685 1143 1709 vane
1171 1683 1292 1722 neque
1319 1669 1439 1707 otiose
1467 1681 1487 1704 a
1513 1665 1623 1704 Chri·

83 1741 141 1775 sto
179 1737 344 1775 Domino
382 1738 422 1775 in
452 1738 576 1776 Coena
606 1752 672 1776 sua
700 1739 942 1776 observatum
969 1751 1049 1775 esse
1079 1737 1278 1782 credimus,
1305 1735 1486 1772 hactenus
1514 1732 1622 1769 illum

82 1801 207 1846 nobis,
242 1801 366 1852 quoad
402 1802 479 1840 eius
516 1803 597 1841 fieri
634 1807 758 1854 queat,
795 1802 1034 1841 retinendum
1070 1802 1207 1853 potius,
1236 1812 1348 1851 quam
1375 1796 1620 1836 reiiciendum

84 1879 164 1903 esse
191 1866 517 1916 intelligemus,—
533 1871 599 1905 aut
627 1873 724 1906 certe
751 1881 790 1905 re
818 1867 898 1919 ipsa
924 1867 1161 1911 testabimur,
1180 1863 1363 1916 quidquid
1385 1863 1446 1900 hic
1466 1861 1621 1899 omnino

81 1932 193 1979 (145)
230 1931 543 1982 praetendamus,
586 1945 803 1971 consessum
838 1933 945 1970 illum
983 1945 1077 1970 vane
1113 1936 1224 1982 atque
1261 1930 1380 1967 otiose
1415 1942 1435 1966 a
1472 1927 1621 1965 Christo

84 1996 248 2034 Domino
277 1997 515 2035 observatum
543 1998 672 2045 fuisse,
707 1998 739 2036 si
773 1998 880 2036 illum
906 2011 973 2048 pro
1005 2001 1134 2035 nostro
1165 1996 1323 2034 arbitrio
1352 1994 1432 2032 sine
1459 1992 1620 2031 necessi-

84 2065 160 2099 tate
196 2061 274 2098 ulla
307 2061 391 2098 tolli
425 2065 490 2099 aut
528 2075 679 2113 quoquo
714 2063 827 2100 modo
863 2062 1069 2113 permutari
1104 2074 1214 2112 posse
1250 2064 1469 2098 statuamus.
1539 2058 1624 2094 Imo

85 2137 172 2163 vero
221 2138 304 2163 cum
349 2127 389 2163 in
433 2127 558 2177 typica
593 2128 658 2165 illa
695 2128 783 2177 agni
819 2128 909 2165 olim
947 2127 1138 2165 Paschalis
1176 2139 1291 2164 coena
1332 2124 1624 2163 existimandum

85 2201 162 2226 non
198 2192 264 2234 cst,
301 2188 418 2226 ullam
453 2190 607 2227 omnino
645 2191 832 2228 actionem
870 2191 1104 2228 observatam
1133 2189 1260 2234 fuisse,
1287 2202 1381 2240 quae
1407 2200 1486 2226 non
1514 2200 1623 2225 suum

85 2252 240 2304 aliquod
276 2256 312 2291 et
349 2253 501 2304 quidem
538 2254 692 2293 minime
721 2255 1037 2293 contemnendum
1065 2254 1284 2305 mysterium
1314 2253 1481 2296 haberet,
1517 2252 1623 2303 cqui-

83 2314 167 2352 dem
194 2314 274 2353 sine
303 2314 444 2353 Christi
472 2315 627 2353 Domini
654 2316 882 2365 indignitate
911 2318 1031 2354 facere
1058 2330 1136 2354 non
1163 2329 1373 2367 possumus,
1390 2319 1432 2352 ut
1449 2328 1502 2361 ea,
1521 2327 1617 2365 quae

83 2378 163 2430 ipse
198 2378 237 2416 in
277 2392 343 2416 sua
381 2392 466 2417 cum
503 2381 698 2431 Apostolis
737 2381 814 2418 suis
843 2394 972 2425 coena,
1001 2381 1089 2419 novi
1116 2380 1332 2419 testamenti
1360 2379 1417 2417 sui
1444 2379 1624 2429 obsigna-

87 2444 186 2489 culo‚
221 2444 449 2489 observavit,
485 2448 549 2483 aut
586 2445 664 2483 suis
700 2446 902 2496 mysteriis,
937 2446 1151 2497 etquidem
1176 2446 1296 2483 multo
1325 2444 1624 2490 sublimioribus,

88 2521 223 2554 carere,
268 2513 333 2547 aut
378 2509 410 2547 si
454 2523 532 2547 non
579 2515 743 2557 careant,
787 2511 902 2549 abiici
935 2525 955 2549 a
991 2511 1103 2550 nobis
1138 2524 1248 2562 posse
1283 2510 1519 2549 arbitremur.
1573 2510 1625 2548 Et

87 2574 402 2625 quemadmodum
449 2574 690 2624 cogitandum
734 2589 811 2614 non
857 2580 924 2623 est,
970 2589 1107 2614 vanum
1151 2579 1264 2627 atque
1309 2575 1471 2613 otiosum
1508 2576 1624 2613 fuisse

88 2639 179 2676 olim
217 2639 257 2677 in
294 2652 431 2678 coenae
471 2641 663 2682 Paschalis
692 2642 788 2692 apud
817 2642 979 2693 Iudaeos
1008 2642 1282 2688 observatione,
1308 2641 1447 2680 lumbis
1475 2642 1624 2679 accinc-

87 2703 138 2742 tis
167 2703 382 2756 baculisque
409 2706 450 2744 in
479 2719 609 2744 manus
637 2707 794 2759 sumptis
823 2721 961 2756 agnum
989 2698 1292 2758 typicum'edere
1313 2708 1364 2756 ξ’·);
1385 2707 1625 2745 —nimirum

87 2768 179 2807 haec
205 2769 440 2809 testabantur
467 2776 504 2810 et
532 2771 795 2822 designabant,
822 2786 998 2824 magnum
1028 2772 1153 2811 adhuc
1180 2773 1319 2824 populo
1348 2772 1419 2824 iter
1439 2773 1624 2825 reliquum

134 2895 158 2936 ι)
181 2896 299 2931 Matth.
321 2896 373 2931 26.
394 2875 499 2930 Marci
522 2898 572 2932 16.
596 2897 674 2931 Luc.
697 2898 748 2932 22.
773 2898 863 2932 roan.
887 2899 936 2932 13.
1168 2899 1196 2940 2)
1220 2898 1320 2932 Exod.
1346 2899 1393 2933 13.
