1830 3147
200 164 273 202 196

199 276 493 316 municationem
530 274 729 314 Ministros
765 288 807 313 ac
847 275 1019 314 Seniores
1057 276 1248 317 Ecclesiae
1275 280 1386 318 huius
1415 280 1626 329 admoneat,
1653 281 1731 321 sive

194 342 367 393 privatim
396 341 555 392 aliquos,
582 353 676 392 quos
703 341 806 387 velit,
834 341 911 379 sive
940 341 1052 379 simul
1080 355 1208 382 omnes
1235 344 1273 382 in
1304 349 1484 383 consueto
1502 347 1611 383 coetu
1626 345 1729 397 ipso-

193 420 290 453 rum,
317 411 352 443 et
380 405 585 444 sententiae
613 418 699 443 suae
726 405 908 444 rationem
938 419 983 443 ex
1010 406 1125 443 verbo
1153 407 1223 446 Dei
1250 409 1396 448 reddat.

246 471 286 508 Si
321 472 438 521 igitur
473 475 559 509 ante
597 470 843 510 constitutum
876 471 984 509 illum
1022 473 1425 513 excommunicationis
1463 474 1574 522 diem,
1608 487 1730 526 neque

195 537 392 588 quisquam
428 537 524 575 alius
561 550 607 575 ex
643 537 757 575 verbo
787 536 857 575 Dei
886 537 1081 576 ostendere
1107 538 1239 589 possit,
1267 539 1413 591 peccari
1440 541 1519 578 ullo
1548 540 1661 579 modo
1687 539 1727 577 in

193 602 421 640 denunciato
448 603 563 641 fratre
587 602 667 650 illo,
693 602 746 640 ita
772 602 846 640 iam
877 603 936 651 (ut
955 605 1011 640 est
1032 603 1193 653 dictum)
1213 605 1588 652 excommunicando,
1607 618 1728 657 neque

188 667 345 718 ipsemet
373 667 618 706 denunciatus
646 667 761 705 frater
786 667 851 704 ille
877 667 993 704 ullam
1022 666 1084 705 det
1112 668 1393 720 resipiscentiae
1421 683 1509 708 suae
1537 670 1727 720 significa-

189 732 346 780 tionem,
372 736 452 770 tum
480 733 559 771 sine
585 733 757 782 longiore
783 745 888 770 mora
916 733 1106 772 silentium
1133 733 1326 773 Ecclesiae
1346 735 1505 774 habetur
1525 748 1592 788 pro
1611 735 1729 774 tacito

194 809 378 835 consensu
405 797 525 849 ipsius
553 801 589 835 et
616 797 890 849 approbatione
916 797 1201 846 futu·(336)rae
1227 800 1640 839 excommunicationis.
1689 799 1729 836 Si

189 875 277 900 vero
305 867 369 901 aut
396 863 490 901 alius
518 863 717 914 quisquam
745 877 765 901 e
793 867 901 901 coetu
928 863 1120 902 Ecclesiae
1146 864 1322 903 ostendat
1351 878 1395 903 ex
1414 865 1527 904 verbo
1548 865 1619 903 Dei
1640 878 1728 903 cau-

188 941 247 966 sas
275 929 419 980 aliquas
446 929 631 979 legitimas
660 928 884 967 differendae
904 928 1027 968 adhuc
1047 929 1295 981 aliquousque
1314 930 1732 976 excommunicationis,

187 996 252 1031 aut
284 993 398 1032 frater
432 994 589 1045 ipsemet
626 994 874 1032 denunciatus
909 993 974 1032 ille
1011 997 1098 1032 ante
1134 994 1230 1033 diem
1261 995 1509 1034 constitutum
1538 995 1724 1047 specimen

186 1058 338 1109 aliquod
377 1065 518 1097 certum
554 1059 616 1097 det
653 1072 739 1097 suae
765 1059 1057 1111 resipiscentiae,
1082 1063 1160 1098 tum
1189 1073 1248 1098 res
1274 1064 1354 1099 tota
1382 1074 1528 1107 rursum
1558 1059 1726 1099 differtur

183 1136 248 1174 spe
292 1123 392 1162 illius
428 1123 707 1175 resipiscentiae
739 1124 780 1162 in
816 1124 1026 1175 proximum
1065 1125 1223 1163 alterum
1260 1124 1502 1164 Dominicum
1541 1125 1651 1170 diem,
1687 1129 1724 1163 et

186 1200 318 1226 causae
345 1188 563 1226 huiusmodi
590 1189 783 1227 dilationis
809 1189 960 1240 publice
988 1202 1114 1227 coram
1143 1188 1315 1228 Ecclesia
1343 1194 1596 1242 exponuntur.
1625 1190 1720 1228 Pro-

185 1253 288 1291 ximo
326 1267 414 1292 vero
449 1254 624 1306 deinceps
652 1254 853 1292 Dominico
883 1254 942 1293 die
969 1255 1083 1293 frater
1110 1255 1174 1293 ille
1204 1255 1451 1294 denunciatus
1479 1260 1541 1294 aut
1568 1255 1721 1307 publica

184 1318 415 1368 poenitentia
451 1333 530 1358 sese
565 1321 784 1358 reconciliat
820 1321 1012 1359 Ecclesiae
1038 1321 1144 1359 iuxta
1182 1321 1473 1373 suprascriptam
1511 1321 1613 1359 illius
1641 1321 1722 1358 for-

183 1391 296 1430 mam,
322 1389 386 1423 aut
412 1385 564 1424 tandem
591 1385 741 1424 tandem
771 1387 981 1424 necessario
1011 1386 1370 1425 excommunicatur.

235 1447 287 1486 Ut
325 1454 448 1487 autem
487 1450 584 1487 circa
624 1450 1048 1488 excommunicationem
1084 1451 1248 1500 graviter
1276 1455 1312 1489 et
1339 1450 1471 1488 ordine
1499 1450 1627 1488 omnia
1653 1463 1719 1500 ge·

182 1518 325 1560 rantur,
350 1515 471 1565 pridie
499 1515 901 1553 excommunicationis
929 1515 1124 1553 habendae
1152 1515 1381 1553 conveniunt
1409 1528 1429 1552 a
1458 1514 1612 1552 meridie
1641 1513 1717 1551 Mi-

181 1578 290 1616 nistri
317 1582 353 1616 et
382 1579 554 1617 Seniores
582 1580 775 1631 utriusque
802 1579 995 1618 Ecclesiae
1030 1584 1067 1618 et
1094 1580 1256 1630 diligens
1284 1593 1304 1618 a
1334 1578 1494 1628 singulis
1520 1578 1719 1630 inquisitio

181 1643 234 1684 fit,
272 1657 361 1681 num
397 1643 543 1695 aliquae
581 1657 713 1682 causae
747 1644 906 1696 proferri
943 1644 1102 1696 possint,
1128 1648 1280 1696 propter
1306 1658 1398 1696 quas
1426 1644 1533 1682 iuxta
1561 1642 1714 1681 verbum

182 1708 252 1746 Dei
285 1709 626 1748 excommunicatio
660 1709 742 1761 ipsa
778 1713 841 1748 aut
879 1709 1015 1748 differri
1051 1709 1173 1748 adhuc
1206 1713 1271 1748 aut
1298 1709 1411 1748 etiam
1448 1709 1559 1760 plane
1595 1708 1717 1746 omitti

182 1774 322 1814 deceat.
386 1776 535 1814 Quodsi
588 1775 677 1827 quid
730 1775 916 1814 eiusmodi
972 1776 1175 1827 profertur,
1219 1776 1319 1826 quod
1367 1775 1514 1827 pondus
1562 1773 1715 1825 aliquod

178 1841 284 1878 iuxta
321 1841 474 1879 verbum
515 1841 586 1879 Dei
623 1841 758 1879 habere
784 1854 894 1892 posse
921 1840 1067 1879 videtur
1094 1843 1218 1890 (337),
1246 1841 1323 1879 sive
1350 1841 1386 1878 id
1418 1839 1615 1878 Seniorum
1644 1839 1714 1876 ali-

181 1906 264 1957 quis
293 1919 337 1944 ex
365 1920 444 1944 sese
469 1907 646 1957 proferat,
676 1907 752 1944 sive
779 1906 827 1944 ab
856 1905 940 1944 aliis
967 1906 1136 1944 auditum
1165 1909 1339 1957 exponat,
1368 1918 1452 1943 cum
1483 1905 1527 1942 de
1554 1917 1597 1942 eo
1615 1903 1716 1942 inter

182 1970 381 2008 Ministros
409 1974 446 2009 et
475 1971 649 2009 Senior-es
676 1971 729 2009 ita
757 1971 998 2017 deliberatur,
1025 1974 1067 2009 ut
1092 1970 1283 2010 unanimis
1311 1970 1481 2008 omnium
1510 1983 1715 2008 consensus

180 2035 373 2081 habeatur,
399 2036 463 2087 qui
490 2036 604 2074 verbo
633 2036 703 2074 Dei
731 2036 872 2087 alioqui
899 2036 1053 2075 nitatur.
1109 2036 1148 2073 Si
1175 2048 1262 2073 vero
1291 2035 1388 2073 nihil
1415 2034 1596 2073 eiusmodi
1625 2047 1714 2086 pro-

181 2101 311 2146 fertur,
351 2105 432 2139 tum
478 2100 661 2152 postridie
704 2100 919 2152 proceditur
955 2101 1002 2139 ad
1038 2099 1464 2139 excommunicationem
1499 2098 1715 2137 denunciati

182 2165 308 2203 fratris
345 2169 381 2204 et
414 2165 607 2218 publicum
642 2164 834 2204 Ecclesiae
871 2165 1060 2204 silentium
1094 2178 1162 2216 pro
1190 2178 1346 2203 assensu
1381 2164 1483 2202 illius
1511 2167 1622 2214 atque
1650 2176 1716 2214 ap-

180 2230 403 2281 probatione
430 2230 602 2270 habetur.

233 2295 322 2333 Quo
359 2295 419 2334 die
455 2309 540 2334 vero
574 2301 629 2334 est
665 2295 836 2334 habenda
861 2296 942 2347 ipsa
968 2294 1321 2341 excommunicatio,
1347 2305 1479 2345 nempe
1508 2292 1714 2331 constituto

182 2359 228 2397 ad
263 2361 313 2407 id,
350 2366 392 2400 ut
430 2362 569 2400 dictum
607 2365 675 2406 est,
713 2361 912 2399 Dominico
951 2361 1022 2406 die,
1059 2359 1291 2399 contrahitur
1328 2359 1504 2398 nonnihil
1534 2361 1712 2396 consueta

182 2425 331 2475 publica
362 2427 492 2465 concio
521 2427 717 2473 matutina,
745 2431 786 2465 ut
813 2426 1059 2464 Ecclesiastes
1087 2429 1232 2477 tempus
1259 2424 1412 2476 aliquod
1439 2423 1576 2461 habere
1594 2422 1715 2473 possit

180 2490 226 2527 ad
264 2492 521 2543 explicandam
556 2495 729 2531 naturam
764 2504 808 2529 ac
840 2492 1023 2529 rationem
1050 2489 1448 2529 excommunicationis
1474 2488 1514 2526 in
1543 2487 1711 2525 Ecclesia

183 2554 337 2594 Christi.
390 2557 437 2595 In
464 2558 544 2609 ipsa
572 2571 658 2596 vero
687 2556 937 2608 explicatione
964 2556 1055 2595 haec
1083 2555 1320 2608 potissimum
1350 2556 1573 2592 tractantur.

235 2687 578 2736 Argumentum
628 2686 989 2726 admonitionis
1030 2686 1260 2738 publicae
1297 2684 1350 2745 de
1385 2681 1711 2722 excommuni-

182 2751 389 2791 catione.

236 2883 270 2920 1.
300 2880 467 2932 Exponit
493 2880 751 2926 Ecclesiastes‚
778 2880 868 2932 quid
897 2879 944 2918 sit
971 2883 1007 2918 et
1034 2879 1123 2930 quid
1149 2878 1187 2916 in
1218 2890 1255 2915 se
1284 2876 1564 2927 complectatur,
1581 2886 1712 2925 quam-

186 2961 257 2999 que
303 2948 375 2986 vim
423 2947 590 2985 obtineat
634 2947 711 2997 ipsa
758 2945 1109 2984 excommunicatio.
1163 2943 1280 2981 Docet
1314 2955 1392 2980 esse
1428 2938 1568 2980 Christi
1604 2940 1714 2988 (338)
