1830 3147
51 307 154 349 Ephe.
177 308 206 340 1.

52 350 175 381 Coloss.
199 351 229 382 1.

50 392 132 423 Mat.
155 392 205 430 18,
228 391 280 425 28.

51 434 154 475 Ephe.
176 436 207 467 4.

52 477 151 517 Ephe.
175 477 204 508 2.
229 477 258 509 3.

50 519 140 550 Ioan.
165 519 215 551 14.

50 562 67 592 1
92 561 195 593 Timo.
218 561 248 593 2.

51 604 67 634 1
92 603 182 635 Ioan.
204 603 234 635 2.

52 645 149 677 Hebr.
173 645 202 679 7.

52 688 67 719 1
93 687 166 720 Cor.
191 687 241 719 15.

51 1017 139 1050 loan.
162 1018 212 1056 14,
235 1018 285 1052 17.

54 1061 170 1093 [lehre.
194 1061 224 1094 7.

52 1104 144 1134 Rom.
167 1104 196 1135 S.

52 1145 135 1177 Phil.
158 1146 186 1177 3.

53 1187 175 1220 Coloss.
199 1188 229 1221 3.

53 1230 163 1262 Roma.
187 1231 216 1262 6.

53 1272 68 1303 1
94 1273 168 1304 Cor.
191 1273 219 1306 8.

54 1315 134 1356 Eph.
159 1316 187 1352 1,
210 1316 239 1352 4,
264 1315 292 1347 5.

53 1357 193 1390 Colosso.
218 1358 245 1396 1,
264 1357 294 1390 2.

58 2284 152 2316 Actu.
176 2284 205 2316 1.

57 2328 176 2368 Apoca.
201 2326 229 2358 1.

58 2371 139 2401 Mar.
163 2369 212 2406 13,
236 2368 286 2400 14.

56 2411 135 2442 Man
158 2411 208 2441 24.
231 2410 283 2442 25.

58 2454 158 2494 Apoe.
182 2452 212 2483 1.

56 2495 159 2527 Mare.
181 2494 232 2526 14.

57 2538 148 2568 Rom.
171 2536 222 2568 14.

55 2580 74 2610 2
97 2579 170 2609 Cor.
192 2579 221 2615 4,
246 2577 275 2610 5.

55 2622 74 2652 2
97 2621 200 2651 Timo.
223 2620 252 2651 4.

58 2664 72 2694 Ι
95 2662 189 2693 Thes.
212 2662 242 2694 4.

56 2706 75 2736 2
98 2704 192 2736 Thes.
217 2703 246 2735 1.

56 2746 159 2777 Math.
181 2746 232 2776 25.

58 2788 150 2819 Dani.
174 2786 247 2820 XII.

57 2829 174 2861 Psalm.
197 2830 227 2861 2.

57 2873 135 2906 Luc.
156 2870 242 2904 XIX.

337 127 411 163 430
819 135 994 164 οΑΤΕοΗ.
1023 135 1134 164 Ech.
1163 134 1281 163 LoND.

911 237 1026 288 Resp.
1055 238 1160 286 (58³)

383 301 438 340 Ut
475 314 577 340 nunc
614 302 742 340 omnia
776 301 818 340 in
857 302 971 340 coelis
1000 305 1113 353 atque
1139 302 1179 341 in
1207 305 1307 341 terra
1334 304 1453 351 regat,
1478 301 1656 340 fidelibus
1682 301 1745 339 hic

330 366 372 404 in
407 366 517 405 terris
556 380 700 418 semper
727 380 904 419 praesens
932 366 1044 412 adsit,
1073 371 1113 405 ut
1141 376 1261 406 servet
1289 381 1352 405 eos
1381 370 1494 418 atque
1520 370 1670 405 tueatur
1696 366 1744 404 ab

333 431 437 469 omni
476 432 701 479 calamitate,
729 436 841 484 atque
868 445 979 471 omne
1008 432 1151 470 bonum
1179 432 1226 470 iis
1253 432 1457 483 impertiat,
1483 432 1632 470 Patrem
1659 444 1744 483 per-

333 500 446 547 petuo
484 497 532 534 ad
559 497 679 534 instar
707 497 828 534 fidelis
857 501 893 534 et
920 496 1178 534 misericordis
1208 496 1423 534 Sacerdotis
1452 502 1564 547 atque
1590 495 1745 534 Patroni

331 574 399 611 pro
426 561 474 598 iis
502 565 688 612 precetur,
716 561 836 599 donec
863 560 1071 612 aliquando
1101 574 1232 599 omnes
1260 575 1335 599 una
1364 574 1450 598 cum
1476 560 1562 612 ipso
1589 561 1629 598 in
1659 573 1743 599 coe-

331 625 379 663 lis
407 625 452 663 ad
482 630 675 664 aeternum
704 626 886 664 honorem
915 629 1183 677 aeternamque
1209 625 1370 676 gloriam
1397 626 1666 677 provehantur.

906 757 1047 794 1nterr.
1076 757 1164 794 160.

385 819 491 858 Quid
527 818 638 857 nobis
675 819 829 871 prodest
868 819 1028 866 credere,
1067 819 1264 858 Christum
1300 819 1340 857 in
1378 819 1522 857 eoelum
1550 818 1742 858 sublatum

332 897 414 923 esse
442 883 643 935 sedereque
671 884 717 922 ad
746 884 938 923 dexteram
967 884 1065 922 Dei?

980 948 1095 999 Resp.

383 1013 552 1051 Primum
588 1014 747 1051 affirmat
783 1013 909 1060 nobis,
944 1012 1044 1051 viam
1081 1016 1194 1064 atque
1229 1012 1373 1050 aditum
1410 1012 1451 1050 in
1492 1012 1651 1058 coelum,
1679 1011 1745 1063 qui

333 1080 493 1116 antehac
519 1078 626 1127 (58¹³)
654 1078 702 1115 ob
730 1082 882 1129 peccata
910 1077 1022 1116 nobis
1050 1077 1227 1116 omnibus
1256 1078 1403 1115 clausus
1431 1080 1539 1123 esset,
1557 1090 1659 1116 nunc
1678 1090 1744 1128 pa-

333 1146 424 1181 tere.
479 1140 625 1180 Deinde
660 1142 700 1180 in
737 1143 840 1180 omni
877 1142 1101 1180 adversitate
1134 1147 1215 1180 tum
1253 1143 1410 1188 animae,
1447 1147 1526 1180 tum
1565 1142 1746 1193 corporis,

335 1207 596 1245 consolabitur
630 1220 699 1244 nos
736 1211 772 1244 et
810 1206 857 1243 ad
885 1206 1106 1257 patientiam
1137 1206 1410 1252 corroborabit,
1438 1205 1746 1256 quandoquidem

334 1272 446 1310 nobis
483 1275 696 1317 attestatur,
732 1275 809 1308 tam
845 1275 1038 1322 potentem
1073 1274 1229 1320 tamque
1263 1271 1429 1308 faustum
1458 1270 1682 1307 advocatum
1710 1274 1746 1307 et

335 1340 534 1388 patronum
564 1336 664 1387 apud
692 1336 837 1373 Patrem
867 1335 906 1372 in
937 1335 1050 1372 coelis
1072 1347 1140 1371 nos
1162 1334 1311 1372 habere.
1341 1333 1512 1384 Denique
1530 1333 1746 1371 istiusmodi

335 1400 527 1452 persuasio
566 1412 631 1437 cor
667 1404 840 1437 nostrum
879 1402 992 1449 atque
1031 1398 1197 1436 animam
1236 1402 1402 1436 nostram
1431 1397 1607 1435 incitabit
1634 1401 1746 1448 atque

337 1466 456 1515 eriget
492 1465 537 1502 ab
577 1465 769 1509 omnibus,
806 1477 903 1514 quae
940 1463 1145 1509 terrestria,
1181 1462 1404 1514 praesentia,
1441 1461 1608 1500 visibilia
1634 1466 1747 1513 atque

340 1530 506 1568 carnalia
544 1533 644 1575 sunt,
681 1529 728 1566 ad
763 1529 891 1566 onmia
919 1541 1014 1579 quae
1043 1531 1129 1565 sunt
1159 1527 1348 1573 coelestia,
1376 1527 1516 1572 futura,
1540 1526 1749 1564 invisibilia

339 1599 450 1647 atque
479 1595 702 1646 spiritualia,
728 1593 896 1644 adeoque
924 1607 943 1631 e
971 1593 1042 1630 hoc
1071 1593 1213 1630 mundo
1240 1592 1280 1630 in
1310 1592 1468 1637 eoelum,
1489 1591 1554 1629 ubi
1575 1591 1747 1630 Christus

339 1665 407 1705 est,
441 1659 627 1697 Dominus
663 1663 792 1697 noster
829 1662 939 1709 atque
977 1662 1088 1709 caput
1117 1659 1302 1699 nostrum,
1330 1655 1513 1694 subvehet
1541 1669 1610 1694 nos
1637 1660 1747 1707 atque

339 1725 522 1775 subriget.
552 1726 669 1774 (59³).

916 1787 1054 1826 Interr.
1084 1788 1170 1826 161.

392 1857 453 1894 An
481 1859 671 1907 praeterea
697 1853 821 1892 adhuc
849 1852 994 1903 aliquid
1023 1852 1067 1889 (10
1095 1851 1247 1889 Christo
1277 1850 1494 1888 confiteris?

980 1916 1099 1966 Resp.

390 1985 489 2022 Eum
518 1984 675 2022 coelitus
703 1983 794 2020 olim
822 1982 896 2020 huc
923 1980 1170 2019 adventurum
1201 1992 1281 2018 esse
1309 1979 1355 2017 ad
1383 1978 1608 2016 iudicandos
1637 1978 1744 2016 vivos

339 2063 383 2089 ac
408 2053 593 2088 mortuos.

904 2110 1045 2149 Interr.
1075 2112 1161 2148 162.

391 2177 496 2219 Quid
523 2176 623 2216 hoc?

985 2239 1100 2290 Resp.

391 2307 511 2346 Credo
547 2310 658 2357 atque
695 2305 888 2349 confiteor,
925 2303 1132 2341 Dominum
1168 2315 1291 2340 meum
1327 2301 1456 2340 Iesum
1486 2299 1745 2339 Christum'in

338 2371 491 2424 proprio
520 2383 587 2409 suo
618 2382 773 2420 corpore
801 2372 913 2419 atque
942 2367 1085 2405 visibili
1112 2366 1235 2405 Patris
1262 2366 1385 2416 gloria
1414 2365 1570 2403 coelitus
1597 2377 1743 2402 rursum

338 2440 536 2474 venturum
575 2447 667 2478 esse,
705 2432 851 2483 totique
879 2431 1020 2469 mundo
1050 2430 1307 2482 appariturum
1335 2430 1383 2468 ad
1410 2428 1635 2467 iudicandos
1662 2440 1743 2465 om-

338 2514 405 2539 nes
441 2499 626 2543 homines,
658 2501 752 2535 tunc
788 2497 826 2533 in
864 2499 963 2534 terra
1001 2495 1182 2540 viventes,
1219 2494 1296 2532 sive
1330 2500 1439 2531 antea
1468 2493 1676 2536 defunctos,
1702 2492 1741 2529 in

338 2563 638 2603 consolationem
667 2561 845 2599 omnibus
874 2560 1064 2604 fidelibus,
1092 2559 1157 2610 qui
1184 2563 1395 2608 agnoscant
1421 2571 1505 2595 eum
1531 2570 1598 2608 pro
1628 2556 1742 2594 advo-

339 2632 421 2666 cato
452 2641 531 2673 suo,
559 2627 676 2664 fratre
704 2628 816 2676 atque
842 2628 1016 2674 patrono,
1044 2627 1078 2661 et
1105 2624 1144 2660 in
1163 2624 1269 2671 (59b)
1296 2626 1485 2660 aeternam
1515 2620 1742 2658 condemna-

337 2693 479 2730 tionem
519 2690 695 2729 omnibus
730 2688 963 2735 infidelibus,
999 2688 1063 2738 qui
1101 2687 1224 2725 nolint
1252 2700 1334 2724 eum
1363 2685 1531 2736 accipere
1559 2698 1677 2736 neque
1702 2685 1741 2723 in

339 2770 377 2795 se
404 2768 561 2806 regnare
587 2754 795 2807 patiantur.
