<?xml version="1.0" encoding="UTF-8"?>
<!DOCTYPE html PUBLIC "-//W3C//DTD XHTML 1.0 Transitional//EN"
    "http://www.w3.org/TR/xhtml1/DTD/xhtml1-transitional.dtd">
<html xmlns="http://www.w3.org/1999/xhtml" xml:lang="en" lang="en">
 <head>
  <title>
</title>
<meta http-equiv="Content-Type" content="text/html;charset=utf-8" />
  <meta name='ocr-system' content='tesseract 3.04.00' />
  <meta name='ocr-capabilities' content='ocr_page ocr_carea ocr_par ocr_line ocrx_word'/>
</head>
<body>
  <div class='ocr_page' id='page_1' title='image "./operatameditaqua02lask_0722.png"; bbox 0 0 1830 3147; ppageno 0'>
   <div class='ocr_carea' id='block_1_1' title="bbox 189 90 988 138">
    <p class='ocr_par' dir='ltr' id='par_1_1' title="bbox 189 90 988 138">
     <span class='ocr_line' id='line_1_1' title="bbox 189 90 988 138; baseline 0 -12"><span class='ocrx_word' id='word_1_1' title='bbox 189 91 253 138; x_wconf 85' lang='lat' dir='ltr'>[A.</span> <span class='ocrx_word' id='word_1_2' title='bbox 278 90 323 126; x_wconf 88' lang='lat' dir='ltr'>D.</span> <span class='ocrx_word' id='word_1_3' title='bbox 349 91 461 138; x_wconf 81' lang='lat'>1554]</span> <span class='ocrx_word' id='word_1_4' title='bbox 919 91 988 128; x_wconf 84' lang='lat'>700</span> 
     </span>
    </p>
   </div>
   <div class='ocr_carea' id='block_1_2' title="bbox 182 198 1722 1232">
    <p class='ocr_par' dir='ltr' id='par_1_2' title="bbox 187 198 1715 308">
     <span class='ocr_line' id='line_1_2' title="bbox 187 198 1715 251; baseline 0.006 -16"><span class='ocrx_word' id='word_1_5' title='bbox 187 199 253 246; x_wconf 85' lang='lat' dir='ltr'>tigi</span> <span class='ocrx_word' id='word_1_6' title='bbox 277 199 400 243; x_wconf 84' lang='lat' dir='ltr'>adhuc,</span> <span class='ocrx_word' id='word_1_7' title='bbox 426 210 516 246; x_wconf 88' lang='lat' dir='ltr'>quae</span> <span class='ocrx_word' id='word_1_8' title='bbox 540 198 801 236; x_wconf 85' lang='lat' dir='ltr'>commemorari</span> <span class='ocrx_word' id='word_1_9' title='bbox 826 200 982 246; x_wconf 80' lang='lat' dir='ltr'>possent.</span> <span class='ocrx_word' id='word_1_10' title='bbox 1031 200 1098 236; x_wconf 86' lang='lat' dir='ltr'>Sed</span> <span class='ocrx_word' id='word_1_11' title='bbox 1124 200 1215 237; x_wconf 86' lang='lat' dir='ltr'>forte</span> <span class='ocrx_word' id='word_1_12' title='bbox 1239 201 1359 240; x_wconf 89' lang='lat' dir='ltr'>addito</span> <span class='ocrx_word' id='word_1_13' title='bbox 1384 205 1596 251; x_wconf 77' lang='lat' dir='ltr'><strong>praefamine</strong></span> <span class='ocrx_word' id='word_1_14' title='bbox 1631 208 1715 245; x_wconf 87' lang='lat' dir='ltr'>adii-</span> 
     </span>
     <span class='ocr_line' id='line_1_3' title="bbox 188 261 395 308; baseline -0.005 -10"><span class='ocrx_word' id='word_1_15' title='bbox 188 261 328 298; x_wconf 80' lang='lat' dir='ltr'>cientur</span> <span class='ocrx_word' id='word_1_16' title='bbox 352 261 395 308; x_wconf 71' lang='grc'>4).</span> 
     </span>
    </p>

    <p class='ocr_par' dir='ltr' id='par_1_3' title="bbox 182 321 1722 1232">
     <span class='ocr_line' id='line_1_4' title="bbox 233 321 1717 374; baseline 0.005 -15"><span class='ocrx_word' id='word_1_17' title='bbox 233 323 281 359; x_wconf 85' lang='lat' dir='ltr'>Et</span> <span class='ocrx_word' id='word_1_18' title='bbox 314 325 392 358; x_wconf 87' lang='lat' dir='ltr'>tum</span> <span class='ocrx_word' id='word_1_19' title='bbox 426 322 565 358; x_wconf 90' lang='lat' dir='ltr'>demum</span> <span class='ocrx_word' id='word_1_20' title='bbox 597 321 835 370; x_wconf 88' lang='lat' dir='ltr'>Westphalus‚</span> <span class='ocrx_word' id='word_1_21' title='bbox 870 322 968 359; x_wconf 85' lang='lat' dir='ltr'>verbi</span> <span class='ocrx_word' id='word_1_22' title='bbox 992 322 1127 370; x_wconf 86' lang='lat' dir='ltr'>alioqui</span> <span class='ocrx_word' id='word_1_23' title='bbox 1152 323 1275 360; x_wconf 89' lang='lat' dir='ltr'>Divini</span> <span class='ocrx_word' id='word_1_24' title='bbox 1302 327 1442 374; x_wconf 84' lang='lat' dir='ltr'>sceptro</span> <span class='ocrx_word' id='word_1_25' title='bbox 1467 327 1614 373; x_wconf 86' lang='lat' dir='ltr'>abiecto,</span> <span class='ocrx_word' id='word_1_26' title='bbox 1641 329 1717 366; x_wconf 87' lang='lat' dir='ltr'>Ma·</span> 
     </span>
     <span class='ocr_line' id='line_1_5' title="bbox 185 382 1718 432; baseline 0.005 -13"><span class='ocrx_word' id='word_1_27' title='bbox 185 384 356 432; x_wconf 87' lang='lat' dir='ltr'>gistratus</span> <span class='ocrx_word' id='word_1_28' title='bbox 381 383 416 419; x_wconf 91' lang='lat' dir='ltr'>in</span> <span class='ocrx_word' id='word_1_29' title='bbox 442 396 496 420; x_wconf 90' lang='lat' dir='ltr'>me</span> <span class='ocrx_word' id='word_1_30' title='bbox 521 385 699 431; x_wconf 76' lang='lat' dir='ltr'><strong>sceptrum</strong></span> <span class='ocrx_word' id='word_1_31' title='bbox 724 382 916 420; x_wconf 72' lang='lat' dir='ltr'>concitabit</span> <span class='ocrx_word' id='word_1_32' title='bbox 941 386 983 431; x_wconf 82' lang='grc'>6).</span> <span class='ocrx_word' id='word_1_33' title='bbox 1016 383 1168 421; x_wconf 82' lang='lat' dir='ltr'>Facilius</span> <span class='ocrx_word' id='word_1_34' title='bbox 1192 385 1247 421; x_wconf 91' lang='lat' dir='ltr'>illi</span> <span class='ocrx_word' id='word_1_35' title='bbox 1272 386 1437 423; x_wconf 88' lang='lat' dir='ltr'>nimirum</span> <span class='ocrx_word' id='word_1_36' title='bbox 1465 389 1532 425; x_wconf 87' lang='lat' dir='ltr'>erit</span> <span class='ocrx_word' id='word_1_37' title='bbox 1557 390 1601 426; x_wconf 92' lang='lat' dir='ltr'>ad</span> <span class='ocrx_word' id='word_1_38' title='bbox 1626 390 1718 428; x_wconf 84' lang='lat' dir='ltr'>hunc</span> 
     </span>
     <span class='ocr_line' id='line_1_6' title="bbox 185 444 1720 496; baseline 0.005 -16"><span class='ocrx_word' id='word_1_39' title='bbox 185 444 327 481; x_wconf 90' lang='lat' dir='ltr'>modum</span> <span class='ocrx_word' id='word_1_40' title='bbox 359 444 551 492; x_wconf 88' lang='lat' dir='ltr'>disputare,</span> <span class='ocrx_word' id='word_1_41' title='bbox 583 444 769 492; x_wconf 88' lang='lat' dir='ltr'>multoque</span> <span class='ocrx_word' id='word_1_42' title='bbox 801 445 913 482; x_wconf 90' lang='lat' dir='ltr'>adhuc</span> <span class='ocrx_word' id='word_1_43' title='bbox 947 445 1098 490; x_wconf 81' lang='lat' dir='ltr'>facilius,</span> <span class='ocrx_word' id='word_1_44' title='bbox 1132 446 1161 483; x_wconf 88' lang='lat' dir='ltr'>si</span> <span class='ocrx_word' id='word_1_45' title='bbox 1193 447 1324 495; x_wconf 86' lang='lat' dir='ltr'>Papam</span> <span class='ocrx_word' id='word_1_46' title='bbox 1362 452 1537 496; x_wconf 87' lang='lat' dir='ltr'>sequutus</span> <span class='ocrx_word' id='word_1_47' title='bbox 1564 451 1655 488; x_wconf 88' lang='lat' dir='ltr'>ferro</span> <span class='ocrx_word' id='word_1_48' title='bbox 1681 465 1720 489; x_wconf 86' lang='lat' dir='ltr'>ac</span> 
     </span>
     <span class='ocr_line' id='line_1_7' title="bbox 184 506 1719 560; baseline 0.005 -18"><span class='ocrx_word' id='word_1_49' title='bbox 184 506 330 543; x_wconf 84' lang='lat' dir='ltr'>fiammis</span> <span class='ocrx_word' id='word_1_50' title='bbox 365 519 438 542; x_wconf 89' lang='lat' dir='ltr'>rem</span> <span class='ocrx_word' id='word_1_51' title='bbox 463 506 630 553; x_wconf 84' lang='lat' dir='ltr'>agendam</span> <span class='ocrx_word' id='word_1_52' title='bbox 657 519 730 543; x_wconf 91' lang='grc'>6556</span> <span class='ocrx_word' id='word_1_53' title='bbox 755 506 893 543; x_wconf 82' lang='lat' dir='ltr'>clamet.</span> <span class='ocrx_word' id='word_1_54' title='bbox 941 508 1064 555; x_wconf 86' lang='lat' dir='ltr'>Atque</span> <span class='ocrx_word' id='word_1_55' title='bbox 1089 508 1152 545; x_wconf 88' lang='lat' dir='ltr'>hos</span> <span class='ocrx_word' id='word_1_56' title='bbox 1177 511 1224 553; x_wconf 88' lang='lat' dir='ltr'>te,</span> <span class='ocrx_word' id='word_1_57' title='bbox 1267 510 1314 545; x_wconf 91' lang='lat' dir='ltr'>mi</span> <span class='ocrx_word' id='word_1_58' title='bbox 1339 510 1505 548; x_wconf 89' lang='lat' dir='ltr'>Alberte!</span> <span class='ocrx_word' id='word_1_59' title='bbox 1532 512 1719 560; x_wconf 86' lang='lat' dir='ltr'>placandos</span> 
     </span>
     <span class='ocr_line' id='line_1_8' title="bbox 185 567 1721 621; baseline 0.005 -18"><span class='ocrx_word' id='word_1_60' title='bbox 185 580 260 604; x_wconf 91' lang='lat' dir='ltr'>esse</span> <span class='ocrx_word' id='word_1_61' title='bbox 292 567 422 615; x_wconf 77' lang='lat' dir='ltr'>putas?</span> <span class='ocrx_word' id='word_1_62' title='bbox 472 568 548 615; x_wconf 86' lang='lat' dir='ltr'>Ego</span> <span class='ocrx_word' id='word_1_63' title='bbox 582 581 677 612; x_wconf 83' lang='lat' dir='ltr'>vero,</span> <span class='ocrx_word' id='word_1_64' title='bbox 711 581 791 605; x_wconf 88' lang='lat' dir='ltr'>cum</span> <span class='ocrx_word' id='word_1_65' title='bbox 825 569 905 605; x_wconf 85' lang='lat' dir='ltr'>illos</span> <span class='ocrx_word' id='word_1_66' title='bbox 938 569 1079 606; x_wconf 89' lang='lat' dir='ltr'>nonnisi</span> <span class='ocrx_word' id='word_1_67' title='bbox 1117 570 1303 607; x_wconf 85' lang='lat' dir='ltr'>mendaciis</span> <span class='ocrx_word' id='word_1_68' title='bbox 1336 584 1375 608; x_wconf 88' lang='lat' dir='ltr'>ac</span> <span class='ocrx_word' id='word_1_69' title='bbox 1410 573 1593 609; x_wconf 87' lang='lat' dir='ltr'>calumniis</span> <span class='ocrx_word' id='word_1_70' title='bbox 1618 586 1721 621; x_wconf 85' lang='lat' dir='ltr'>agere</span> 
     </span>
     <span class='ocr_line' id='line_1_9' title="bbox 183 628 1719 680; baseline 0.004 -16"><span class='ocrx_word' id='word_1_71' title='bbox 183 628 320 665; x_wconf 88' lang='lat' dir='ltr'>videam</span> <span class='ocrx_word' id='word_1_72' title='bbox 345 642 515 676; x_wconf 88' lang='lat' dir='ltr'>suamque</span> <span class='ocrx_word' id='word_1_73' title='bbox 539 629 696 676; x_wconf 83' lang='lat' dir='ltr'>ipsorum</span> <span class='ocrx_word' id='word_1_74' title='bbox 721 630 763 665; x_wconf 91' lang='lat' dir='ltr'>ab</span> <span class='ocrx_word' id='word_1_75' title='bbox 789 629 870 674; x_wconf 88' lang='lat' dir='ltr'>illis,</span> <span class='ocrx_word' id='word_1_76' title='bbox 897 643 968 666; x_wconf 87' lang='lat' dir='ltr'>non</span> <span class='ocrx_word' id='word_1_77' title='bbox 994 634 1113 666; x_wconf 88' lang='lat' dir='ltr'>autem</span> <span class='ocrx_word' id='word_1_78' title='bbox 1139 631 1207 667; x_wconf 85' lang='lat' dir='ltr'>Dei</span> <span class='ocrx_word' id='word_1_79' title='bbox 1231 631 1376 678; x_wconf 82' lang='lat' dir='ltr'>gloriam</span> <span class='ocrx_word' id='word_1_80' title='bbox 1403 634 1536 680; x_wconf 86' lang='lat' dir='ltr'>quaeri,</span> <span class='ocrx_word' id='word_1_81' title='bbox 1562 634 1613 670; x_wconf 87' lang='lat' dir='ltr'>ita</span> <span class='ocrx_word' id='word_1_82' title='bbox 1642 647 1719 670; x_wconf 89' lang='lat' dir='ltr'>sum</span> 
     </span>
     <span class='ocr_line' id='line_1_10' title="bbox 182 690 1719 739; baseline 0.003 -13"><span class='ocrx_word' id='word_1_83' title='bbox 182 690 285 738; x_wconf 90' lang='lat' dir='ltr'>plane</span> <span class='ocrx_word' id='word_1_84' title='bbox 309 691 352 727; x_wconf 90' lang='lat' dir='ltr'>de</span> <span class='ocrx_word' id='word_1_85' title='bbox 377 691 425 727; x_wconf 87' lang='lat' dir='ltr'>eis</span> <span class='ocrx_word' id='word_1_86' title='bbox 451 691 629 739; x_wconf 88' lang='lat' dir='ltr'>placandis</span> <span class='ocrx_word' id='word_1_87' title='bbox 655 691 838 735; x_wconf 84' lang='lat' dir='ltr'>sollicitus,</span> <span class='ocrx_word' id='word_1_88' title='bbox 873 693 916 727; x_wconf 78' lang='lat' dir='ltr'>ut</span> <span class='ocrx_word' id='word_1_89' title='bbox 941 692 1121 728; x_wconf 75' lang='lat' dir='ltr'>Christum</span> <span class='ocrx_word' id='word_1_90' title='bbox 1147 692 1338 729; x_wconf 88' lang='lat' dir='ltr'>Dominum</span> <span class='ocrx_word' id='word_1_91' title='bbox 1364 694 1466 730; x_wconf 83' lang='lat' dir='ltr'>video</span> <span class='ocrx_word' id='word_1_92' title='bbox 1493 695 1600 731; x_wconf 84' lang='lat' dir='ltr'>fuisse</span> <span class='ocrx_word' id='word_1_93' title='bbox 1625 696 1719 731; x_wconf 88' lang='lat' dir='ltr'>solli-</span> 
     </span>
     <span class='ocr_line' id='line_1_11' title="bbox 182 752 1721 805; baseline 0.003 -16"><span class='ocrx_word' id='word_1_94' title='bbox 182 752 295 790; x_wconf 85' lang='lat' dir='ltr'>citum</span> <span class='ocrx_word' id='word_1_95' title='bbox 326 753 364 789; x_wconf 92' lang='lat' dir='ltr'>in</span> <span class='ocrx_word' id='word_1_96' title='bbox 395 752 573 800; x_wconf 80' lang='lat' dir='ltr'>placandis</span> <span class='ocrx_word' id='word_1_97' title='bbox 606 753 829 800; x_wconf 87' lang='lat' dir='ltr'>Principibus</span> <span class='ocrx_word' id='word_1_98' title='bbox 863 753 1090 790; x_wconf 75' lang='lat' dir='ltr'>sacerdotum</span> <span class='ocrx_word' id='word_1_99' title='bbox 1117 756 1153 790; x_wconf 89' lang='lat' dir='ltr'>et</span> <span class='ocrx_word' id='word_1_100' title='bbox 1178 754 1386 792; x_wconf 87' lang='lat' dir='ltr'>Pharisaeis.</span> <span class='ocrx_word' id='word_1_101' title='bbox 1435 757 1541 804; x_wconf 86' lang='lat' dir='ltr'><strong>Apud</strong></span> <span class='ocrx_word' id='word_1_102' title='bbox 1572 757 1648 805; x_wconf 89' lang='lat' dir='ltr'>pios</span> <span class='ocrx_word' id='word_1_103' title='bbox 1681 769 1721 793; x_wconf 88' lang='lat' dir='ltr'>ac</span> 
     </span>
     <span class='ocr_line' id='line_1_12' title="bbox 183 813 1721 866; baseline 0.004 -17"><span class='ocrx_word' id='word_1_104' title='bbox 183 813 317 861; x_wconf 86' lang='lat' dir='ltr'>gloriae</span> <span class='ocrx_word' id='word_1_105' title='bbox 342 814 410 850; x_wconf 90' lang='lat' dir='ltr'>Dei</span> <span class='ocrx_word' id='word_1_106' title='bbox 434 814 612 850; x_wconf 88' lang='lat' dir='ltr'>studiosos</span> <span class='ocrx_word' id='word_1_107' title='bbox 638 814 793 850; x_wconf 87' lang='lat' dir='ltr'>homines</span> <span class='ocrx_word' id='word_1_108' title='bbox 818 814 995 860; x_wconf 85' lang='lat' dir='ltr'>gratiosus</span> <span class='ocrx_word' id='word_1_109' title='bbox 1031 827 1105 851; x_wconf 87' lang='lat' dir='ltr'>esse</span> <span class='ocrx_word' id='word_1_110' title='bbox 1137 815 1239 863; x_wconf 88' lang='lat' dir='ltr'>cupio</span> <span class='ocrx_word' id='word_1_111' title='bbox 1274 829 1420 863; x_wconf 89' lang='lat' dir='ltr'>meaque</span> <span class='ocrx_word' id='word_1_112' title='bbox 1454 817 1523 854; x_wconf 88' lang='lat' dir='ltr'>illis</span> <span class='ocrx_word' id='word_1_113' title='bbox 1541 821 1625 866; x_wconf 89' lang='lat' dir='ltr'>opto</span> <span class='ocrx_word' id='word_1_114' title='bbox 1642 831 1721 866; x_wconf 88' lang='lat' dir='ltr'>pro-</span> 
     </span>
     <span class='ocr_line' id='line_1_13' title="bbox 187 875 1721 921; baseline 0.003 -10"><span class='ocrx_word' id='word_1_115' title='bbox 187 875 260 911; x_wconf 91' lang='lat' dir='ltr'>bari</span> <span class='ocrx_word' id='word_1_116' title='bbox 285 876 411 919; x_wconf 89' lang='lat' dir='ltr'>omnia,</span> <span class='ocrx_word' id='word_1_117' title='bbox 431 879 467 912; x_wconf 86' lang='lat' dir='ltr'>et</span> <span class='ocrx_word' id='word_1_118' title='bbox 487 878 530 912; x_wconf 81' lang='lat' dir='ltr'>ut</span> <span class='ocrx_word' id='word_1_119' title='bbox 555 889 619 912; x_wconf 89' lang='lat' dir='ltr'>nos</span> <span class='ocrx_word' id='word_1_120' title='bbox 644 876 682 912; x_wconf 88' lang='lat' dir='ltr'>in</span> <span class='ocrx_word' id='word_1_121' title='bbox 707 878 832 912; x_wconf 87' lang='lat' dir='ltr'>mutua</span> <span class='ocrx_word' id='word_1_122' title='bbox 857 876 1027 912; x_wconf 72' lang='lat' dir='ltr'>charitate</span> <span class='ocrx_word' id='word_1_123' title='bbox 1054 876 1216 921; x_wconf 88' lang='lat' dir='ltr'>feramus,</span> <span class='ocrx_word' id='word_1_124' title='bbox 1234 898 1282 905; x_wconf 92' lang='lat'><strong>—</strong></span> <span class='ocrx_word' id='word_1_125' title='bbox 1299 878 1358 914; x_wconf 89' lang='lat' dir='ltr'>sed</span> <span class='ocrx_word' id='word_1_126' title='bbox 1383 891 1462 914; x_wconf 91' lang='lat' dir='ltr'>cum</span> <span class='ocrx_word' id='word_1_127' title='bbox 1488 879 1721 916; x_wconf 82' lang='lat' dir='ltr'>contentiosis</span> 
     </span>
     <span class='ocr_line' id='line_1_14' title="bbox 186 936 1720 986; baseline 0.003 -13"><span class='ocrx_word' id='word_1_128' title='bbox 186 938 222 973; x_wconf 88' lang='lat' dir='ltr'>et</span> <span class='ocrx_word' id='word_1_129' title='bbox 239 936 458 973; x_wconf 88' lang='lat' dir='ltr'>turbulentis</span> <span class='ocrx_word' id='word_1_130' title='bbox 472 937 683 981; x_wconf 83' lang='lat' dir='ltr'>hominibus,</span> <span class='ocrx_word' id='word_1_131' title='bbox 702 950 769 974; x_wconf 89' lang='lat' dir='ltr'>non</span> <span class='ocrx_word' id='word_1_132' title='bbox 789 937 893 985; x_wconf 90' lang='lat' dir='ltr'>cupio</span> <span class='ocrx_word' id='word_1_133' title='bbox 918 937 1004 973; x_wconf 89' lang='lat' dir='ltr'>mihi</span> <span class='ocrx_word' id='word_1_134' title='bbox 1029 938 1183 974; x_wconf 81' lang='lat' dir='ltr'>multum</span> <span class='ocrx_word' id='word_1_135' title='bbox 1209 951 1283 975; x_wconf 90' lang='lat' dir='ltr'>esse</span> <span class='ocrx_word' id='word_1_136' title='bbox 1302 940 1449 986; x_wconf 82' lang='lat' dir='ltr'>negotii.</span> <span class='ocrx_word' id='word_1_137' title='bbox 1476 940 1572 976; x_wconf 87' lang='lat' dir='ltr'>Male</span> <span class='ocrx_word' id='word_1_138' title='bbox 1589 943 1625 977; x_wconf 89' lang='lat' dir='ltr'>te</span> <span class='ocrx_word' id='word_1_139' title='bbox 1639 941 1720 977; x_wconf 85' lang='lat' dir='ltr'>istic</span> 
     </span>
     <span class='ocr_line' id='line_1_15' title="bbox 185 999 1720 1043; baseline 0.003 -9"><span class='ocrx_word' id='word_1_140' title='bbox 185 999 308 1035; x_wconf 88' lang='lat' dir='ltr'>audire</span> <span class='ocrx_word' id='word_1_141' title='bbox 337 999 424 1034; x_wconf 89' lang='lat' dir='ltr'>nihil</span> <span class='ocrx_word' id='word_1_142' title='bbox 449 999 567 1043; x_wconf 90' lang='lat' dir='ltr'>miror,</span> <span class='ocrx_word' id='word_1_143' title='bbox 594 999 641 1035; x_wconf 89' lang='lat' dir='ltr'>mi</span> <span class='ocrx_word' id='word_1_144' title='bbox 666 999 836 1035; x_wconf 84' lang='lat' dir='ltr'>Albcrte!</span> <span class='ocrx_word' id='word_1_145' title='bbox 863 1001 933 1036; x_wconf 89' lang='lat' dir='ltr'>imo</span> <span class='ocrx_word' id='word_1_146' title='bbox 960 1012 1043 1036; x_wconf 89' lang='lat' dir='ltr'>vero</span> <span class='ocrx_word' id='word_1_147' title='bbox 1069 1002 1105 1036; x_wconf 92' lang='lat' dir='ltr'>te</span> <span class='ocrx_word' id='word_1_148' title='bbox 1130 1000 1182 1036; x_wconf 85' lang='lat' dir='ltr'>ita</span> <span class='ocrx_word' id='word_1_149' title='bbox 1207 999 1294 1036; x_wconf 89' lang='lat' dir='ltr'>bene</span> <span class='ocrx_word' id='word_1_150' title='bbox 1318 1001 1431 1038; x_wconf 88' lang='lat' dir='ltr'>adhuc</span> <span class='ocrx_word' id='word_1_151' title='bbox 1456 1002 1577 1039; x_wconf 89' lang='lat' dir='ltr'>audire</span> <span class='ocrx_word' id='word_1_152' title='bbox 1602 1003 1720 1039; x_wconf 86' lang='lat' dir='ltr'>miror.</span> 
     </span>
     <span class='ocr_line' id='line_1_16' title="bbox 184 1060 1722 1110; baseline 0.003 -14"><span class='ocrx_word' id='word_1_153' title='bbox 184 1060 336 1107; x_wconf 79' lang='lat' dir='ltr'>Quinam</span> <span class='ocrx_word' id='word_1_154' title='bbox 371 1073 454 1097; x_wconf 90' lang='lat' dir='ltr'>vero</span> <span class='ocrx_word' id='word_1_155' title='bbox 487 1061 601 1097; x_wconf 87' lang='lat' dir='ltr'>nostri</span> <span class='ocrx_word' id='word_1_156' title='bbox 626 1063 663 1098; x_wconf 88' lang='lat' dir='ltr'>te</span> <span class='ocrx_word' id='word_1_157' title='bbox 687 1061 875 1108; x_wconf 84' lang='lat' dir='ltr'>flagellent,</span> <span class='ocrx_word' id='word_1_158' title='bbox 901 1061 1002 1110; x_wconf 87' lang='lat' dir='ltr'>plane</span> <span class='ocrx_word' id='word_1_159' title='bbox 1027 1061 1154 1105; x_wconf 85' lang='lat' dir='ltr'>nescio,</span> <span class='ocrx_word' id='word_1_160' title='bbox 1180 1062 1293 1098; x_wconf 86' lang='lat' dir='ltr'>multo</span> <span class='ocrx_word' id='word_1_161' title='bbox 1319 1063 1445 1106; x_wconf 85' lang='lat' dir='ltr'>minus,</span> <span class='ocrx_word' id='word_1_162' title='bbox 1472 1063 1612 1110; x_wconf 88' lang='lat' dir='ltr'>quinam</span> <span class='ocrx_word' id='word_1_163' title='bbox 1639 1065 1722 1109; x_wconf 89' lang='lat' dir='ltr'>sint,</span> 
     </span>
     <span class='ocr_line' id='line_1_17' title="bbox 186 1123 1720 1174; baseline 0.003 -16"><span class='ocrx_word' id='word_1_164' title='bbox 186 1123 248 1170; x_wconf 89' lang='lat' dir='ltr'>qui</span> <span class='ocrx_word' id='word_1_165' title='bbox 282 1126 319 1159; x_wconf 90' lang='lat' dir='ltr'>te</span> <span class='ocrx_word' id='word_1_166' title='bbox 343 1123 511 1159; x_wconf 86' lang='lat' dir='ltr'>musicam</span> <span class='ocrx_word' id='word_1_167' title='bbox 536 1123 655 1161; x_wconf 86' lang='lat' dir='ltr'>vivere</span> <span class='ocrx_word' id='word_1_168' title='bbox 681 1123 790 1160; x_wconf 82' lang='lat' dir='ltr'>vitam</span> <span class='ocrx_word' id='word_1_169' title='bbox 815 1126 954 1171; x_wconf 88' lang='lat' dir='ltr'>putent,</span> <span class='ocrx_word' id='word_1_170' title='bbox 981 1123 1076 1171; x_wconf 90' lang='lat' dir='ltr'>quod</span> <span class='ocrx_word' id='word_1_171' title='bbox 1103 1124 1219 1172; x_wconf 89' lang='lat' dir='ltr'>ipsum</span> <span class='ocrx_word' id='word_1_172' title='bbox 1245 1137 1289 1160; x_wconf 90' lang='lat' dir='ltr'>ne</span> <span class='ocrx_word' id='word_1_173' title='bbox 1314 1137 1378 1172; x_wconf 83' lang='lat' dir='ltr'>ego</span> <span class='ocrx_word' id='word_1_174' title='bbox 1404 1125 1545 1172; x_wconf 89' lang='lat' dir='ltr'>quidem</span> <span class='ocrx_word' id='word_1_175' title='bbox 1571 1126 1645 1174; x_wconf 85' lang='lat' dir='ltr'>ipse</span> <span class='ocrx_word' id='word_1_176' title='bbox 1669 1139 1720 1162; x_wconf 86' lang='lat' dir='ltr'>sa-</span> 
     </span>
     <span class='ocr_line' id='line_1_18' title="bbox 185 1184 1718 1232; baseline 0.002 -12"><span class='ocrx_word' id='word_1_177' title='bbox 185 1185 233 1220; x_wconf 88' lang='lat' dir='ltr'>tis</span> <span class='ocrx_word' id='word_1_178' title='bbox 257 1184 430 1232; x_wconf 85' lang='lat' dir='ltr'>intelligo.</span> <span class='ocrx_word' id='word_1_179' title='bbox 473 1185 543 1222; x_wconf 79' lang='lat' dir='ltr'>Fac</span> <span class='ocrx_word' id='word_1_180' title='bbox 575 1187 618 1221; x_wconf 86' lang='lat' dir='ltr'>ut</span> <span class='ocrx_word' id='word_1_181' title='bbox 653 1186 758 1221; x_wconf 90' lang='lat' dir='ltr'>sciam</span> <span class='ocrx_word' id='word_1_182' title='bbox 784 1187 820 1222; x_wconf 77' lang='lat' dir='ltr'>et</span> <span class='ocrx_word' id='word_1_183' title='bbox 854 1185 989 1222; x_wconf 88' lang='lat' dir='ltr'>videbis</span> <span class='ocrx_word' id='word_1_184' title='bbox 1015 1198 1069 1222; x_wconf 88' lang='lat' dir='ltr'>me</span> <span class='ocrx_word' id='word_1_185' title='bbox 1094 1198 1165 1222; x_wconf 91' lang='lat' dir='ltr'>non</span> <span class='ocrx_word' id='word_1_186' title='bbox 1192 1186 1266 1222; x_wconf 91' lang='lat' dir='ltr'>fore</span> <span class='ocrx_word' id='word_1_187' title='bbox 1291 1189 1442 1223; x_wconf 87' lang='lat' dir='ltr'>mutum.</span> <span class='ocrx_word' id='word_1_188' title='bbox 1492 1187 1547 1223; x_wconf 89' lang='lat' dir='ltr'>De</span> <span class='ocrx_word' id='word_1_189' title='bbox 1571 1200 1626 1223; x_wconf 91' lang='lat' dir='ltr'>me</span> <span class='ocrx_word' id='word_1_190' title='bbox 1651 1187 1718 1223; x_wconf 85' lang='lat' dir='ltr'>tibi</span> 
     </span>
    </p>
   </div>
   <div class='ocr_carea' id='block_1_3' title="bbox 184 1246 1720 1356">
    <p class='ocr_par' dir='ltr' id='par_1_4' title="bbox 184 1246 1720 1356">
     <span class='ocr_line' id='line_1_19' title="bbox 184 1246 1720 1295; baseline 0.002 -13"><span class='ocrx_word' id='word_1_191' title='bbox 184 1247 285 1293; x_wconf 91' lang='lat' dir='ltr'>potes</span> <span class='ocrx_word' id='word_1_192' title='bbox 316 1246 485 1293; x_wconf 85' lang='lat' dir='ltr'>polliceri,</span> <span class='ocrx_word' id='word_1_193' title='bbox 519 1246 614 1294; x_wconf 91' lang='lat' dir='ltr'>quod</span> <span class='ocrx_word' id='word_1_194' title='bbox 649 1247 692 1283; x_wconf 91' lang='lat' dir='ltr'>de</span> <span class='ocrx_word' id='word_1_195' title='bbox 724 1247 871 1294; x_wconf 88' lang='lat' dir='ltr'>teipso,</span> <span class='ocrx_word' id='word_1_196' title='bbox 903 1247 1005 1295; x_wconf 83' lang='lat' dir='ltr'>plura</span> <span class='ocrx_word' id='word_1_197' title='bbox 1030 1247 1098 1283; x_wconf 84' lang='lat' dir='ltr'>iam</span> <span class='ocrx_word' id='word_1_198' title='bbox 1124 1260 1195 1284; x_wconf 91' lang='lat' dir='ltr'>non</span> <span class='ocrx_word' id='word_1_199' title='bbox 1219 1260 1371 1295; x_wconf 87' lang='lat' dir='ltr'>possum.</span> <span class='ocrx_word' id='word_1_200' title='bbox 1421 1248 1522 1285; x_wconf 89' lang='lat' dir='ltr'>Vale.</span> <span class='ocrx_word' id='word_1_201' title='bbox 1573 1249 1720 1285; x_wconf 86' lang='lat' dir='ltr'>Caetera</span> 
     </span>
     <span class='ocr_line' id='line_1_20' title="bbox 187 1306 1130 1356; baseline 0.002 -14"><span class='ocrx_word' id='word_1_202' title='bbox 187 1306 399 1344; x_wconf 86' lang='lat' dir='ltr'>Lambertus</span> <span class='ocrx_word' id='word_1_203' title='bbox 424 1309 557 1344; x_wconf 88' lang='lat' dir='ltr'>noster.</span> <span class='ocrx_word' id='word_1_204' title='bbox 586 1308 774 1356; x_wconf 87' lang='lat' dir='ltr'>[Aemdae]</span> <span class='ocrx_word' id='word_1_205' title='bbox 803 1309 847 1344; x_wconf 80' lang='lat'>28</span> <span class='ocrx_word' id='word_1_206' title='bbox 873 1308 998 1345; x_wconf 89' lang='lat' dir='ltr'>Martii</span> <span class='ocrx_word' id='word_1_207' title='bbox 1023 1309 1130 1345; x_wconf 77' lang='lat'>1554.</span> 
     </span>
    </p>
   </div>
   <div class='ocr_carea' id='block_1_4' title="bbox 190 1396 440 1401">
    <p class='ocr_par' dir='ltr' id='par_1_5' title="bbox 190 1396 440 1401">
     <span class='ocr_line' id='line_1_21' title="bbox 190 1396 440 1401; baseline 0 0"><span class='ocrx_word' id='word_1_208' title='bbox 190 1396 440 1401; x_wconf 95' lang='lat' dir='ltr'> </span> 
     </span>
    </p>
   </div>
   <div class='ocr_carea' id='block_1_5' title="bbox 183 1439 1725 1768">
    <p class='ocr_par' dir='ltr' id='par_1_6' title="bbox 183 1439 1725 1768">
     <span class='ocr_line' id='line_1_22' title="bbox 229 1439 1723 1489; baseline 0.001 -11"><span class='ocrx_word' id='word_1_209' title='bbox 229 1448 254 1487; x_wconf 89' lang='lat'>¹)</span> <span class='ocrx_word' id='word_1_210' title='bbox 278 1447 437 1489; x_wconf 78' lang='lat' dir='ltr'>Intelligit</span> <span class='ocrx_word' id='word_1_211' title='bbox 452 1446 519 1478; x_wconf 86' lang='lat' dir='ltr'>sive</span> <span class='ocrx_word' id='word_1_212' title='bbox 536 1447 658 1479; x_wconf 73' lang='lat' dir='ltr'>Cateeh.</span> <span class='ocrx_word' id='word_1_213' title='bbox 675 1458 736 1489; x_wconf 91' lang='lat' dir='ltr'>quo</span> <span class='ocrx_word' id='word_1_214' title='bbox 753 1449 828 1478; x_wconf 80' lang='lat' dir='ltr'>tunc</span> <span class='ocrx_word' id='word_1_215' title='bbox 847 1447 1028 1485; x_wconf 85' lang='lat' dir='ltr'>utebantur,</span> <span class='ocrx_word' id='word_1_216' title='bbox 1046 1447 1113 1478; x_wconf 82' lang='lat' dir='ltr'>sive</span> <span class='ocrx_word' id='word_1_217' title='bbox 1127 1446 1290 1487; x_wconf 77' lang='lat' dir='ltr'>Epitomen</span> <span class='ocrx_word' id='word_1_218' title='bbox 1303 1439 1487 1480; x_wconf 66' lang='lat' dir='ltr'>Doctrinae.</span> <span class='ocrx_word' id='word_1_219' title='bbox 1530 1447 1558 1488; x_wconf 69' lang='grc'>2&gt;</span> <span class='ocrx_word' id='word_1_220' title='bbox 1575 1447 1635 1489; x_wconf 80' lang='lat' dir='ltr'>Ep.</span> <span class='ocrx_word' id='word_1_221' title='bbox 1648 1447 1723 1479; x_wconf 88' lang='lat' dir='ltr'>illae</span> 
     </span>
     <span class='ocr_line' id='line_1_23' title="bbox 186 1502 1725 1542; baseline 0.001 -9"><span class='ocrx_word' id='word_1_222' title='bbox 186 1502 226 1533; x_wconf 87' lang='lat' dir='ltr'>ad</span> <span class='ocrx_word' id='word_1_223' title='bbox 247 1502 331 1534; x_wconf 88' lang='lat' dir='ltr'>Min.</span> <span class='ocrx_word' id='word_1_224' title='bbox 353 1502 441 1534; x_wconf 85' lang='lat' dir='ltr'>Eccl.</span> <span class='ocrx_word' id='word_1_225' title='bbox 458 1503 564 1534; x_wconf 88' lang='lat' dir='ltr'>Brcm.</span> <span class='ocrx_word' id='word_1_226' title='bbox 589 1503 622 1533; x_wconf 92' lang='lat' dir='ltr'>in</span> <span class='ocrx_word' id='word_1_227' title='bbox 646 1514 707 1534; x_wconf 85' lang='lat' dir='ltr'>scr.</span> <span class='ocrx_word' id='word_1_228' title='bbox 731 1503 839 1534; x_wconf 84' lang='lat' dir='ltr'>Brem.</span> <span class='ocrx_word' id='word_1_229' title='bbox 864 1503 1099 1534; x_wconf 83' lang='lat' dir='ltr'>desiderantur.</span> <span class='ocrx_word' id='word_1_230' title='bbox 1145 1502 1171 1542; x_wconf 83' lang='lat'>3)</span> <span class='ocrx_word' id='word_1_231' title='bbox 1196 1502 1246 1533; x_wconf 83' lang='lat' dir='ltr'>De</span> <span class='ocrx_word' id='word_1_232' title='bbox 1268 1502 1490 1541; x_wconf 70' lang='lat' dir='ltr'>Saeramentis,</span> <span class='ocrx_word' id='word_1_233' title='bbox 1514 1503 1657 1535; x_wconf 76' lang='lat' dir='ltr'>a⁰.1552</span> <span class='ocrx_word' id='word_1_234' title='bbox 1675 1504 1725 1535; x_wconf 90' lang='lat' dir='ltr'>ed.</span> 
     </span>
     <span class='ocr_line' id='line_1_24' title="bbox 183 1557 1723 1601; baseline 0.001 -12"><span class='ocrx_word' id='word_1_235' title='bbox 183 1558 211 1597; x_wconf 73' lang='lat'>4)</span> <span class='ocrx_word' id='word_1_236' title='bbox 235 1558 425 1589; x_wconf 82' lang='lat' dir='ltr'>Praefamen</span> <span class='ocrx_word' id='word_1_237' title='bbox 455 1557 535 1589; x_wconf 91' lang='lat' dir='ltr'>illud</span> <span class='ocrx_word' id='word_1_238' title='bbox 562 1558 729 1600; x_wconf 72' lang='lat' dir='ltr'>praemisit</span> <span class='ocrx_word' id='word_1_239' title='bbox 758 1557 868 1589; x_wconf 89' lang='lat' dir='ltr'>libello</span> <span class='ocrx_word' id='word_1_240' title='bbox 897 1569 953 1590; x_wconf 92' lang='grc'>5110</span> <span class='ocrx_word' id='word_1_241' title='bbox 983 1558 1130 1596; x_wconf 83' lang='lat' dir='ltr'>„Forma</span> <span class='ocrx_word' id='word_1_242' title='bbox 1159 1569 1198 1589; x_wconf 76' lang='lat' dir='ltr'>ao</span> <span class='ocrx_word' id='word_1_243' title='bbox 1229 1558 1356 1590; x_wconf 39' lang='lat' dir='ltr'>Ratio&amp;</span> <span class='ocrx_word' id='word_1_244' title='bbox 1381 1558 1473 1590; x_wconf 87' lang='lat'>1555.</span> <span class='ocrx_word' id='word_1_245' title='bbox 1526 1559 1552 1599; x_wconf 87' lang='lat'>⁵)</span> <span class='ocrx_word' id='word_1_246' title='bbox 1576 1559 1723 1601; x_wconf 80' lang='lat' dir='ltr'>Respicit</span> 
     </span>
     <span class='ocr_line' id='line_1_25' title="bbox 185 1613 1720 1656; baseline 0.001 -11"><span class='ocrx_word' id='word_1_247' title='bbox 185 1614 296 1645; x_wconf 83' lang='lat' dir='ltr'>verba:</span> <span class='ocrx_word' id='word_1_248' title='bbox 325 1614 460 1645; x_wconf 77' lang='lat' dir='ltr'>Gladius</span> <span class='ocrx_word' id='word_1_249' title='bbox 487 1614 522 1645; x_wconf 73' lang='lat' dir='ltr'>in</span> <span class='ocrx_word' id='word_1_250' title='bbox 551 1613 628 1645; x_wconf 76' lang='lat' dir='ltr'>istos</span> <span class='ocrx_word' id='word_1_251' title='bbox 659 1614 864 1656; x_wconf 68' lang='lat' dir='ltr'>strinyendus</span> <span class='ocrx_word' id='word_1_252' title='bbox 896 1617 984 1652; x_wconf 76' lang='lat' dir='ltr'>esset,</span> <span class='ocrx_word' id='word_1_253' title='bbox 1009 1614 1124 1656; x_wconf 86' lang='lat' dir='ltr'>quibus</span> <span class='ocrx_word' id='word_1_254' title='bbox 1147 1614 1355 1656; x_wconf 86' lang='lat' dir='ltr'>Westphalus</span> <span class='ocrx_word' id='word_1_255' title='bbox 1378 1625 1454 1646; x_wconf 82' lang='lat' dir='ltr'>usus</span> <span class='ocrx_word' id='word_1_256' title='bbox 1478 1626 1545 1647; x_wconf 83' lang='lat' dir='ltr'>esse</span> <span class='ocrx_word' id='word_1_257' title='bbox 1570 1618 1720 1647; x_wconf 81' lang='lat' dir='ltr'>narratur</span> 
     </span>
     <span class='ocr_line' id='line_1_26' title="bbox 184 1669 1717 1712; baseline 0.001 -12"><span class='ocrx_word' id='word_1_258' title='bbox 184 1669 365 1702; x_wconf 78' lang='lat' dir='ltr'>UTENHOV.</span> <span class='ocrx_word' id='word_1_259' title='bbox 386 1680 412 1700; x_wconf 80' lang='lat' dir='ltr'>s.</span> <span class='ocrx_word' id='word_1_260' title='bbox 434 1681 465 1701; x_wconf 79' lang='lat' dir='ltr'>a.</span> <span class='ocrx_word' id='word_1_261' title='bbox 486 1671 513 1708; x_wconf 76' lang='lat' dir='ltr'>f.</span> <span class='ocrx_word' id='word_1_262' title='bbox 536 1680 624 1700; x_wconf 80' lang='lat' dir='ltr'>narr.</span> <span class='ocrx_word' id='word_1_263' title='bbox 648 1680 679 1711; x_wconf 90' lang='lat' dir='ltr'>p.</span> <span class='ocrx_word' id='word_1_264' title='bbox 703 1670 774 1701; x_wconf 76' lang='lat'>212.</span> <span class='ocrx_word' id='word_1_265' title='bbox 819 1670 930 1701; x_wconf 84' lang='lat' dir='ltr'>Simile</span> <span class='ocrx_word' id='word_1_266' title='bbox 953 1670 1020 1702; x_wconf 88' lang='lat' dir='ltr'>eius</span> <span class='ocrx_word' id='word_1_267' title='bbox 1045 1670 1166 1702; x_wconf 87' lang='lat' dir='ltr'>dictum</span> <span class='ocrx_word' id='word_1_268' title='bbox 1189 1670 1308 1712; x_wconf 83' lang='lat' dir='ltr'>legitur</span> <span class='ocrx_word' id='word_1_269' title='bbox 1330 1670 1363 1702; x_wconf 91' lang='lat' dir='ltr'>in</span> <span class='ocrx_word' id='word_1_270' title='bbox 1387 1671 1454 1702; x_wconf 89' lang='lat' dir='ltr'>eius</span> <span class='ocrx_word' id='word_1_271' title='bbox 1477 1671 1517 1703; x_wconf 83' lang='lat' dir='ltr'>de</span> <span class='ocrx_word' id='word_1_272' title='bbox 1539 1682 1634 1703; x_wconf 76' lang='lat' dir='ltr'>coena</span> <span class='ocrx_word' id='word_1_273' title='bbox 1659 1671 1717 1703; x_wconf 90' lang='lat' dir='ltr'>lib.</span> 
     </span>
     <span class='ocr_line' id='line_1_27' title="bbox 183 1725 681 1768; baseline 0 -11"><span class='ocrx_word' id='word_1_274' title='bbox 183 1728 265 1758; x_wconf 85' lang='lat' dir='ltr'>teste</span> <span class='ocrx_word' id='word_1_275' title='bbox 290 1727 456 1764; x_wconf 71' lang='lat' dir='ltr'>GnAssvm,</span> <span class='ocrx_word' id='word_1_276' title='bbox 480 1737 509 1758; x_wconf 92' lang='grc'>0.</span> <span class='ocrx_word' id='word_1_277' title='bbox 533 1726 554 1757; x_wconf 93' lang='lat' dir='ltr'>l.</span> <span class='ocrx_word' id='word_1_278' title='bbox 576 1737 608 1768; x_wconf 86' lang='lat' dir='ltr'>p.</span> <span class='ocrx_word' id='word_1_279' title='bbox 632 1725 681 1758; x_wconf 87' lang='lat'>87.</span> 
     </span>
    </p>
   </div>
   <div class='ocr_carea' id='block_1_6' title="bbox 185 1963 1717 2122">
    <p class='ocr_par' dir='ltr' id='par_1_7' title="bbox 185 1963 1717 2122">
     <span class='ocr_line' id='line_1_28' title="bbox 185 1963 1717 2013; baseline 0.001 -14"><span class='ocrx_word' id='word_1_280' title='bbox 185 1963 249 2000; x_wconf 60' lang='grc' dir='ltr'>ΝΟ.</span> <span class='ocrx_word' id='word_1_281' title='bbox 277 1963 356 1999; x_wconf 83' lang='grc'>10].</span> <span class='ocrx_word' id='word_1_282' title='bbox 936 1964 969 1999; x_wconf 90' lang='lat' dir='ltr'>A</span> <span class='ocrx_word' id='word_1_283' title='bbox 1299 1964 1347 2011; x_wconf 84' lang='lat' dir='ltr'>[Ex</span> <span class='ocrx_word' id='word_1_284' title='bbox 1361 1966 1429 2001; x_wconf 70' lang='lat' dir='ltr'>neh.</span> <span class='ocrx_word' id='word_1_285' title='bbox 1443 1968 1579 2009; x_wconf 66' lang='lat' dir='ltr'>Sceniiug.</span> <span class='ocrx_word' id='word_1_286' title='bbox 1593 1965 1717 2013; x_wconf 66' lang='lat' dir='ltr'>Region]</span> 
     </span>
     <span class='ocr_line' id='line_1_29' title="bbox 733 2086 1178 2122; baseline -0.004 0"><span class='ocrx_word' id='word_1_287' title='bbox 733 2086 791 2122; x_wconf 90' lang='lat' dir='ltr'>Ad</span> <span class='ocrx_word' id='word_1_288' title='bbox 818 2086 953 2122; x_wconf 74' lang='lat' dir='ltr'>Ducm</span> <span class='ocrx_word' id='word_1_289' title='bbox 979 2086 1178 2122; x_wconf 74' lang='lat' dir='ltr'>PnnsslAn.</span> 
     </span>
    </p>
   </div>
   <div class='ocr_carea' id='block_1_7' title="bbox 234 2207 1716 2254">
    <p class='ocr_par' dir='ltr' id='par_1_8' title="bbox 234 2207 1716 2254">
     <span class='ocr_line' id='line_1_30' title="bbox 234 2207 1716 2254; baseline -0.003 -8"><span class='ocrx_word' id='word_1_290' title='bbox 234 2210 323 2246; x_wconf 86' lang='lat' dir='ltr'>Cum</span> <span class='ocrx_word' id='word_1_291' title='bbox 349 2210 417 2246; x_wconf 84' lang='lat' dir='ltr'>iter</span> <span class='ocrx_word' id='word_1_292' title='bbox 441 2210 534 2246; x_wconf 88' lang='lat' dir='ltr'>istuc</span> <span class='ocrx_word' id='word_1_293' title='bbox 561 2222 663 2246; x_wconf 88' lang='lat' dir='ltr'>suum</span> <span class='ocrx_word' id='word_1_294' title='bbox 689 2210 732 2246; x_wconf 85' lang='lat' dir='ltr'>ad</span> <span class='ocrx_word' id='word_1_295' title='bbox 756 2211 854 2246; x_wconf 83' lang='lat' dir='ltr'>tuam</span> <span class='ocrx_word' id='word_1_296' title='bbox 880 2209 1133 2245; x_wconf 87' lang='lat' dir='ltr'>Celsitudinem</span> <span class='ocrx_word' id='word_1_297' title='bbox 1159 2207 1365 2244; x_wconf 85' lang='lat' dir='ltr'>institueret</span> <span class='ocrx_word' id='word_1_298' title='bbox 1391 2207 1437 2244; x_wconf 94' lang='lat' dir='ltr'>D.</span> <span class='ocrx_word' id='word_1_299' title='bbox 1463 2207 1648 2254; x_wconf 88' lang='lat' dir='ltr'>Gnapheus</span> <span class='ocrx_word' id='word_1_300' title='bbox 1675 2209 1716 2254; x_wconf 85' lang='lat'>¹),</span> 
     </span>
    </p>
   </div>
   <div class='ocr_carea' id='block_1_8' title="bbox 185 2269 1783 2320">
    <p class='ocr_par' dir='ltr' id='par_1_9' title="bbox 185 2269 1783 2320">
     <span class='ocr_line' id='line_1_31' title="bbox 185 2269 1783 2320; baseline -0.003 -9"><span class='ocrx_word' id='word_1_301' title='bbox 185 2275 406 2312; x_wconf 88' lang='lat' dir='ltr'>committere</span> <span class='ocrx_word' id='word_1_302' title='bbox 439 2274 550 2318; x_wconf 88' lang='lat' dir='ltr'>nolui,</span> <span class='ocrx_word' id='word_1_303' title='bbox 585 2275 627 2310; x_wconf 90' lang='lat' dir='ltr'>ut</span> <span class='ocrx_word' id='word_1_304' title='bbox 653 2274 727 2309; x_wconf 92' lang='lat' dir='ltr'>sine</span> <span class='ocrx_word' id='word_1_305' title='bbox 751 2273 837 2309; x_wconf 90' lang='lat' dir='ltr'>meis</span> <span class='ocrx_word' id='word_1_306' title='bbox 862 2273 976 2309; x_wconf 87' lang='lat' dir='ltr'>literis</span> <span class='ocrx_word' id='word_1_307' title='bbox 1001 2272 1045 2308; x_wconf 88' lang='lat' dir='ltr'>ad</span> <span class='ocrx_word' id='word_1_308' title='bbox 1069 2274 1167 2308; x_wconf 88' lang='lat' dir='ltr'>tuam</span> <span class='ocrx_word' id='word_1_309' title='bbox 1204 2269 1457 2306; x_wconf 76' lang='lat' dir='ltr'>celsitudinem</span> <span class='ocrx_word' id='word_1_310' title='bbox 1496 2270 1643 2312; x_wconf 88' lang='lat' dir='ltr'>veniret,</span> <span class='ocrx_word' id='word_1_311' title='bbox 1681 2270 1717 2306; x_wconf 83' lang='lat' dir='ltr'>et</span> <span class='ocrx_word' id='word_1_312' title='bbox 1778 2318 1783 2320; x_wconf 23' lang='lat' dir='ltr'>q</span> 
     </span>
    </p>
   </div>
   <div class='ocr_carea' id='block_1_9' title="bbox 184 2329 1718 2747">
    <p class='ocr_par' dir='ltr' id='par_1_10' title="bbox 184 2329 1718 2747">
     <span class='ocr_line' id='line_1_32' title="bbox 185 2329 1716 2383; baseline -0.005 -12"><span class='ocrx_word' id='word_1_313' title='bbox 185 2348 386 2383; x_wconf 84' lang='lat' dir='ltr'>quanquam</span> <span class='ocrx_word' id='word_1_314' title='bbox 419 2334 506 2370; x_wconf 89' lang='lat' dir='ltr'>nihil</span> <span class='ocrx_word' id='word_1_315' title='bbox 539 2334 611 2371; x_wconf 88' lang='lat' dir='ltr'>fere</span> <span class='ocrx_word' id='word_1_316' title='bbox 642 2334 795 2377; x_wconf 86' lang='lat' dir='ltr'>habeam,</span> <span class='ocrx_word' id='word_1_317' title='bbox 831 2333 926 2381; x_wconf 88' lang='lat' dir='ltr'>quod</span> <span class='ocrx_word' id='word_1_318' title='bbox 959 2332 1071 2369; x_wconf 91' lang='lat' dir='ltr'>literis</span> <span class='ocrx_word' id='word_1_319' title='bbox 1104 2332 1147 2368; x_wconf 90' lang='lat' dir='ltr'>ad</span> <span class='ocrx_word' id='word_1_320' title='bbox 1180 2333 1278 2367; x_wconf 89' lang='lat' dir='ltr'>tuam</span> <span class='ocrx_word' id='word_1_321' title='bbox 1304 2329 1547 2366; x_wconf 87' lang='lat' dir='ltr'>celsitudinem</span> <span class='ocrx_word' id='word_1_322' title='bbox 1571 2329 1716 2377; x_wconf 81' lang='lat' dir='ltr'>dignum</span> 
     </span>
     <span class='ocr_line' id='line_1_33' title="bbox 185 2390 1714 2443; baseline -0.005 -11"><span class='ocrx_word' id='word_1_323' title='bbox 185 2409 331 2443; x_wconf 89' lang='lat' dir='ltr'>quoquo</span> <span class='ocrx_word' id='word_1_324' title='bbox 357 2395 459 2432; x_wconf 85' lang='lat' dir='ltr'>modo</span> <span class='ocrx_word' id='word_1_325' title='bbox 484 2395 596 2431; x_wconf 86' lang='lat' dir='ltr'>videri</span> <span class='ocrx_word' id='word_1_326' title='bbox 620 2395 743 2442; x_wconf 88' lang='lat' dir='ltr'>possit,</span> <span class='ocrx_word' id='word_1_327' title='bbox 769 2397 886 2430; x_wconf 88' lang='lat' dir='ltr'>tamen</span> <span class='ocrx_word' id='word_1_328' title='bbox 911 2394 966 2430; x_wconf 91' lang='lat' dir='ltr'>vel</span> <span class='ocrx_word' id='word_1_329' title='bbox 992 2394 1056 2430; x_wconf 86' lang='lat' dir='ltr'>hoc</span> <span class='ocrx_word' id='word_1_330' title='bbox 1081 2395 1220 2429; x_wconf 88' lang='lat' dir='ltr'>tantum</span> <span class='ocrx_word' id='word_1_331' title='bbox 1248 2391 1472 2427; x_wconf 87' lang='lat' dir='ltr'>indicandum</span> <span class='ocrx_word' id='word_1_332' title='bbox 1498 2403 1573 2426; x_wconf 89' lang='grc'>6556</span> <span class='ocrx_word' id='word_1_333' title='bbox 1590 2390 1714 2438; x_wconf 87' lang='lat' dir='ltr'>putavi</span> 
     </span>
     <span class='ocr_line' id='line_1_34' title="bbox 186 2452 1715 2503; baseline -0.005 -10"><span class='ocrx_word' id='word_1_334' title='bbox 186 2459 268 2493; x_wconf 87' lang='lat' dir='ltr'>tuae</span> <span class='ocrx_word' id='word_1_335' title='bbox 294 2457 515 2500; x_wconf 85' lang='lat' dir='ltr'>Celsitudini,</span> <span class='ocrx_word' id='word_1_336' title='bbox 541 2456 636 2503; x_wconf 86' lang='lat' dir='ltr'>quod</span> <span class='ocrx_word' id='word_1_337' title='bbox 661 2456 862 2503; x_wconf 86' lang='lat' dir='ltr'>iampridem</span> <span class='ocrx_word' id='word_1_338' title='bbox 889 2456 954 2491; x_wconf 87' lang='lat' dir='ltr'>sim</span> <span class='ocrx_word' id='word_1_339' title='bbox 980 2456 1016 2491; x_wconf 91' lang='lat' dir='ltr'>in</span> <span class='ocrx_word' id='word_1_340' title='bbox 1034 2453 1278 2501; x_wconf 82' lang='lat' dir='ltr'>expectatione</span> <span class='ocrx_word' id='word_1_341' title='bbox 1295 2453 1478 2489; x_wconf 87' lang='lat' dir='ltr'>literarum</span> <span class='ocrx_word' id='word_1_342' title='bbox 1495 2452 1617 2498; x_wconf 86' lang='lat' dir='ltr'>ipsius,</span> <span class='ocrx_word' id='word_1_343' title='bbox 1635 2463 1715 2487; x_wconf 85' lang='lat' dir='ltr'>cum</span> 
     </span>
     <span class='ocr_line' id='line_1_35' title="bbox 185 2512 1716 2564; baseline -0.005 -11"><span class='ocrx_word' id='word_1_344' title='bbox 185 2521 302 2553; x_wconf 87' lang='lat' dir='ltr'>ternas</span> <span class='ocrx_word' id='word_1_345' title='bbox 335 2517 493 2564; x_wconf 88' lang='lat' dir='ltr'>alioquin</span> <span class='ocrx_word' id='word_1_346' title='bbox 526 2516 646 2553; x_wconf 84' lang='lat' dir='ltr'>literas</span> <span class='ocrx_word' id='word_1_347' title='bbox 679 2517 748 2552; x_wconf 89' lang='lat' dir='ltr'>iam</span> <span class='ocrx_word' id='word_1_348' title='bbox 782 2516 934 2552; x_wconf 89' lang='lat' dir='ltr'>dederim</span> <span class='ocrx_word' id='word_1_349' title='bbox 967 2516 1010 2552; x_wconf 89' lang='lat' dir='ltr'>ad</span> <span class='ocrx_word' id='word_1_350' title='bbox 1037 2515 1290 2551; x_wconf 88' lang='lat' dir='ltr'>Celsitudinem</span> <span class='ocrx_word' id='word_1_351' title='bbox 1324 2516 1434 2548; x_wconf 90' lang='lat' dir='ltr'>tuam.</span> <span class='ocrx_word' id='word_1_352' title='bbox 1482 2512 1599 2548; x_wconf 87' lang='lat' dir='ltr'>Audio</span> <span class='ocrx_word' id='word_1_353' title='bbox 1633 2523 1716 2547; x_wconf 88' lang='lat' dir='ltr'>vero</span> 
     </span>
     <span class='ocr_line' id='line_1_36' title="bbox 186 2573 1716 2625; baseline -0.005 -11"><span class='ocrx_word' id='word_1_354' title='bbox 186 2581 283 2614; x_wconf 87' lang='lat' dir='ltr'>tuam</span> <span class='ocrx_word' id='word_1_355' title='bbox 317 2578 569 2615; x_wconf 87' lang='lat' dir='ltr'>Celsitudinem</span> <span class='ocrx_word' id='word_1_356' title='bbox 605 2578 711 2614; x_wconf 86' lang='lat' dir='ltr'>fuisse</span> <span class='ocrx_word' id='word_1_357' title='bbox 737 2578 774 2613; x_wconf 92' lang='lat' dir='ltr'>in</span> <span class='ocrx_word' id='word_1_358' title='bbox 799 2578 1043 2625; x_wconf 79' lang='lat' dir='ltr'>expectatione</span> <span class='ocrx_word' id='word_1_359' title='bbox 1068 2576 1241 2612; x_wconf 87' lang='lat' dir='ltr'>adventus</span> <span class='ocrx_word' id='word_1_360' title='bbox 1267 2575 1360 2611; x_wconf 86' lang='lat' dir='ltr'>istuc</span> <span class='ocrx_word' id='word_1_361' title='bbox 1385 2575 1464 2617; x_wconf 88' lang='lat' dir='ltr'>mei,</span> <span class='ocrx_word' id='word_1_362' title='bbox 1497 2573 1653 2618; x_wconf 87' lang='lat' dir='ltr'>adeoque</span> <span class='ocrx_word' id='word_1_363' title='bbox 1679 2575 1716 2608; x_wconf 87' lang='lat' dir='ltr'>et</span> 
     </span>
     <span class='ocr_line' id='line_1_37' title="bbox 184 2634 1718 2684; baseline -0.003 -10"><span class='ocrx_word' id='word_1_364' title='bbox 184 2639 227 2674; x_wconf 88' lang='lat' dir='ltr'>de</span> <span class='ocrx_word' id='word_1_365' title='bbox 261 2639 403 2676; x_wconf 85' lang='lat' dir='ltr'>aedibus</span> <span class='ocrx_word' id='word_1_366' title='bbox 435 2640 520 2676; x_wconf 90' lang='lat' dir='ltr'>mihi</span> <span class='ocrx_word' id='word_1_367' title='bbox 544 2640 623 2675; x_wconf 90' lang='lat' dir='ltr'>istic</span> <span class='ocrx_word' id='word_1_368' title='bbox 649 2639 810 2676; x_wconf 89' lang='lat' dir='ltr'>curandis</span> <span class='ocrx_word' id='word_1_369' title='bbox 837 2638 944 2674; x_wconf 87' lang='lat' dir='ltr'>fuis‘se</span> <span class='ocrx_word' id='word_1_370' title='bbox 970 2639 1074 2674; x_wconf 84' lang='lat' dir='ltr'>etiam</span> <span class='ocrx_word' id='word_1_371' title='bbox 1101 2638 1286 2674; x_wconf 80' lang='lat' dir='ltr'>sollicitam</span> <span class='ocrx_word' id='word_1_372' title='bbox 1312 2649 1374 2684; x_wconf 89' lang='lat' dir='ltr'>pro</span> <span class='ocrx_word' id='word_1_373' title='bbox 1412 2648 1474 2671; x_wconf 86' lang='lat' dir='ltr'>sua</span> <span class='ocrx_word' id='word_1_374' title='bbox 1500 2634 1718 2680; x_wconf 85' lang='lat' dir='ltr'>benignitate</span> 
     </span>
     <span class='ocr_line' id='line_1_38' title="bbox 184 2694 1714 2747; baseline -0.003 -11"><span class='ocrx_word' id='word_1_375' title='bbox 184 2711 224 2736; x_wconf 85' lang='lat' dir='ltr'>ac</span> <span class='ocrx_word' id='word_1_376' title='bbox 249 2699 444 2744; x_wconf 87' lang='lat' dir='ltr'>clementia,</span> <span class='ocrx_word' id='word_1_377' title='bbox 470 2713 542 2747; x_wconf 83' lang='lat' dir='ltr'>quo</span> <span class='ocrx_word' id='word_1_378' title='bbox 567 2713 649 2736; x_wconf 87' lang='lat' dir='ltr'>sane</span> <span class='ocrx_word' id='word_1_379' title='bbox 666 2700 806 2736; x_wconf 88' lang='lat' dir='ltr'>nomine</span> <span class='ocrx_word' id='word_1_380' title='bbox 818 2702 901 2736; x_wconf 88' lang='lat' dir='ltr'>tuae</span> <span class='ocrx_word' id='word_1_381' title='bbox 917 2699 1131 2735; x_wconf 89' lang='lat' dir='ltr'>Celsitudini</span> <span class='ocrx_word' id='word_1_382' title='bbox 1147 2719 1194 2726; x_wconf 90' lang='lat'>—-</span> <span class='ocrx_word' id='word_1_383' title='bbox 1210 2698 1261 2734; x_wconf 87' lang='lat' dir='ltr'>ita</span> <span class='ocrx_word' id='word_1_384' title='bbox 1279 2698 1370 2733; x_wconf 87' lang='lat' dir='ltr'>enim</span> <span class='ocrx_word' id='word_1_385' title='bbox 1391 2707 1510 2732; x_wconf 85' lang='lat' dir='ltr'>rumor</span> <span class='ocrx_word' id='word_1_386' title='bbox 1530 2694 1585 2730; x_wconf 90' lang='lat' dir='ltr'>hic</span> <span class='ocrx_word' id='word_1_387' title='bbox 1602 2695 1714 2731; x_wconf 86' lang='lat' dir='ltr'>incre-</span> 
     </span>
    </p>
   </div>
   <div class='ocr_carea' id='block_1_10' title="bbox 185 2756 1713 2928">
    <p class='ocr_par' dir='ltr' id='par_1_11' title="bbox 185 2756 1713 2928">
     <span class='ocr_line' id='line_1_39' title="bbox 188 2756 1713 2808; baseline -0.003 -12"><span class='ocrx_word' id='word_1_388' title='bbox 188 2760 265 2796; x_wconf 85' lang='lat' dir='ltr'>buit</span> <span class='ocrx_word' id='word_1_389' title='bbox 281 2781 328 2788; x_wconf 92' lang='lat'>—</span> <span class='ocrx_word' id='word_1_390' title='bbox 344 2761 505 2808; x_wconf 82' lang='lat' dir='ltr'>ingentes</span> <span class='ocrx_word' id='word_1_391' title='bbox 520 2761 649 2808; x_wconf 86' lang='lat' dir='ltr'>gratias</span> <span class='ocrx_word' id='word_1_392' title='bbox 666 2774 744 2807; x_wconf 83' lang='lat' dir='ltr'>ago.</span> <span class='ocrx_word' id='word_1_393' title='bbox 769 2761 892 2808; x_wconf 89' lang='lat' dir='ltr'>Atque</span> <span class='ocrx_word' id='word_1_394' title='bbox 912 2773 994 2797; x_wconf 84' lang='lat' dir='ltr'>sane</span> <span class='ocrx_word' id='word_1_395' title='bbox 1020 2762 1098 2796; x_wconf 89' lang='lat' dir='ltr'>toto</span> <span class='ocrx_word' id='word_1_396' title='bbox 1124 2773 1201 2796; x_wconf 92' lang='lat' dir='ltr'>meo</span> <span class='ocrx_word' id='word_1_397' title='bbox 1227 2759 1344 2795; x_wconf 87' lang='lat' dir='ltr'>animo</span> <span class='ocrx_word' id='word_1_398' title='bbox 1369 2758 1406 2793; x_wconf 91' lang='lat' dir='ltr'>in</span> <span class='ocrx_word' id='word_1_399' title='bbox 1431 2756 1496 2792; x_wconf 85' lang='lat' dir='ltr'>hoc</span> <span class='ocrx_word' id='word_1_400' title='bbox 1521 2756 1713 2804; x_wconf 86' lang='lat' dir='ltr'>propende-</span> 
     </span>
     <span class='ocr_line' id='line_1_40' title="bbox 185 2814 1713 2867; baseline -0.003 -13"><span class='ocrx_word' id='word_1_401' title='bbox 185 2818 274 2862; x_wconf 88' lang='lat' dir='ltr'>bam,</span> <span class='ocrx_word' id='word_1_402' title='bbox 300 2821 342 2854; x_wconf 86' lang='lat' dir='ltr'>ut</span> <span class='ocrx_word' id='word_1_403' title='bbox 366 2819 409 2855; x_wconf 86' lang='lat' dir='ltr'>ad</span> <span class='ocrx_word' id='word_1_404' title='bbox 434 2822 531 2855; x_wconf 86' lang='lat' dir='ltr'>tuam</span> <span class='ocrx_word' id='word_1_405' title='bbox 558 2820 810 2856; x_wconf 88' lang='lat' dir='ltr'>Celsitudinem</span> <span class='ocrx_word' id='word_1_406' title='bbox 835 2820 1056 2867; x_wconf 89' lang='lat' dir='ltr'>potissimum</span> <span class='ocrx_word' id='word_1_407' title='bbox 1082 2819 1247 2860; x_wconf 86' lang='lat' dir='ltr'>venirem,</span> <span class='ocrx_word' id='word_1_408' title='bbox 1280 2817 1339 2853; x_wconf 86' lang='lat' dir='ltr'>sed</span> <span class='ocrx_word' id='word_1_409' title='bbox 1364 2814 1537 2864; x_wconf 86' lang='lat' dir='ltr'>prioribus</span> <span class='ocrx_word' id='word_1_410' title='bbox 1562 2815 1647 2851; x_wconf 83' lang='lat' dir='ltr'>meis</span> <span class='ocrx_word' id='word_1_411' title='bbox 1674 2815 1713 2850; x_wconf 92' lang='grc'>11-</span> 
     </span>
     <span class='ocr_line' id='line_1_41' title="bbox 187 2876 1710 2928; baseline -0.002 -13"><span class='ocrx_word' id='word_1_412' title='bbox 187 2880 271 2917; x_wconf 73' lang='lat' dir='ltr'>teris</span> <span class='ocrx_word' id='word_1_413' title='bbox 305 2882 387 2917; x_wconf 85' lang='lat' dir='ltr'>tuae</span> <span class='ocrx_word' id='word_1_414' title='bbox 423 2880 631 2917; x_wconf 80' lang='lat' dir='ltr'>Celsitudini</span> <span class='ocrx_word' id='word_1_415' title='bbox 668 2881 823 2928; x_wconf 84' lang='lat' dir='ltr'>exposui,</span> <span class='ocrx_word' id='word_1_416' title='bbox 858 2881 943 2927; x_wconf 85' lang='lat' dir='ltr'>quid</span> <span class='ocrx_word' id='word_1_417' title='bbox 978 2880 1157 2917; x_wconf 84' lang='lat' dir='ltr'>obstiterit</span> <span class='ocrx_word' id='word_1_418' title='bbox 1192 2879 1381 2926; x_wconf 63' lang='lat' dir='ltr'>quominus</span> <span class='ocrx_word' id='word_1_419' title='bbox 1409 2876 1441 2913; x_wconf 83' lang='lat' dir='ltr'>id</span> <span class='ocrx_word' id='word_1_420' title='bbox 1470 2877 1620 2920; x_wconf 81' lang='lat' dir='ltr'>fecerim,</span> <span class='ocrx_word' id='word_1_421' title='bbox 1653 2879 1710 2913; x_wconf 80' lang='lat' dir='ltr'>aui</span> 
     </span>
    </p>
   </div>
  </div>
 </body>
</html>
