2912 4368
766 804 830 850 [A.
856 805 901 840 D.
928 803 1040 848 1549]
1499 806 1568 839 634

764 911 935 948 celsitudo
968 923 1078 947 rerum
1113 912 1167 947 hic
1202 914 1400 948 nostrarum
1427 913 1580 950 rationes
1606 927 1723 951 omnes
1748 915 1941 965 descriptas
1967 917 2079 954 obiter
2105 923 2140 955 et
2166 921 2294 956 tumul·

764 974 884 1015 marie,
908 972 1072 1020 dabitque
1097 973 1233 1009 veniam
1258 974 1471 1010 festinationi
1498 987 1594 1011 meae
1619 976 1793 1013 celsitudo
1819 982 1890 1020 tua,
1921 990 2009 1025 quae
2027 979 2128 1015 facile
2141 980 2293 1027 cogitare

763 1039 888 1082 potest,
910 1035 1033 1070 animis
1059 1039 1094 1069 et
1119 1035 1220 1070 rebus
1246 1036 1469 1082 perturbatis,
1495 1048 1564 1071 non
1590 1050 1691 1084 posse
1716 1039 1782 1074 nisi
1808 1040 2036 1075 tumultuarie
2060 1041 2164 1076 etiam
2189 1041 2294 1077 scribi

761 1096 957 1145 quidquam.
996 1095 1101 1133 Quod
1126 1100 1285 1141 superest
1311 1109 1364 1131 me
1391 1097 1596 1132 elementiae
1625 1103 1704 1133 tuae
1730 1099 1948 1136 celsitudinis
1972 1112 2106 1137 summa
2130 1113 2208 1137 cuin
2231 1101 2292 1137 ob-

360 1156 380 1182 ³
406 1161 407 1164 ’
761 1158 929 1193 servantia
955 1156 1169 1192 commende.
1192 1157 1336 1192 Bremae
1362 1157 1405 1193 21
1433 1158 1597 1193 Octobris
1624 1159 1730 1194 Anno
1756 1161 1860 1196 1549.

1540 1219 1636 1254 Tuae
1661 1220 1860 1257 celsitudini
1885 1223 2137 1260 illustrissimae

1513 1279 1772 1316 addictissimus
1798 1281 1848 1318 Io.
1866 1282 1886 1317 a
1910 1283 2031 1320 LAsco
2057 1297 2099 1320 m.
2123 1296 2172 1330 pr.

806 1338 915 1374 Mitto
950 1341 1031 1374 tuac
1066 1338 1273 1374 Celsitudini
1298 1342 1492 1374 extremum
1520 1353 1631 1375 mcum
1658 1353 1734 1376 eum
1762 1342 1966 1380 Pastoribus
1992 1346 2124 1381 Frisiae
2149 1345 2291 1392 collegis

761 1411 842 1433 meis
869 1399 1077 1445 colloquium
1105 1399 1139 1434 in
1165 1398 1304 1446 publico
1330 1402 1429 1435 coetu
1446 1400 1473 1442 ³)
1502 1404 1536 1434 et
1562 1401 1755 1447 exemplum
1776 1402 1970 1440 litterarum
1991 1417 2084 1441 meae
2103 1406 2289 1442 missionis.

803 1512 826 1549 ¹)
851 1511 900 1543 Cf.
923 1510 1020 1541 Usssso
1045 1510 1137 1541 EMM.
1161 1522 1189 1542 o.
1212 1510 1233 1541 l.
1258 1521 1288 1552 p.
1312 1510 1382 1541 9:39.
1427 1511 1453 1550 ὗ3)
1479 1510 1529 1543 Sc,
1555 1511 1586 1542 in
1611 1512 1769 1553 Angliam.
1815 1513 1841 1553 ³)
1866 1514 1977 1547 Periit.

1505 1693 1533 1728 B
1868 1692 1915 1740 [Ex
1932 1697 2076 1730 transtu.
2088 1697 2143 1737 [teg.
2162 1696 2284 1742 nogion]

1264 1802 1321 1838 Ad
1348 1803 1485 1839 Ducem
1512 1802 1698 1849 vassiiss
1727 1802 1770 1847 ¹).

804 1912 832 1953 2)
860 1910 960 1956 Rogo
994 1910 1236 1945 celsitudinem
1268 1912 1361 1945 tuam
1396 1912 1436 1945 ut
1473 1910 1581 1956 [cius]
1610 1921 1715 1956 opera
1741 1922 1761 1945 a
1788 1910 1886 1956 Rege
1911 1909 2078 1945 Poloniac
2104 1909 2288 1955 impetrare

755 1970 881 2015 possim
909 1971 941 2005 in
966 1974 1087 2017 aperto
1112 1974 1147 2006 ct
1172 1970 1353 2017 obsignato
1380 1971 1484 2016 ipsius
1510 1970 1722 2017 dyplomatc,
1745 1971 1859 2017 quod
1878 1971 1913 2006 in
1931 1982 2007 2005 meo
2021 1969 2065 2006 ad
2079 1974 2173 2005 tuam
2188 1970 2284 2005 eelsi-

753 2032 907 2067 tudinem
934 2032 1056 2067 itinere
1080 2032 1175 2068 aliud
1202 2032 1286 2068 nihil
1312 2045 1332 2067 a
1357 2033 1454 2079 Rege
1481 2030 1510 2076 3)
1536 2032 1703 2067 Potoni-ae
1729 2032 1882 2078 petierim
1900 2044 2001 2079 quam
2017 2032 2191 2067 licentiam
2205 2043 2284 2067 con-

752 2092 883 2127 ferendi
908 2104 961 2127 me
986 2092 1029 2128 ad
1056 2093 1219 2139 Angliam
1245 2106 1323 2129 eum
1351 2093 1439 2128 bona
1465 2093 1572 2138 Regis
1600 2093 1766 2128 Poloniae
1790 2093 1913 2139 gratia,
1939 2093 1969 2128 si
1994 2093 2066 2139 ipsc
2092 2105 2196 2139 opera
2215 2093 2281 2128 iam

752 2164 827 2188 mea
853 2165 921 2188 non
947 2158 1076 2199 egeret,
1105 2165 1189 2199 qua
1214 2153 1265 2189 dc
1292 2165 1335 2189 re
1361 2165 1442 2200 ego
1468 2165 1644 2200 quoque
1671 2153 1841 2192 scribo.
1867 2152 2020 2188 scribo
2047 2155 2151 2188 item
2179 2153 2283 2189 etad

750 2213 922 2259 Reginam
943 2213 1075 2249 Bonam
1091 2214 1132 2257 4),
1158 2217 1371 2261 essetque
1397 2214 1501 2249 mihi
1528 2226 1575 2249 ea
1601 2226 1668 2249 res
1695 2227 1856 2258 maeno
1883 2215 1983 2250 usui
2012 2214 2054 2249 ad
2075 2215 2283 2261 probandam
2461 2209 2473 2269 lt

749 2272 840 2318 apud
867 2274 1047 2308 Caesarem
1063 2274 1090 2317 ⁵)
1118 2275 1351 2310 innocentiam
1378 2287 1498 2309 meam.
1529 2274 1571 2309 In
1599 2275 1726 2320 Anglia
1752 2275 1863 2310 adhuc
1889 2278 1971 2310 sunt
1993 2275 2115 2311 turbae
2129 2288 2284 2322 magnae.
2464 2272 2475 2331 t

736 2334 809 2369 Bis
835 2338 918 2369 sunt
942 2336 1115 2382 profligati
1141 2336 1261 2371 rustici
1279 2336 1326 2378 6),
1355 2348 1466 2371 novus
1493 2335 1627 2371 illorum
1654 2336 1731 2371 Rex
1758 2341 1880 2383 captus
1907 2341 1941 2372 et
1968 2336 2102 2382 plexus,
2132 2337 2283 2384 episcopi

748 2398 896 2442 quatuor
920 2397 1024 2443 capti,
1049 2397 1201 2432 asseclae
1227 2396 1494 2440 rusticorum7).
1523 2397 1598 2432 sed
1624 2396 1736 2432 adhue
1762 2402 1933 2443 superest,
1958 2410 2047 2432 unus
2073 2400 2281 2434 rusticorum

747 2458 918 2493 exereitus
950 2470 1028 2493 cum
1054 2470 1124 2505 quo
1149 2458 1260 2495 adhuc
1285 2459 1539 2503 confligendum
1568 2465 1640 2493 erut
1666 2463 1709 2500 ὃ).
1762 2459 1839 2493 Rex
1864 2461 1893 2503 ⁹)
1919 2459 2050 2494 Galliac
2076 2460 2142 2494 iam
2167 2473 2187 2494 a
2212 2460 2281 2495 Bo-

745 2518 849 2562 nonia
874 2518 1003 2554 dieitur
1028 2520 1211 2554 recessisse
1238 2519 1452 2554 communito
1477 2519 1526 2554 ita
1552 2522 1665 2565 portu,
1691 2524 1729 2554 ut
1755 2532 1855 2554 nemo
1882 2520 1936 2554 vel
1962 2519 2124 2556 accedere
2153 2520 2205 2555 vel
2224 2534 2280 2557 ex-

745 2581 866 2615 cedere
902 2582 1026 2626 possit:
1052 2581 1093 2616 de
1120 2593 1203 2627 paee
1229 2581 1320 2615 inter
1345 2581 1477 2627 Regem
1505 2580 1636 2615 Galliae
1663 2584 1698 2615 et
1724 2582 1856 2626 Regem
1884 2580 2035 2626 Angliac
2061 2580 2145 2616 nihil
2168 2580 2280 2617 adhuc

744 2641 904 2676 audimus
940 2644 975 2676 et
1008 2641 1163 2676 dolemus
1193 2639 1248 2685 ¹⁰).
1292 2641 1393 2676 Vana
1427 2645 1509 2676 sunt
1542 2654 1629 2688 quae
1654 2640 1695 2676 de
1719 2642 1877 2676 Caesaris
1903 2654 1979 2677 eum
2007 2642 2105 2688 Rege
2130 2642 2279 2687 Angliac

744 2705 865 2737 contra
890 2713 1005 2748 regem
1025 2702 1157 2737 Galliac
1185 2701 1378 2737 foederibus
1405 2702 1590 2737 iactantur.
1638 2702 1858 2748 Praelegi
1883 2701 2031 2737 dominis
2055 2715 2075 2738 a
2102 2703 2278 2739 Mans-,feld

744 2764 876 2798 litteras
910 2763 1125 2799 celsitudinis
1162 2767 1254 2804 tuae,
1291 2775 1350 2809 per
1386 2763 1558 2798 Simonem
1595 2763 1712 2809 Loycz
1740 2765 1785 2808 ¹¹)
1810 2763 1853 2798 ad
1881 2775 1933 2798 me
1959 2765 2091 2798 missas.
2137 2764 2277 2800 Excu-

742 2829 845 2860 sant
877 2824 1248 2871 diligentissime
1285 2828 1455 2861 secretum
1493 2824 1668 2871 proditum
1705 2828 1739 2859 et
1776 2831 1905 2871 negant
1931 2826 2214 2861 constantissime
2239 2838 2276 2861 se

744 2886 905 2932 cuiquam
931 2886 1118 2933 quidquam
1145 2886 1284 2921 omnino
1310 2885 1489 2928 revelasse,
1514 2887 1597 2921 imo
1624 2898 1730 2921 vero
1756 2898 1901 2933 neque
1926 2898 2003 2922 cum
2031 2887 2127 2933 Rege
2142 2887 2275 2923 Daniac

743 2947 927 2994 quidquam
955 2947 1103 2983 voluisse
1128 2959 1243 2994 agere,
1272 2959 1415 2994 neque
1442 2947 1493 2983 illi
1522 2951 1600 2982 tuac
1614 2947 1831 2983 celsitudinis
1850 2948 2023 2994 [litteras]
2043 2949 2275 2984 transmisisse

740 3007 852 3043 adhuc
875 3020 894 3055 q
907 3008 992 3043 uod
1018 3012 1279 3044 metuerent
1306 3021 1356 3044 ne
1383 3021 1435 3044 res
1459 3008 1562 3043 latius
1584 3008 1835 3054 invulgarctur.
1872 3008 1988 3044 Haec
2014 3016 2133 3044 sancte
2160 3009 2275 3044 iurant

740 3081 777 3104 sc
811 3068 1011 3105 observasse
1042 3076 1076 3105 et
1114 3074 1308 3117 queruntur
1342 3083 1538 3116 magnam
1572 3069 1636 3105 sibi
1671 3070 1829 3105 iniuriam
1867 3070 1942 3106 fieri
1973 3069 2015 3104 ab
2042 3070 2082 3105 iis
2110 3070 2169 3117 qui
2194 3071 2272 3106 illos

741 3130 832 3176 apud
859 3134 951 3165 tuum
978 3130 1216 3166 celsitudinem
1244 3131 1320 3166 hac
1346 3131 1387 3166 in
1415 3135 1539 3177 parte
1565 3130 1778 3166 detulerunt.
1816 3131 1947 3165 Dicunt
1960 3130 2041 3166 item
2056 3143 2091 3166 se
2110 3143 2269 3176 magnum

742 3192 821 3227 inde
854 3192 1016 3227 damnum
1042 3196 1246 3238 accepturos
1272 3204 1357 3233 esse,
1382 3192 1410 3227 si
1436 3191 1490 3227 hic
1519 3204 1576 3238 per
1602 3195 1696 3226 tuam
1722 3191 1962 3227 celsitudinem
1994 3203 2086 3226 nune
2111 3191 2271 3226 deseran-

743 3257 807 3288 tur.
857 3254 1009 3291 Quare
1043 3253 1153 3288 adhuc
1181 3257 1305 3300 rogant
1330 3265 1463 3287 summa
1489 3265 1564 3288 eum
1592 3253 1774 3298 diligentia
1801 3257 1840 3287 ut
1864 3265 1922 3287 eos
1947 3257 2007 3286 tua
2033 3251 2200 3288 celsitudo
2226 3263 2268 3286 ne

742 3313 888 3354 deserat,
927 3316 1214 3360 posteaquam
1250 3313 1420 3349 nullius
1456 3314 1519 3347 rei
1546 3312 1680 3359 culpam
1707 3313 1845 3353 habent,
1872 3312 1945 3347 sed
1972 3317 2017 3347 ut
2042 3312 2118 3347 illos
2146 3311 2270 3346 nihilo—

743 3373 852 3407 minus
883 3374 1021 3408 actim-ct
1057 3374 1345 3420 quemadmodum
1384 3373 1489 3408 smmi
1516 3374 1681 3419 promisit,
1706 3374 1756 3409 illi
1782 3375 1886 3409 etiam
1912 3385 2000 3420 quae
2025 3374 2270 3418 promiserunt,

742 3433 855 3468 omnia
890 3439 1061 3479 praestare
1096 3436 1227 3470 volunt.
1276 3435 1615 3480 Petieruntque
1641 3438 1687 3469 ut
1712 3434 1796 3470 haec
1822 3435 1871 3469 ita
1895 3433 2080 3482 scriberem
2104 3433 2145 3467 ad
2174 3438 2267 3469 tuam

741 3492 982 3528 celsitudinem
1020 3495 1195 3541 ipsique
1233 3496 1366 3530 etiam
1405 3496 1493 3529 sorte
1528 3495 1690 3530 scribent.
1741 3495 1869 3532 Quod
1908 3495 1944 3529 si
1979 3493 2081 3528 milii
2128 3494 2269 3529 liccat

742 3549 920 3595 aliquid
946 3550 1012 3586 hic
1037 3551 1189 3586 dicere
1213 3552 1308 3598 apud
1335 3556 1429 3587 tuam
1455 3551 1706 3593 celsitudinem,
1732 3554 1832 3598 plane
1859 3558 2029 3598 putorem
2048 3553 2267 3588 secretiorem

742 3612 824 3653 fore,
851 3612 877 3647 si
903 3611 969 3647 illis
994 3611 1095 3647 detor
1120 3613 1249 3660 aliquid
1273 3626 1372 3661 quam
1399 3613 1428 3649 si
1452 3613 1535 3649 nihil
1562 3613 1672 3648 detur.
1702 3613 1885 3660 Urgebunt
1910 3613 1999 3649 enim
2019 3625 2080 3648 nec
2102 3614 2201 3649 tinem
2225 3615 2273 3649 sa-
