1830 3147
198 79 245 114 42

197 189 439 227 Peccatorum
478 188 648 225 omnium
675 187 934 225 remissionem
962 201 1026 225 seu
1054 187 1329 225 absolutionem
1356 192 1508 239 propter
1537 188 1725 227 Christum

246 254 396 305 publice
422 254 494 291 toti
523 253 712 290 Ecclesiae
739 252 909 290 minister
937 252 1149 291 denunciat.
1578 256 1637 294 70.
1668 257 1727 293 14.

194 319 235 356 in
262 318 497 356 Poenitentia
526 318 676 368 publica
704 331 797 368 quae
824 317 1009 368 imprimis
1038 317 1112 355 sint
1141 317 1386 356 observanda.
1552 320 1638 356 309.
1669 321 1728 356 26.

194 382 363 420 Precatio
392 386 478 419 ante
508 395 644 419 coenae
672 381 893 418 Dominicae
919 381 1296 420 administrationem.
1456 381 1459 394 ¹
1551 384 1636 422 247.
1695 384 1728 420 1.

194 447 478 485 Precatio-ante
506 447 727 484 electionem
754 447 1027 484 ministrorum.
1575 449 1636 485 31.
1693 450 1728 486 1.

194 511 362 550 Precatio
393 511 488 548 circa
515 511 700 561 Baptismi
732 510 1109 549 administrationem.
1555 514 1638 550 133.
1696 514 1729 550 1.

194 576 361 613 Precatio
393 576 489 612 circa
519 575 774 612 Diaconorum
800 575 1141 623 inaugurationem.
1577 579 1637 613 52.
1668 578 1729 614 20.

193 641 362 678 Precatio
392 641 488 677 circa
517 640 775 677 ministrorum
805 641 909 677 verbi
936 645 1000 678 aut
1028 640 1377 691 Superintcndentis
1403 641 1730 690 inaugurationem

241 706 442 756 publicam.
1573 703 1634 744 36.
1689 709 1726 745 1.

191 770 359 808 Precatio
390 770 486 807 circa
514 769 822 819 Presbyterorum
850 769 1190 817 inaugurationem.
1573 773 1633 807 45.
1664 773 1727 807 23.

190 835 359 872 Precatio
399 834 597 871 continens
632 835 670 871 in
710 847 747 871 se
775 833 1046 870 restitutionem
1075 834 1388 871 excommunicati
1416 834 1461 871 ad
1491 834 1728 872 Ecclesiasti-

241 914 322 938 cam
349 899 632 938 fraternitatem.
1544 903 1631 938 398.
1690 901 1724 938 1.

189 965 359 1004 Precatio
389 965 616 1002 concludens
645 963 858 1002 conciones,
1571 968 1630 1003 64.
1687 967 1723 1003 1.

188 1031 358 1069 Precatio
389 1030 640 1080 complectens
668 1031 906 1079 peccatorum
936 1028 1208 1065 confessionem
1238 1029 1275 1076 in
1305 1029 1379 1065 fine
1409 1027 1629 1065 concionum
1648 1027 1723 1065 Do·-

239 1094 488 1133 minicalium.
1429 1096 1490 1131 68.
1518 1096 1553 1130 4.
1585 1095 1637 1139 (A
1667 1094 1724 1140 6³1)

188 1159 358 1197 Precatio
386 1158 426 1195 in
456 1161 563 1195 coetu
591 1157 849 1194 ministrorum
878 1156 974 1194 circa
1004 1156 1223 1208 disciplinae
1250 1157 1347 1194 inter
1378 1157 1480 1208 ipsos
1500 1157 1722 1208 peculiarem

240 1223 555 1262 observationem.
1543 1224 1630 1262 527.
1662 1224 1720 1260 11.

188 1289 357 1327 Precatio
386 1288 495 1330 initio
526 1286 748 1323 concionum
779 1286 908 1323 haberi
937 1286 1059 1324 solita.
1570 1289 1630 1324 61.
1661 1289 1722 1324 14.

185 1353 354 1392 Precatio
381 1357 466 1403 post
494 1351 661 1388 habitam
690 1351 867 1388 maiorem
897 1350 1134 1389 Catechisim.
1545 1353 1630 1389 102.
1686 1352 1720 1391 7.

185 1416 356 1455 Precatio
385 1422 471 1467 post
498 1416 612 1452 latam
641 1415 1084 1452 excommunicationem.
1544 1417 1629 1452 364.
1660 1417 1721 1452 14.

184 1481 352 1519 Precatio
374 1494 440 1531 pro
461 1480 727 1530 impoenitente
746 1480 860 1517 fratre
880 1484 966 1517 ante
986 1480 1064 1516 eius
1083 1479 1518 1517 excommunicntionem.
1543 1482 1627 1517 352.
1660 1481 1718 1518 10.

185 1546 355 1583 Precatio
381 1559 449 1596 pro
479 1558 606 1582 recens
636 1544 772 1581 iunctis
801 1544 1042 1593 coniugibus.
1543 1546 1628 1584 617.
1660 1546 1720 1582 19.

185 1611 354 1648 Precatio
394 1623 503 1660 super
539 1610 642 1660 lapso
677 1613 713 1646 et
756 1609 970 1660 poenitente
997 1608 1145 1660 publice
1175 1610 1288 1646 fratre
1317 1614 1402 1646 ante
1428 1609 1546 1660 ipsius
1575 1610 1721 1646 confes-

240 1675 395 1713 sionem.
1540 1676 1628 1712 318.
1683 1677 1719 1712 8.

188 1741 319 1778 Preces
346 1739 517 1790 publicae
545 1752 611 1789 pro
640 1738 926 1776 necessitatibus
955 1739 1141 1776 ecclesiae.
1571 1740 1629 1778 73.
1661 1741 1720 1777 15.

187 1805 375 1843 Praefatio
404 1805 442 1841 in
472 1803 717 1841 concionibus
744 1804 1000 1854 popularibus,
1569 1806 1629 1841 61.
1686 1807 1720 1842 5.

188 1869 426 1921 Praeparatio
455 1869 501 1905 ad
531 1881 682 1905 coenam
713 1868 877 1907 Domini.
1543 1870 1628 1906 158.
1684 1871 1719 1907 1.

190 1933 403 1983 Presbyteri
431 1933 557 1983 quales
586 1932 760 1981 eligendi.
1568 1934 1627 1969 14.
1659 1936 1719 1970 23.

190 1999 496 2047 Presbyterorum
528 1997 601 2033 (luo
629 2011 779 2046 genera.
1598 1999 1632 2035 1.
1662 2000 1721 2035 18.

191 2064 497 2112 Presbyter-orum
525 2075 659 2099 munus
687 2075 766 2099 esse
794 2061 1051 2112 Apostolicam
1081 2062 1368 2099 ordinationem.
1554 2063 1629 2107 ¹12.
1685 2064 1719 2099 9.

190 2127 368 2165 Probatio
397 2127 516 2164 nostri
545 2127 681 2177 quibus
709 2127 946 2177 potissimum
977 2132 1132 2165 constet.
1547 2129 1631 2165 159.
1683 2130 1718 2164 6.

190 2192 414 2240 Progressus
444 2190 662 2240 disciplinae
687 2190 860 2240 publicae
886 2194 971 2240 post
998 2190 1131 2241 pri-(A
1159 2193 1318 2237 6¹³)1nam
1341 2191 1378 2229 in
1402 2195 1509 2228 coetu
1527 2190 1719 2227 ministro-

242 2268 323 2292 rum
350 2268 393 2291 ac
421 2254 608 2292 seniorum
637 2253 946 2291 admonitionem.
1542 2256 1627 2294 297.
1656 2256 1716 2290 21.

191 2320 451 2370 Propheticam
481 2322 515 2355 et
544 2318 800 2369 Apostolicam
830 2318 1038 2356 doctrinam
1068 2320 1201 2357 veteris
1229 2325 1265 2357 ct
1293 2320 1380 2356 novi
1408 2318 1631 2358 testamenti.
1650 2322 1718 2355 etc.

244 2384 433 2421 continere
461 2384 498 2420 iu
528 2397 565 2420 se
593 2383 718 2419 onmia
747 2382 791 2419 ad
821 2384 977 2420 salutem
1007 2389 1172 2421 nostram
1201 2385 1418 2421 neccssaria.
1563 2386 1624 2420 44.
1682 2386 1716 2420 9.

191 2448 369 2485 Publicae
396 2447 572 2484 ecclesiae
602 2446 907 2496 supplicationes,
1542 2449 1626 2486 547.
1658 2448 1717 2484 16.

191 2512 370 2550 Publicus
399 2511 615 2561 disciplinae
642 2525 733 2548 usus
760 2511 799 2548 in
827 2511 936 2561 plebe
962 2511 1150 2550 ecclcsiae.
1543 2513 1628 2548 291.
1658 2512 1720 2548 18.

192 2577 396 2614 Puerorum
423 2573 662 2612 examinatio.
1567 2577 1626 2611 94.
1657 2576 1718 2612 22.

936 2702 985 2740 O..

197 2836 282 2874 Qua
310 2834 346 2872 in
378 2847 416 2871 re
444 2832 624 2871 consistat
653 2845 739 2869 usus
767 2830 1038 2869 ecclesiasticae
1067 2830 1295 2882 disciplinae.
1536 2831 1622 2868 281.
1683 2831 1717 2870 7.
