1830 3147
789 82 855 118 585
1313 82 1375 130 [A.
1400 82 1446 119 D.
1473 83 1583 131 1544]

60 196 138 228 Call.
162 205 193 236 p.
216 193 303 232 799).
347 217 364 232 ‚‚
384 191 496 224 Videor
518 192 657 233 olfacere
679 201 695 221 a
725 190 857 222 lactlzerz’
877 190 1004 232 scriptis
1028 190 1221 230 Pellicnnum
1245 201 1262 222 e
1283 191 1401 223 nostris
1423 193 1588 235 colloquiis

54 250 208 293 quaedam
223 260 284 290 per
305 248 431 280 litteras
452 247 503 278 illi
523 245 729 288 siqnificasse,
758 245 812 288 qm·
833 255 914 287 pene
946 245 1116 277 concitavit
1145 245 1196 276 hic
1224 246 1358 277 alteram
1381 247 1590 288 tragoediam.

56 306 223 347 Sparserat
254 314 418 342 rumorem,
452 302 552 343 ipsum
581 301 621 333 de
655 301 859 333 Eucharistia
886 300 969 331 idem
995 301 1113 332 sentire
1141 301 1226 343 quod
1254 312 1309 342 eqo
1430 302 1476 341 (in
1499 302 1584 334 hunc

54 371 129 402 ergo
153 359 283 392 modum
305 369 377 390 eum
400 357 557 389 allocutus
580 356 684 396 sum)”
722 356 783 398 Qui
808 358 839 387 te
867 355 1014 393 audiunt,
1040 356 1223 397 intelliqunt
1252 367 1299 388 me
1332 359 1432 388 tecum
1458 357 1587 396 εεηῖὶνε,

55 414 139 456 quod
159 413 268 445 docuit
294 411 563 453 Oecolampadius.
607 413 633 450 ⁴)
665 411 712 442 Ex
736 410 885 442 Arehivis
909 411 1173 452 Regiomontanis
1196 411 1269 443 dedi
1292 411 1373 443 hane
1397 423 1446 454 ep.
1470 412 1503 443 in
1526 413 1588 444 fine

55 470 146 501 Tomi
164 470 190 501 Ι.
214 480 244 510 p.
270 467 341 501 557.
385 469 412 508 5)
436 468 493 499 Est
516 468 592 499 haec
616 478 665 509 ep.
683 478 825 508 respons.
848 466 888 498 nd
912 477 981 497 eam
1005 477 1099 508 quam
1122 467 1162 498 28
1186 467 1272 498 Iunii
1298 467 1378 498 1544
1402 467 1533 499 dederat
1556 469 1584 499 ei

55 524 249 556 Pellicanus.
293 523 475 554 GABBEMA.
503 533 534 564 p.
562 522 631 554 101.
660 521 707 553 Ad
738 521 819 553 hanc
843 521 960 553 iterum
984 521 1139 552 Pellieani
1163 532 1352 564 responsum
1375 524 1480 554 exstat
1502 523 1586 565 apud

55 577 236 608 GABBEMA.
259 587 291 619 p.
316 577 385 608 105.

57 795 121 832 N⁰.
148 796 205 832 23.
1251 795 1354 843 [nard.
1371 809 1392 833 s,
1405 809 1427 832 a.
1445 799 1498 833 lla.
1511 797 1587 843 lla]

633 916 689 952 Ad
715 916 1010 954 Bunmxossuusr.

103 1038 260 1073 Gratiam
287 1040 323 1073 ct
347 1037 483 1085 pacem!
535 1037 628 1073 Vere
653 1040 707 1073 est
732 1036 832 1073 nobis
858 1035 1055 1072 laudandus
1081 1037 1247 1084 Optimus
1275 1038 1452 1075 Maximus
1480 1039 1591 1082 Deus,

56 1099 122 1134 Vir
154 1098 387 1135 Doctissime!
423 1099 484 1146 qui
520 1111 583 1134 nos
608 1099 753 1134 miseros
780 1098 936 1145 alioquin
963 1111 1180 1145 prorsusque
1205 1098 1407 1147 deploratos
1434 1100 1590 1136 homines

55 1160 90 1195 in
125 1160 309 1206 unigenito
341 1160 412 1195 filio
446 1173 510 1195 suo
537 1159 678 1195 Christo
706 1159 801 1202 lesu,
831 1159 981 1194 Domino
1007 1159 1106 1204 Rege
1132 1171 1172 1195 ae
1197 1160 1373 1196 Pontifioe
1399 1163 1521 1196 nostro
1547 1160 1589 1196 ad

56 1221 166 1256 vitam
208 1225 384 1257 aeternam
425 1221 600 1265 regenuit,
641 1220 775 1267 quique
813 1220 983 1268 Spiritum
1017 1220 1186 1256 Sanctum
1221 1234 1323 1256 suum
1358 1222 1450 1256 tanti
1486 1221 1591 1257 huius

57 1281 214 1317 beneficii
249 1285 374 1317 testem
411 1282 510 1317 iuxta
534 1281 710 1328 copiosam
737 1294 835 1316 suam
861 1280 1135 1316 misericordiam
1162 1281 1198 1316 in
1224 1294 1288 1317 nos
1316 1281 1365 1316 ita
1387 1281 1521 1325 effudit,
1548 1286 1589 1318 ut

56 1354 126 1378 non
160 1342 253 1377 intra
285 1354 350 1377 nos
375 1342 441 1388 ipsi
468 1341 570 1377 modo
597 1341 802 1388 singillatim
828 1353 889 1388 per
916 1341 1017 1376 illum
1043 1340 1232 1377 clamemus
1260 1341 1359 1377 Abba
1385 1343 1502 1385 Pater,
1530 1343 1589 1379 sed

56 1405 92 1437 et
126 1401 281 1437 omnium
316 1401 432 1437 ubivis
458 1406 638 1449 praeterea
662 1401 878 1443 societatem,
906 1402 1114 1448 quicunque
1140 1402 1204 1438 hoc
1231 1402 1344 1450 ipsum
1372 1403 1437 1438 Dei
1465 1403 1589 1440 benefi-

56 1463 149 1499 cium
183 1475 264 1499 vere
296 1467 505 1509 agnoscunt,
539 1463 793 1499 ardentissimis
826 1463 931 1499 etiam
967 1463 1060 1499 votis
1093 1466 1308 1511 expetamus,
1335 1464 1376 1500 de
1402 1464 1464 1501 hac
1489 1465 1589 1501 nobis

56 1523 276 1569 gratulemur
307 1527 445 1567 mutuo,
479 1524 515 1559 in
547 1524 609 1560 hac
643 1523 762 1559 studia
795 1527 917 1559 nostra
949 1524 1066 1559 onmia
1091 1525 1305 1561 unanimiter
1330 1525 1373 1561 ad
1399 1527 1590 1563 ornandam

56 1586 166 1633 ipsius
198 1585 344 1632 gloriam
380 1584 611 1621 conferamus.
666 1585 725 1620 [ta
759 1597 823 1631 ego
850 1588 960 1628 tuam,
994 1585 1040 1620 mi
1068 1585 1192 1620 frater!
1220 1585 1409 1622 amicitiam
1436 1588 1590 1634 expetivi

57 1646 172 1693 deque
198 1646 258 1681 illa
283 1645 366 1681 mihi
393 1658 487 1681 nunc
513 1646 677 1680 maiorem
704 1657 787 1680 sane
812 1645 847 1680 in
874 1645 1017 1681 modum
1043 1645 1215 1689 gratulor.
1265 1646 1323 1681 lta
1349 1650 1384 1682 et
1411 1649 1590 1694 receptum

56 1718 112 1742 me
136 1705 196 1741 abs
222 1709 259 1742 te
285 1706 436 1741 vicissim
464 1705 498 1740 in
524 1705 714 1740 amicitiam
740 1708 838 1740 tuam
864 1709 962 1741 certo
988 1705 1070 1740 mihi
1097 1705 1299 1753 persuadeo.
1350 1708 1500 1743 Oremus
1525 1708 1590 1755 igi-

57 1769 117 1802 tur
153 1766 355 1809 Dominum,
399 1769 440 1801 ut
480 1765 530 1800 ita
564 1765 702 1801 demum
743 1765 924 1801 coniuncti
959 1765 1067 1813 ipsius
1102 1765 1324 1813 potissimum
1360 1767 1493 1813 gloriae
1527 1781 1589 1816 pro

56 1830 179 1863 nostra
205 1827 381 1862 tenuitate
406 1826 611 1862 serviamus.

103 1887 369 1936 Simplicitatem
404 1893 500 1923 tuam
534 1888 646 1923 amavi
674 1899 819 1934 semper,
847 1887 941 1934 quod
968 1887 1050 1923 haec
1076 1887 1141 1923 sub
1168 1899 1206 1923 ea
1232 1890 1405 1923 sectarum
1434 1901 1527 1925 nune
1554 1893 1591 1925 ct

54 1948 265 1984 iudiciorum
291 1949 463 1984 varietate
487 1948 530 1984 ad
557 1948 722 1983 tuendam
749 1961 851 1984 sanae
877 1948 1057 1984 doetrinae
1082 1949 1273 1995 puritatem
1299 1950 1447 1986 maxime
1473 1960 1589 1988 neces-

53 2015 142 2050 saria
177 2027 251 2050 esse
286 2014 458 2050 videatur.
498 2014 663 2050 Ceterum
690 2027 760 2050 non
788 2015 903 2051 minus
929 2015 1013 2050 mihi
1039 2015 1173 2062 placuit
1198 2015 1303 2051 etiam
1331 2012 1589 2063 πρκὲποὶὃεικ

57 2079 133 2119 tua,
158 2075 241 2111 dum
269 2088 340 2111 non
365 2075 479 2112 solum
505 2089 575 2111 non
602 2075 788 2112 offenderis
820 2076 1040 2123 quorundam
1067 2076 1110 2113 de
1136 2076 1235 2113 vobis
1262 2077 1342 2114 istic
1368 2077 1518 2122 iudiciis,
1547 2092 1590 2116 ne

57 2136 169 2173 dicam
204 2135 439 2184 praeiudiciis,
475 2136 536 2182 qui
563 2140 716 2172 vestram
743 2136 1003 2184 simplicitatem
1028 2150 1218 2183 agnoscere
1242 2141 1305 2174 aut
1331 2151 1401 2174 non
1427 2143 1590 2187 possunt,

57 2201 120 2233 aut
154 2209 224 2232 non
258 2196 398 2240 volunt,
432 2196 492 2233 sed
528 2197 715 2233 honorifice
747 2199 784 2232 te
817 2196 860 2233 dc
895 2197 964 2233 illis
991 2198 1122 2234 sentire
1147 2198 1252 2234 etiam
1279 2199 1503 2246 passim‘non
1529 2200 1589 2237 ob-

59 2269 160 2292 scure
187 2256 341 2292 testaris.

106 2317 172 2354 Est
205 2329 287 2353 sane
313 2316 513 2360 dolendum,
540 2317 604 2353 hoc
630 2317 696 2353 sibi
722 2317 926 2364 permittere
953 2316 1158 2361 nonnullos,
1184 2318 1260 2366 pios
1286 2318 1420 2366 alioqui
1446 2321 1484 2356 et
1508 2319 1588 2357 doo-

58 2382 114 2416 tos
149 2379 242 2415 viros
277 2381 313 2414 et
349 2379 411 2425 qui
445 2391 516 2415 non
548 2378 723 2414 immerito
757 2377 865 2414 seculi
900 2378 1012 2414 nostri
1045 2378 1179 2414 lumina
1213 2379 1329 2415 vocari
1364 2380 1512 2427 possint,
1546 2384 1590 2417 ut

58 2446 201 2488 propter
238 2451 291 2475 res
331 2452 399 2475 non
433 2438 519 2475 adeo
553 2451 667 2485 usque
700 2451 825 2485 graves
864 2443 899 2475 et
926 2439 999 2475 sine
1025 2439 1155 2486 quibus
1181 2444 1342 2477 constare
1369 2441 1459 2477 haud
1485 2441 1589 2478 dubie

57 2504 176 2547 potest
209 2504 352 2535 nostrae
385 2499 510 2535 salutis
544 2499 647 2542 ratio,
680 2512 750 2536 non
783 2499 950 2536 dubitent
984 2500 1123 2535 interim
1158 2500 1316 2537 scindere
1349 2501 1586 2539 Ecclesiarum

57 2563 263 2599 societatem
289 2561 391 2608 quasi
427 2573 466 2596 ea
502 2573 572 2596 non
604 2561 716 2608 pluris
742 2560 856 2597 multo
882 2561 1085 2597 constiterit
1111 2573 1246 2597 summo
1273 2562 1438 2598 Pontifici
1465 2567 1586 2600 nostro

58 2622 210 2665 Christo,
243 2635 315 2669 quo
350 2621 530 2668 aperiente
556 2633 657 2657 nemo
682 2621 843 2658 claudere
868 2624 999 2669 potest,
1026 2633 1130 2668 quam
1157 2624 1198 2656 ut
1225 2626 1295 2657 tam
1319 2622 1418 2658 facile
1443 2635 1462 2658 a
1488 2623 1588 2660 nobis

56 2683 168 2719 scindi
193 2683 250 2719 vel
276 2682 399 2719 debeat
425 2681 480 2718 vel
508 2683 629 2730 possit.
669 2681 737 2718 Sed
762 2682 925 2718 vincendi
950 2686 1036 2718 suut
1061 2682 1204 2718 omnino
1230 2682 1433 2731 placiditate
1460 2687 1588 2728 vestra,

56 2749 93 2779 et
121 2756 182 2791 pro
208 2743 376 2779 fratribus
402 2742 549 2778 habendi
573 2742 656 2778 dum
682 2743 863 2778 Christum
888 2742 1029 2785 docent,
1056 2742 1192 2778 etiamsi
1217 2756 1339 2790 parum
1365 2756 1496 2791 aequos
1529 2758 1586 2781 vo-

59 2802 111 2839 bis
144 2803 224 2840 illos
256 2803 422 2839 habeatis.
472 2802 571 2838 Nihil
605 2802 642 2838 in
678 2803 778 2839 vobis
811 2803 966 2838 damnari
1000 2802 1042 2838 ab
1076 2802 1146 2839 illis
1180 2803 1293 2847 video,
1328 2804 1395 2840 nisi
1428 2805 1524 2852 quod
1550 2806 1585 2841 in

56 2863 306 2901 elementorum
332 2863 578 2900 observatione
602 2863 644 2900 ab
669 2864 718 2901 eis
743 2863 973 2902 dissentiatis
1001 2863 1042 2899 Id
1068 2876 1148 2901 oum
1173 2863 1288 2902 levius
1313 2865 1371 2908 sit,
1411 2878 1515 2916 quam
1542 2870 1584 2904 ut-
