1830 3147
171 126 218 161 32

170 235 331 272 debeat?
386 232 459 270 Sed
496 235 551 269 est
588 243 735 268 rursum
771 227 931 275 futilius,
969 244 1079 282 quam
1109 234 1150 268 ut
1177 230 1335 269 multam
1362 231 1624 269 refutationem
1654 245 1712 269 re-

170 298 294 350 quirat
328 298 512 349 planeque
539 295 667 342 miror,
695 296 771 334 imo
801 308 887 334 vero
916 295 1028 334 etiam
1059 295 1182 342 doleo,
1208 308 1287 334 non
1315 295 1488 347 equidem
1523 309 1617 343 meo,
1647 297 1711 335 sed

167 364 286 415 ipsius
314 363 466 401 nomine
492 361 633 413 potius,
659 361 775 412 quod,
804 374 887 398 cum
918 361 967 399 sit
994 374 1037 399 eo
1065 361 1164 404 loeo,
1191 361 1232 399 in
1260 375 1335 412 quo
1352 361 1543 413 sopiendis
1559 362 1717 413 alioqui,

169 442 247 468 non
274 431 398 467 autem
426 425 664 477 exagitandis
691 425 934 465 dissidiorum
963 426 1124 464 fiammis
1153 425 1241 465 dare
1260 439 1410 478 operam
1431 426 1603 473 debebat,
1621 427 1714 465 haec

167 494 221 532 ita
258 492 330 531 sibi
364 491 517 530 interim
551 491 593 529 in
628 491 932 529 turbulentorum
967 490 1161 529 hominum
1201 491 1322 540 gratia
1357 504 1490 543 passus
1528 492 1575 530 sit
1612 491 1711 530 exci-

169 558 267 598 dere.
295 557 466 606 Enim-(s
487 558 545 605 72)
574 569 660 594 vero
689 555 721 594 si
747 556 828 608 ipse
863 555 1004 594 Christi
1032 555 1188 593 Domini
1214 556 1422 594 Ecclesiam
1451 561 1714 595 controversae

170 637 259 662 suae
301 623 412 661 huius
457 622 734 661 delitescentiae
777 621 919 660 finibus
962 622 1014 660 ita
1060 621 1349 668 circumscribit,
1392 626 1434 660 ut
1469 625 1574 660 extra
1608 622 1712 659 illam

169 688 310 727 nullam
348 687 459 739 plane
488 687 629 725 Christi
657 686 867 724 Ecclesiam
894 699 1099 736 agnoscere
1144 686 1244 731 velit,
1281 686 1455 737 equidem
1492 687 1610 725 multo
1648 700 1711 725 ve-

167 753 245 792 rius
273 765 342 803 ego
370 753 551 790 affirmare
577 764 745 803 possum,
771 751 866 800 fingi
893 750 940 788 ab
968 750 1051 802 ipso
1080 753 1117 788 et
1145 750 1224 788 suis
1253 763 1390 789 novam
1418 751 1608 802 quandam
1636 751 1711 789 Ec-

169 818 334 863 clesiam,
368 830 447 855 non
483 820 562 855 tam
590 829 679 854 sane
707 828 815 867 super
843 814 1118 866 Prophetarum
1145 819 1258 865 atque
1286 815 1570 866 Apostolorum,
1599 829 1710 867 quam

169 883 293 935 potius
321 895 430 934 super
456 886 566 920 natae
596 880 748 919 vixdum
776 884 863 919 ante
891 893 1012 918 annos
1032 879 1283 931 quadraginta
1313 884 1575 919 controversae
1601 881 1712 918 huius

170 947 446 986 ‹lelitescentiae
474 946 720 984 fundamento
749 946 971 983 collocatam
997 966 1048 974 —
1070 944 1114 982 de
1142 958 1214 996 qua
1242 945 1383 996 alioqui
1402 959 1523 997 neque
1542 945 1713 983 Christus

169 1012 356 1052 Dominus
384 1025 504 1063 neque
531 1011 609 1049 cius
638 1010 813 1061 Apostoli
840 1022 883 1046 ac
911 1022 957 1047 ne
985 1009 1196 1061 primaevae
1223 1009 1375 1061 quidem
1401 1014 1488 1061 post
1507 1010 1712 1061 Apostolos

169 1077 359 1116 Ecclesiae
386 1077 514 1115 Patres
542 1075 747 1127 quidquam
775 1074 931 1112 omnino
962 1074 1178 1123 cogitarunt
1203 1095 1255 1103 —
1282 1087 1394 1125 quam
1413 1074 1515 1125 quod
1533 1074 1597 1112 ille
1617 1088 1637 1112 a
1656 1088 1714 1112 me

168 1143 391 1189 Ecclesiam,
427 1155 521 1194 quae
557 1154 633 1179 non
672 1140 720 1178 sit
757 1139 912 1185 Christi,
948 1139 1077 1190 quaeri
1113 1138 1245 1185 dicat„
1281 1139 1364 1177 Nos
1393 1139 1492 1177 enim
1527 1143 1569 1177 ut
1607 1153 1714 1177 verae

172 1209 312 1248 Christi
349 1207 505 1247 Domini
541 1206 733 1244 Ecclesiae
760 1205 1062 1251 fundamentum,
1089 1217 1152 1243 ore
1179 1204 1280 1243 Petri
1308 1205 1484 1256 Apostoli
1511 1204 1716 1256 proditum,

168 1279 379 1314 reverenter
420 1272 682 1324 amplectimur
718 1271 775 1319 (id
814 1270 915 1322 quod
953 1269 1076 1308 aedita
1112 1269 1255 1321 alioqui
1289 1274 1377 1307 ante
1412 1269 1715 1321 quinquennium

170 1341 247 1379 fere
296 1338 487 1376 Ecclesiae
524 1340 674 1375 nostrae
710 1335 897 1373 confessio
934 1335 1233 1373 luculentissime
1268 1338 1459 1384 testatur),
1491 1336 1544 1374 ita
1571 1337 1714 1375 nullam

169 1410 357 1457 praeterea
395 1403 508 1442 aliam
545 1401 756 1440 doctrinam
794 1400 1009 1446 atteximus‚
1039 1400 1143 1438 cuius
1170 1401 1387 1452 praesertim
1414 1401 1555 1440 finibus
1582 1401 1714 1440 Eccle-

171 1472 264 1510 siam
301 1468 608 1509 circumscribere
643 1467 814 1512 velimus,
849 1466 915 1505 sed
950 1471 1088 1505 temere
1132 1466 1179 1505 ab
1219 1466 1302 1505 aliis
1338 1470 1518 1505 attextam
1563 1467 1714 1518 publice

171 1550 401 1580 accusamus,
428 1540 508 1574 tum
536 1533 637 1585 quod
664 1533 823 1583 legitimi
848 1532 967 1584 ipsius
994 1533 1119 1571 fontes
1145 1532 1186 1570 in
1214 1532 1408 1584 scripturis
1428 1533 1716 1571 commonstrari

170 1615 249 1641 non
284 1601 444 1653 possint,
477 1603 558 1637 tum
595 1597 695 1649 quod
732 1597 910 1646 multo-(2
941 1598 1084 1646 7¹³)rum
1123 1596 1235 1634 etiam
1261 1597 1433 1634 locorum
1461 1596 1571 1635 fidem
1601 1597 1716 1636 violet

170 1667 210 1705 in
248 1665 456 1717 scripturis.
512 1663 559 1701 In
595 1665 724 1700 nostra
761 1674 874 1713 porro
914 1660 1196 1699 delitescentiae
1222 1660 1334 1699 istius
1362 1661 1611 1708 accusatione,
1638 1675 1716 1700 non

171 1732 345 1783 equidem
381 1729 571 1781 sequimur
608 1728 725 1766 ullum
761 1727 921 1765 rationis
958 1730 1110 1765 nostrae
1137 1725 1319 1764 iudicium
1355 1726 1496 1765 ullasve
1532 1726 1716 1765 humanas

172 1797 351 1847 argutias,
405 1793 721 1846 quemadmodum
773 1793 936 1830 Catones
980 1791 1102 1829 nostri
1149 1791 1440 1836 calumniantur,
1485 1791 1549 1829 sed
1594 1792 1715 1843 ipsam

173 1861 433 1914 Apostolicam
470 1859 515 1897 de
552 1858 693 1896 Christi
729 1857 885 1895 Domini
912 1856 1146 1901 ascensione,
1172 1859 1214 1894 ut
1242 1855 1316 1893 alia
1345 1868 1448 1894 nunc
1485 1856 1719 1901 omittamus,

174 1927 383 1966 doctrinam
429 1924 644 1963 unanimem
688 1927 723 1961 et
769 1921 1058 1965 confessionem,
1100 1920 1204 1958 iuxta
1247 1933 1359 1971 quam
1413 1923 1542 1957 autore
1584 1919 1717 1971 spiritu

175 1997 304 2031 sancto
341 1996 377 2030 et
414 1990 494 2029 sine
529 1989 605 2027 ulla
643 1988 849 2039 scripturae
884 1985 1134 2038 repugnantia
1170 1986 1290 2037 palam
1326 1986 1550 2037 profitemur
1585 1989 1621 2023 et
1656 1986 1716 2023 in-

175 2058 345 2097 dubitato
382 2055 581 2100 credimus,
618 2053 807 2091 Christum
845 2051 1053 2090 Dominum
1098 2050 1138 2088 in
1176 2063 1242 2088 sua
1270 2050 1344 2087 iam
1382 2049 1525 2100 alioqui
1550 2049 1717 2100 glorioso

176 2136 343 2175 corpore,
369 2134 444 2160 non
474 2120 584 2158 modo
613 2131 691 2156 non
719 2117 935 2155 delitescere
961 2115 1001 2153 in
1029 2128 1125 2167 pane
1153 2114 1215 2152 hic
1242 2114 1334 2161 ullo,
1360 2114 1426 2165 qm·
1451 2114 1627 2152 manibus
1646 2113 1717 2152 hu-

174 2189 296 2230 manis
322 2189 402 2235 fiat,
429 2186 493 2225 sed
520 2199 567 2223 ne
593 2185 633 2223 in
658 2182 769 2222 terris
797 2181 948 2234 quidem
971 2181 1133 2233 amplius
1161 2193 1251 2227 esse,
1279 2183 1465 2231 quatenus
1489 2179 1614 2232 ipsum
1633 2179 1717 2231 qui-

177 2258 261 2296 dem
289 2267 415 2294 verum
447 2253 554 2291 illum
589 2254 701 2301 atque
726 2253 920 2287 aeternum
946 2247 1168 2285 Pontificem
1196 2250 1366 2284 nostrum
1394 2259 1474 2284 esse
1501 2259 1578 2284 non
1608 2246 1718 2284 dubi-

174 2327 311 2366 tamus,
346 2318 447 2357 Heb.
476 2320 512 2356 8.
541 2319 576 2356 9.
613 2314 703 2366 quin
730 2313 857 2365 potius
885 2313 992 2350 illum
1020 2311 1228 2357 recessisse,
1257 2310 1349 2349 Luc.
1380 2313 1441 2349 24.
1478 2309 1629 2355 abiisse,
1656 2309 1716 2349 Io.

180 2390 240 2426 14.
277 2385 486 2437 profectum
522 2393 613 2427 csse,
650 2381 671 2417 1
699 2379 779 2417 Pet.
808 2381 843 2417 3.
880 2376 1063 2415 mundum
1093 2375 1194 2414 hunc
1221 2375 1427 2426 reliquisse,
1454 2374 1511 2413 Io.
1541 2375 1600 2413 16.
1628 2374 1718 2411 sub-

177 2453 306 2496 latum,
334 2452 421 2487 Act.
453 2449 485 2486 1.
515 2459 536 2484 a
562 2444 686 2490 nobis,
713 2443 806 2482 Luc.
837 2445 898 2487 24,
926 2443 1012 2480 Act.
1033 2443 1067 2480 1.
1086 2440 1127 2478 in
1147 2443 1276 2478 sancta
1296 2441 1596 2490 ἀχειροπόικτει,
1616 2437 1718 2477 Heb.

180 2522 215 2558 9.
245 2517 487 2566 assumptum,
515 2511 635 2549 Marc.
663 2512 724 2548 16.
752 2510 838 2547 Act.
867 2509 902 2546 1.
930 2506 971 2544 in
997 2506 1120 2557 ipsum
1149 2505 1306 2549 coelum,
1334 2503 1433 2541 Heb.
1457 2505 1490 2542 9.
1515 2502 1633 2542 Marc.
1655 2505 1716 2542 16.

179 2583 273 2622 Luc.
311 2583 372 2618 24.
406 2579 492 2616 Act.
531 2577 565 2614 1.
602 2587 714 2625 supra
752 2584 881 2610 omnes
918 2571 1055 2615 coelos,
1082 2569 1180 2621 Eph.
1208 2572 1246 2608 4.
1273 2571 1385 2619 atque
1411 2566 1466 2604 ibi
1494 2566 1721 2615 consedisse,

179 2647 279 2687 Heb.
318 2647 353 2683 3.
391 2655 483 2686 esse,
518 2640 614 2691 Eph.
652 2642 687 2677 6.
721 2640 898 2688 perpetuo
935 2638 971 2673 et
1000 2633 1079 2672 sine
1105 2631 1380 2684 interruptione
1406 2631 1497 2677 ulla,
1525 2630 1626 2669 Heb.
1656 2632 1719 2670 10,

179 2714 219 2753 in
247 2709 367 2761 gloria
396 2705 556 2751 coelesti,
583 2705 617 2753 (ε
646 2706 703 2750 ga)
741 2704 762 2740 1
791 2701 890 2739 Tim.
920 2701 956 2738 3.
984 2699 1103 2736 teneri
1133 2699 1235 2736 coelo
1264 2697 1324 2735 ad·
1338 2700 1485 2747 tempus
1512 2709 1631 2748 usque
1658 2709 1717 2734 re-

181 2774 390 2817 stitutionis
418 2771 598 2815 omnium,
626 2769 711 2806 Act.
740 2770 775 2806 3.
805 2779 883 2804 non
910 2764 1082 2816 equidem
1110 2767 1151 2802 ut
1178 2761 1446 2814 inconspicuus
1472 2760 1535 2798 hic
1551 2761 1590 2799 in
1611 2761 1721 2800 terris

180 2854 340 2895 usquam
376 2836 533 2887 (nedum
568 2834 608 2872 in
643 2845 739 2884 pane
775 2830 870 2878 ullo)
906 2830 1032 2875 lateat,
1069 2828 1133 2867 sed
1168 2831 1210 2866 ut
1245 2827 1319 2865 iam
1357 2826 1530 2877 deinceps
1566 2838 1723 2877 semper,

186 2907 307 2953 eoi-mn
338 2904 431 2944 facie
460 2901 528 2940 Dei
556 2899 634 2937 illic
662 2899 847 2949 appareat,
874 2895 975 2932 Heb.
1007 2898 1042 2932 9.
1070 2894 1251 2944 illincque
1278 2906 1359 2930 eum
1381 2891 1503 2929 adhuc
1523 2891 1722 2942 expectari,
