1830 3147
1559 97 1608 138 77

73 215 280 260 offendunt,
310 216 489 252 moneant
523 211 716 262 corrigant
751 223 796 249 ac
828 210 936 249 iuxta
971 222 1081 249 usum
1117 209 1406 248 Ecclesiastioee
1441 209 1612 262 discipli·

74 294 147 319 nae
180 278 466 332 reprehendant.
521 277 605 316 Nec
639 275 761 328 plebis
796 274 912 314 modo
943 275 984 314 in
1019 275 1189 314 Ecclesia
1225 274 1520 319 multitudinem,
1547 273 1612 313 scd

70 345 335 384 ministrorum
367 343 482 382 etiam
516 342 700 387 omnium,
735 341 946 380 doctrinam
983 353 1105 378 morea
1141 353 1185 378 ac
1218 344 1339 378 totam
1367 339 1528 391 denique
1554 338 1613 377 vi-

70 413 149 448 tam
192 407 430 461 peculiariter
462 411 501 446 et
536 406 736 457 diligenter
770 405 986 444 observent.
1042 404 1171 456 Lupos
1207 418 1229 442 a
1262 417 1376 455 grege
1420 403 1614 442 Ecclesiae

72 488 149 513 una
176 487 260 512 cum
289 471 478 511 Ministris
505 471 611 510 verbi
638 476 802 510 arceant.
845 470 958 508 Vitae
982 469 1058 522 ipsi
1084 483 1174 508 suae
1199 470 1416 519 integritate
1457 469 1615 520 pietate-

74 552 148 591 que
173 542 285 590 atque
311 536 505 576 charitatis
542 536 782 575 Christianae
808 535 939 573 officiis
966 534 1038 573 toti
1073 534 1266 573 Ecclesiae
1299 534 1554 586 praeluceant,
1577 537 1616 572 et

73 604 216 643 talenta
253 603 414 654 denique
442 601 516 641 sibi
543 601 770 648 concredita,
798 601 876 639 sive
901 614 945 639 ea
971 600 1102 645 multa.
1138 600 1216 638 sive
1250 613 1369 652 pauca
1403 601 1491 648 (47)
1527 599 1616 645 sint,

73 667 221 707 foenori
262 668 304 706 in
340 679 409 705 suo
446 666 663 705 ministerio
696 671 901 718 exponant,
937 669 979 704 ut
1012 665 1067 704 ita
1103 664 1253 704 demum
1288 665 1400 703 etiam
1437 677 1615 703 coronam

71 732 216 783 gloriae
240 737 413 771 aeternae
440 732 478 770 in
507 731 743 783 apparitione
770 729 914 768 Christi
940 729 1097 768 Domini
1122 734 1372 781 assequantur
1394 730 1438 777 ¹).
1484 729 1615 781 thue

72 810 149 836 una
175 808 308 835 omnes
332 796 423 834 olim
450 809 581 834 vocem
606 796 710 834 illam
738 794 1062 847 exoptatissimam
1088 794 1218 833 audire
1243 793 1452 845 possimus:
1482 793 1618 832 Venite

0 903 7 907 ,
73 861 282 900 benedicti!
317 860 506 913 possidete
541 873 715 910 reguum,
750 859 853 911 quod
889 859 999 898 vobis
1037 863 1259 911 apparatum
1294 863 1351 896 est
1386 858 1435 896 ab
1471 858 1619 908 origine

76 925 221 965 mundi.
248 926 385 965 Amen.

126 990 294 1029 Tandem
331 1002 418 1028 vero
455 989 602 1028 canitur
634 988 807 1027 Psalmus
841 987 1113 1038 gratulatorias
1149 1001 1171 1026 a
1206 991 1288 1026 tota
1324 987 1507 1031 Ecclesia,
1542 1001 1618 1040 quo

75 1056 183 1095 finito
219 1055 425 1094 dimittitur
461 1067 546 1093 cum
580 1067 671 1106 pace
705 1053 889 1100 Ecclesia,
918 1059 1068 1105 accepta
1102 1053 1151 1091 ab
1185 1052 1414 1091 Ecclesiaste
1441 1052 1618 1091 benedic-

76 1121 181 1161 tione
207 1123 401 1159 consueta.

128 1250 264 1288 Forma
298 1247 604 1298 inauqurationie
635 1247 811 1297 publicae
837 1246 1090 1285 Diaeonorum
1115 1259 1238 1286 coram
1266 1250 1351 1285 tota
1378 1245 1567 1286 Ecclesia.

128 1374 499 1416 POSTEAQUAM
533 1374 694 1412 Diaconi
719 1374 808 1419 iam,
834 1378 875 1412 ut
903 1373 1043 1412 dictum
1075 1378 1142 1419 est,
1176 1373 1285 1412 electi
1320 1378 1433 1426 atque
1467 1374 1620 1426 publico

78 1442 269 1482 Ecclesiae
296 1455 484 1480 consensu
510 1440 709 1492 approbati
736 1446 837 1484 suut,
864 1440 1106 1478 constituitur
1133 1444 1256 1478 certus
1281 1439 1419 1492 aliquis
1446 1440 1620 1479 Domini-

80 1520 145 1545 cus
182 1511 246 1545 ant
279 1506 420 1557 alioqui
455 1505 634 1543 solemnis
670 1504 751 1542 dies
777 1504 824 1543 ad
851 1504 1042 1556 publicam
1068 1505 1236 1556 ipsorum
1277 1504 1619 1554 inaugurationem.

80 1574 208 1622 Atque
242 1570 297 1607 ibi
331 1574 414 1607 tum
449 1568 490 1606 in
524 1567 677 1619 publica
706 1567 901 1610 concione.
927 1567 1006 1605 sive
1032 1568 1218 1606 matutina
1245 1568 1324 1606 sive
1350 1568 1621 1620 pomeridiana,

82 1640 125 1674 ut
151 1633 389 1673 commodum
417 1638 474 1671 est
502 1632 706 1676 Ecclesiae,
729 1637 816 1684 post
843 1632 1038 1670 absolutas
1063 1645 1192 1684 preces
1218 1632 1414 1671 Ecclesiae
1437 1633 1622 1685 publicas,

78 1702 296 1753 priusquam
326 1699 497 1737 Psalmus
524 1705 713 1736 extremus
741 1697 972 1742 demutetur,
996 1697 1245 1737 Ecclesiastes
1272 1699 1377 1737 iubet
1395 1699 1620 1737 nominatim

78 1765 230 1817 prodire
263 1765 402 1804 electos
437 1763 630 1802 Diaconos
662 1763 761 1806 illos.
799 1763 878 1801 sive
911 1776 1011 1801 unus
1049 1763 1110 1810 sit,
1146 1763 1223 1801 sive
1268 1766 1356 1813 (48)
1399 1764 1538 1816 phu-es,
1581 1764 1620 1802 in

78 1830 197 1868 totius
241 1829 433 1867 Ecclesiae
477 1833 730 1880 prospectum,
775 1827 830 1866 sic
863 1832 905 1866 nt
940 1841 963 1866 a
998 1832 1079 1866 tota.
1118 1828 1290 1866 Ecclesia
1325 1829 1620 1881 conspiciantur.

81 1893 381 1945 Constitutisque
405 1893 482 1931 illis
509 1892 557 1930 ad
584 1892 686 1930 hunc
710 1892 878 1939 modum,
905 1897 1035 1931 narrat
1060 1893 1203 1944 paucis,
1229 1906 1306 1945 quo
1332 1899 1443 1946 pacto
1470 1906 1622 1932 succes-

80 1960 169 1998 serit
202 1959 374 2011 ipsorum
407 1958 554 2003 electio,
588 1962 625 1996 et
659 1957 766 1996 addit
802 1957 984 2010 quaedam
1012 1958 1177 1997 breviter
1203 1959 1250 1997 de
1273 1972 1405 1997 eorum
1432 1960 1553 1998 officio
1579 1960 1620 1998 in

80 2024 262 2070 Ecclesia,
306 2022 622 2075 quemadmodum
668 2035 780 2075 supra
825 2023 865 2061 iu
900 2023 1083 2061 concione
1116 2023 1282 2074 publica,
1318 2024 1416 2062 ciroe
1450 2025 1618 2075 ipsorum

81 2090 303 2128 electionem
339 2088 510 2126 habetur.
565 2087 698 2138 Neque
724 2088 885 2139 amplius
911 2092 1053 2126 restare
1080 2088 1185 2135 dicit,
1211 2103 1324 2140 quam
1351 2093 1394 2127 ut
1420 2089 1472 2127 ita
1499 2090 1622 2136 electi,

80 2155 271 2205 totiusque
306 2153 498 2191 Ecclesiae
523 2166 680 2191 assensu
705 2153 859 2204 publico
888 2166 954 2204 per
988 2153 1069 2192 eius
1105 2154 1297 2192 silentium
1334 2155 1543 2206 approbati,
1578 2155 1619 2192 in

83 2219 236 2271 publico
269 2217 345 2255 iam
380 2217 535 2255 tandem
570 2216 765 2255 Ecclesiae
800 2223 910 2255 coetu
945 2217 994 2255 ad
1031 2217 1104 2255 hoc
1138 2219 1273 2269 ipsum,
1310 2219 1358 2257 ad
1394 2219 1498 2270 quod
1533 2226 1622 2258 sunt

83 2282 205 2330 electi,
240 2281 496 2320 Ministerium
532 2280 822 2330 inaugurentur.
875 2282 1009 2320 Postea
1047 2281 1093 2319 ad
1121 2282 1259 2320 electos
1285 2283 1388 2334 ipsos
1416 2296 1620 2322 conversus

84 2347 330 2385 Ecclesiastes
363 2345 577 2384 sciscitatur
612 2345 661 2383 ab
688 2345 764 2383 illis
790 2346 910 2384 totius
937 2345 1130 2384 Ecclesiae
1156 2347 1310 2386 nomine
1346 2347 1391 2386 de
1426 2348 1499 2394 his,
1525 2362 1620 2400 quae

82 2419 299 2465 sequuntur,
324 2412 372 2450 ad
401 2411 502 2449 hunc
529 2410 703 2449 modum:

137 2540 601 2590 Interrogationes,
637 2551 758 2590 quae
793 2539 1032 2579 Diaconis
1067 2546 1409 2593 proponuntur
1436 2543 1570 2582 circa

499 2604 718 2655 ipsorum
753 2604 1205 2655 inaugurationem.

141 2733 490 2785 'Quandoquidem
548 2747 657 2771 nemo
710 2733 889 2773 hactenus
946 2748 992 2773 ex
1043 2735 1211 2774 Ecclesia
1263 2736 1468 2789 quidquam
1521 2738 1620 2776 eius-

86 2800 190 2839 modi
215 2798 383 2850 proferre
407 2799 544 2850 potuit,
571 2799 706 2838 fratres
734 2799 879 2848 dilecti!
908 2800 1010 2852 quod
1039 2807 1199 2840 vestram
1231 2803 1450 2842 electionem
1465 2817 1622 2855 gravare

130 2889 155 2926 ¹)
180 2887 284 2919 Lucae
309 2886 359 2919 19.
402 2886 420 2917 2
445 2887 527 2919 Tim.
549 2888 580 2918 4.
