1830 3147
1516 144 1590 181 259

59 259 183 297 socios
218 257 380 297 invicem
413 256 519 309 ipsos
545 254 771 300 communia,
798 260 878 292 tum
905 255 1015 299 laeta,
1046 260 1125 292 tum
1153 254 1289 298 tristia.
1315 257 1358 291 ut
1385 257 1421 291 et
1447 252 1589 292 laetitia

60 335 204 374 semper
240 322 524 374 conduplicetur
550 324 588 358 et
615 319 809 357 molestiae
836 331 985 357 rursum
1013 331 1143 357 omnes
1170 317 1449 370 quodammodo
1477 316 1588 354 dimi·

60 387 238 426 dientur?
273 387 359 424 Sive
386 385 502 436 igitur
529 384 671 422 vinculi
696 383 815 435 ipsius
843 395 978 422 nexum
1007 383 1047 422 in
1076 383 1267 433 coniugali
1294 382 1482 428 societate,
1509 381 1588 419 sive

58 452 183 490 etiam·
214 451 316 489 illius
352 449 636 488 diuturnitatem
675 449 901 494 intueamur,
938 447 1137 486 manifeste
1172 447 1354 491 videmus,
1393 459 1470 485 non
1506 458 1587 484 esse

59 513 176 552 ullum
221 514 411 552 societatis
456 514 640 552 humanae
685 527 805 563 genus
848 513 890 550 in
937 513 1006 550 hac
1050 512 1127 550 vita
1162 512 1310 550 felicius
1344 510 1587 550 matrimonio

58 578 287 618 Christiano.
340 579 423 616 Nos
449 578 547 616 euim
578 577 623 615 de
651 578 867 616 Christiano
895 576 957 615 hic
983 576 1168 615 duntaxat
1194 576 1434 615 matrimonio
1462 575 1587 627 loqui·

59 655 154 686 mur,
190 642 294 681 cuius
331 655 414 681 cum
458 642 558 680 Deus
594 642 673 693 ipse
709 647 820 680 autor
856 642 917 685 sit,
954 641 1140 691 gubernat
1176 653 1265 679 sane
1299 641 1339 678 in
1365 640 1433 678 illo
1461 644 1496 678 et
1524 652 1588 677 su·

61 711 199 744 stentat
235 706 349 744 etiam
386 707 565 756 coniuges
601 707 715 758 ipsos,
752 710 794 744 ut
831 707 948 744 Satan
984 705 1130 744 nullum
1158 705 1198 743 in
1226 717 1290 742 eos
1316 703 1515 755 imperium
1542 703 1589 741 ad

60 770 194 809 alenda
229 770 384 809 dissidia
421 777 549 809 mutua
593 771 730 809 habere
758 770 914 809 omnino
940 770 1073 821 possit.
1127 769 1241 808 Tanti
1266 769 1380 807 refert
1406 768 1592 811 videlicet.

61 836 240 886 coniungi
273 836 313 874 in
351 836 517 874 Domino
553 822 805 882 matrimonia,
841 835 914 873 hoc
948 839 1018 882 est,
1051 839 1094 873 ut
1127 835 1168 873 in
1209 834 1286 872 illis
1315 832 1589 882 coniungendis

65 913 129 939 eos
164 902 401 952 potissimum
438 902 532 939 fines
570 905 789 952 spectemus,
824 899 871 938 ad
909 899 978 938 Dei
1013 899 1133 952 ipsius
1159 899 1322 950 gloriam
1349 902 1590 949 nostramque

59 965 227 1016 ipsorum
264 967 433 1012 salutem,
467 971 619 1018 propter
654 979 749 1017 quos
776 964 1061 1004 matrimonium
1087 965 1214 1016 ipsum
1242 977 1263 1002 a
1289 962 1455 1002 Domino
1481 962 1592 1001 insti·

59 1034 182 1068 tutum
210 1044 288 1069 esse
317 1034 480 1074 constat,
506 1035 543 1069 et
570 1044 680 1081 super
708 1030 974 1068 contrahentes
1001 1029 1106 1080 ipsos
1133 1041 1270 1067 nomen
1297 1027 1453 1066 Domini
1478 1027 1590 1066 etiam

60 1109 136 1133 una
173 1108 256 1133 cum
297 1095 373 1134 illis
400 1098 511 1144 (597)
540 1095 636 1134 serio
663 1096 896 1134 invocemus.
949 1091 1107 1140 Deinde,
1133 1093 1165 1131 si
1191 1107 1233 1131 ea
1260 1093 1409 1131 demum
1436 1092 1594 1130 societas

62 1160 153 1198 felix
187 1174 267 1199 esse
305 1165 489 1207 censetur,
524 1161 564 1198 in
601 1174 673 1212 qua
711 1166 747 1198 et
783 1173 946 1198 amorem
983 1160 1106 1211 ipsum
1145 1158 1320 1197 socialem
1361 1162 1399 1196 et
1424 1159 1596 1196 fortunas

59 1224 152 1262 adeo
190 1237 320 1263 omues
356 1225 485 1274 augeri
524 1225 647 1263 indies
675 1224 795 1273 magis
831 1236 876 1261 ac
910 1224 1031 1273 magis
1067 1222 1249 1268 videmus,
1284 1221 1458 1274 equidem
1494 1221 1595 1259 nulla

62 1293 118 1328 est
154 1290 193 1327 in
222 1290 332 1328 terris
362 1290 461 1328 vitae
489 1290 649 1328 societas
677 1289 921 1328 matrimonio
949 1288 1110 1335 felicior,
1134 1288 1175 1326 in
1202 1299 1277 1339 quo
1305 1291 1342 1325 et
1368 1299 1473 1325 amor
1499 1286 1599 1325 inter

63 1354 242 1405 coniuges
276 1355 399 1393 indies
434 1360 592 1405 augetur
627 1368 691 1407 per
724 1355 844 1393 nostri
869 1354 1037 1406 ipsorum
1065 1352 1255 1405 quandam
1282 1352 1323 1390 in
1350 1351 1490 1390 mutuis
1508 1364 1597 1402 pro-

60 1420 161 1458 libus
197 1420 561 1472 multiplicationem,
599 1425 635 1459 et
672 1420 838 1459 actiones
865 1419 957 1457 item
985 1432 1114 1458 omnes
1141 1421 1412 1470 prosperantur
1438 1429 1503 1468 per
1532 1416 1598 1454 ad-

63 1485 226 1523 iunctam
258 1499 400 1537 semper
428 1485 643 1524 Christiano
671 1484 928 1530 matrimonio,
955 1489 1141 1535 quatenus
1168 1483 1207 1520 id
1236 1482 1388 1534 quidem
1417 1481 1597 1530 coniuga-

62 1551 110 1588 tis
146 1551 237 1601 ipsis
274 1551 436 1589 salutare
471 1555 539 1594 est,
568 1550 733 1587 divinam
761 1549 1051 1600 promissionem
1081 1547 1194 1586 simul
1221 1550 1257 1585 et
1285 1545 1601 1590 benedictionem,

62 1615 101 1653 id
128 1615 229 1666 quod
257 1615 398 1666 alioqui
427 1615 466 1653 in
495 1614 636 1666 nuptiis
664 1614 740 1652 illis
769 1613 979 1652 cananaeis
1006 1626 1027 1651 a
1056 1612 1206 1650 Christo
1235 1611 1400 1649 Domino
1428 1616 1464 1648 et
1490 1623 1596 1662 prae·

62 1680 181 1718 sentia
217 1680 334 1731 ipsius
368 1684 405 1718 et
441 1679 705 1718 miraculorum
748 1691 898 1716 suorum
926 1676 1103 1730 primitiis
1130 1676 1282 1714 abunde
1311 1675 1595 1727 comprobatum

62 1744 260 1784 habemus.
314 1744 373 1782 Ad
411 1744 513 1787 haec,
550 1756 735 1795 quaenam
772 1743 891 1781 maior
919 1742 1079 1780 felicitas
1107 1740 1239 1779 haberi
1263 1744 1400 1792 potest,
1426 1753 1536 1792 quam
1566 1740 1597 1777 si

62 1813 210 1847 nostras
247 1808 414 1860 ipsorum
449 1807 571 1860 proles
608 1821 651 1846 ex
690 1808 829 1846 lumbis
866 1807 1008 1845 nostris
1034 1806 1251 1857 progenitas
1279 1809 1482 1857 nostraque
1509 1817 1597 1843 cura

64 1884 129 1921 per
164 1870 235 1908 Dei
276 1870 435 1920 gratiam
473 1870 525 1908 ita
564 1870 758 1908 institutas
795 1869 1087 1921 conspiciamus,
1122 1873 1162 1906 ut
1197 1881 1275 1906 non
1310 1872 1458 1905 tantum
1485 1867 1596 1905 nobis

60 1931 163 1982 ipsis,
198 1930 261 1968 sed
300 1931 493 1968 universae
528 1931 620 1969 adeo
659 1931 800 1969 Christi
827 1930 937 1968 etiam
966 1928 1159 1967 Ecclesiae
1187 1929 1417 1975 adiumento,
1444 1928 1592 1975 solatio,

64 1995 224 2046 denique
259 1999 295 2033 et
332 2001 551 2032 ornamento
586 1996 627 2033 in
664 1995 733 2033 hac
769 2008 917 2046 quoque
953 1994 1030 2032 vita
1058 2007 1136 2032 esse
1162 1993 1336 2045 possint?
1388 1993 1595 2039 Postremo,

64 2059 96 2097 si
121 2059 160 2097 id
189 2060 337 2098 demum
366 2073 450 2098 vere
476 2064 532 2098 est
559 2060 659 2106 felix,
687 2060 789 2112 quod
818 2059 919 2098 Deus
945 2059 1026 2111 ipse
1052 2059 1142 2097 felix
1168 2059 1207 2096 in
1235 2058 1312 2096 vita
1340 2057 1410 2096 hac
1428 2059 1594 2096 beatum-

65 2138 137 2176 que
169 2126 280 2173 (598)
316 2137 396 2162 esse
430 2125 671 2175 pronunciat,
696 2146 746 2154 —
775 2138 863 2163 sane
897 2124 1044 2162 nullum
1079 2124 1178 2161 vitae
1214 2123 1275 2161 hic
1300 2127 1452 2161 nostrae
1477 2136 1596 2173 genus

63 2187 304 2225 matrimonio
348 2187 492 2225 felicius
529 2188 709 2226 constitui
744 2191 879 2239 potest,
917 2185 1100 2238 siquidem
1138 2185 1239 2223 Deus
1273 2185 1430 2237 ipsemet
1464 2186 1595 2224 matri·

65 2252 230 2290 monium
269 2251 391 2303 ipsum
419 2251 459 2289 in
488 2265 630 2289 summa
658 2251 904 2289 beatitudinis
931 2249 1198 2301 felicitatisque
1225 2249 1287 2287 hic
1312 2254 1464 2288 nostrae
1489 2255 1596 2301 parte

65 2321 310 2356 connumerat
346 2321 382 2355 et
417 2317 658 2368 praecipuum
695 2317 787 2354 adeo
823 2315 1031 2367 proemium
1067 2315 1108 2353 in
1143 2315 1219 2353 vita
1256 2315 1326 2352 hae
1363 2314 1510 2353 timoris
1537 2315 1594 2354 sui

64 2395 109 2420 ac
133 2382 285 2434 pietatis
313 2395 392 2420 esse
420 2382 557 2420 fatetur
584 2381 724 2430 (Psalm
755 2383 859 2429 118),
884 2380 923 2418 id
951 2380 1052 2431 quod
1081 2393 1170 2418 sane
1187 2379 1231 2417 de
1250 2379 1324 2417 alio
1343 2380 1478 2431 quovis
1499 2381 1595 2418 vitae

65 2448 128 2485 hic
153 2451 466 2496 nostraegenere
494 2446 635 2484 dictum
664 2459 744 2484 esse
771 2458 957 2496 nusquam
985 2444 1135 2482 ostendi
1159 2447 1295 2495 potest.
1346 2443 1453 2482 Haec
1478 2444 1596 2495 igitur

64 2516 168 2551 tanta
195 2517 345 2563 tamque
371 2511 569 2562 multiplex
597 2511 758 2550 felicitas
787 2524 869 2549 cum
897 2510 936 2548 in
965 2510 1070 2548 nullo
1099 2509 1172 2546 alio
1200 2509 1298 2547 vitae
1324 2521 1470 2559 genere,
1487 2523 1595 2561 prae·

65 2581 236 2628 terquam
269 2576 310 2614 in
347 2575 599 2622 matrimonio,
637 2577 924 2614 commonstrari
960 2587 1006 2613 ex
1042 2574 1158 2612 verbo
1194 2572 1264 2611 Dei
1290 2577 1425 2625 potest,
1453 2579 1594 2613 certum

65 2645 134 2687 est,
169 2653 246 2678 non
279 2653 359 2678 esse
393 2640 513 2677 ullum
547 2639 609 2677 hic
643 2653 760 2688 genus
797 2640 895 2678 vitae
922 2638 1069 2677 felicius
1096 2637 1339 2676 matrimonio
1367 2650 1412 2676 ex
1440 2637 1509 2677 Dei
1536 2639 1595 2690 ip-

66 2704 142 2742 sius
167 2703 409 2742 institutione
435 2708 471 2741 et
500 2702 774 2743 benedictione.

119 2770 244 2820 Atque
271 2768 384 2807 habet
411 2781 501 2806 sane
528 2768 807 2806 matrimonium
835 2768 1052 2806 adiunctam
1082 2767 1156 2804 sibi
1181 2766 1294 2805 etiarn
1317 2779 1466 2805 crucem
1493 2780 1597 2806 suam

67 2834 234 2885 variique
259 2834 408 2884 generis
435 2833 639 2880 molestias,
666 2833 981 2885 quemadmodum
1005 2831 1144 2870 Paulus
1164 2831 1285 2879 docet,
1304 2831 1367 2870 sed
1387 2844 1482 2883 quae
1498 2832 1597 2871 inte-

66 2897 148 2943 rim,
167 2910 250 2937 cum
272 2911 347 2936 non
366 2903 441 2936 tam
465 2897 637 2949 equidem
655 2897 900 2945 matrimonii,
917 2909 1030 2949 quam
1051 2897 1285 2948 corruptelae
1301 2901 1453 2935 nostrae
1471 2897 1598 2948 potius

1372 2961 1446 3002 17*
