1830 3147
176 109 240 158 [A.
265 109 312 147 n.
337 109 448 157 1548]
914 108 983 144 612

179 218 214 256 N
217 219 245 257 ⁰.
270 219 328 257 44.
385 259 388 262 ,
1080 218 1158 266 [nim.
1173 221 1251 256 nram.
1264 221 1299 255 ci.
1312 219 1348 255 vi,
1359 220 1414 256 147.
1427 221 1512 256 aera.
1525 229 1546 256 s.
1555 230 1580 256 a.
1591 217 1726 266 11116311]

737 339 796 377 Ad
822 339 1176 382 HAnnnunnnemm,

232 461 376 498 Literae
402 462 498 506 tuae,
523 461 571 498 mi
594 460 759 499 Albarte!
786 463 864 499 tum
889 461 974 498 mihi
998 461 1085 499 sunt
1109 459 1274 503 redditae,
1289 460 1405 510 plane,
1429 471 1509 497 cum
1534 460 1726 498 Dominum

185 523 480 572 Christophorum
521 528 685 561 nostrum
720 524 910 569 Comitem,
942 524 1004 571 qui
1037 523 1139 560 nobis
1172 523 1380 571 aliquandiu
1411 522 1467 560 hic
1498 522 1568 560 iam
1599 523 1726 568 adfuit,

178 585 344 622 aditurus
376 598 500 630 essem,
534 585 586 622 ita
618 588 661 622 ut
695 585 853 623 nondum
885 598 943 623 eas
977 585 1199 634 perlegerim,
1225 597 1312 624 *cum
1344 585 1388 622 ad
1419 585 1541 633 ipsum.
1558 584 1725 623 venirem.

180 646 270 682 Cum
296 646 408 693 igitur
433 659 490 683 eas
514 646 678 694 legerem,
703 646 894 694 quaerebat
911 646 1005 683 unde
1023 646 1215 683 venissent.
1246 646 1429 695 Respondi
1453 646 1515 684 abs
1540 649 1577 683 te
1601 646 1727 687 allatas

181 719 269 744 esse.
304 706 374 744 1110
405 720 487 744 111οΧ
516 708 660 756 cupiens
685 708 774 745 scire
798 707 884 755 quid
910 708 1120 756 scripsisses,
1146 720 1282 745 mecum
1306 707 1466 744 nonnihil
1490 720 1511 745 a
1535 707 1640 744 turba
1664 707 1726 744 ho·

181 769 314 805 minum
341 769 501 807 secessit:
529 770 676 818 exposui
701 771 732 807 ei
757 783 830 807 rem
856 782 1005 814 omnem,
1032 770 1092 807 sed
1118 783 1190 807 non
1214 770 1378 813 indicavi,
1402 772 1440 807 te
1464 769 1599 807 abitum
1617 770 1726 806 medi-

181 831 261 874 tari,
298 830 328 866 si
353 832 417 866 tua
442 831 618 868 sententia
643 831 874 879 Magistratui
900 831 981 868 istic
1005 844 1075 868 non
1103 831 1283 879 probetur,
1310 843 1426 879 neque
1449 830 1535 867 item
1561 842 1611 875 ea,
1636 842 1727 878 quae

180 889 224 925 ad
249 901 305 925 me
331 891 414 936 περὶ
440 891 576 936 μικροῦ
599 889 817 935 ἐκκλησίαις
844 891 1027 939 scripsisti.
1076 890 1230 928 Volebat
1255 891 1380 928 habere
1403 891 1524 928 literas
1549 895 1649 928 tuas:
1675 903 1726 928 re-

183 949 321 997 spondi,
347 949 523 986 contineri
547 949 584 985 in
610 949 680 986 illis
695 950 834 997 privata
847 952 1028 999 quaedam.
1055 952 1211 989 Tandem
1228 952 1334 1000 petiit
1351 952 1566 1000 exemplum:
1585 951 1728 996 tradidi,

181 1011 244 1048 sed
275 1011 330 1047 his
364 1023 435 1047 non
467 1010 598 1047 additis
631 1024 785 1059 quorum
819 1013 888 1050 iam
912 1014 1066 1051 memini.
1117 1014 1221 1051 Dixit
1246 1027 1282 1051 se
1308 1014 1405 1051 brevi
1429 1014 1512 1051 istic
1537 1016 1601 1050 tua
1625 1025 1728 1051 causa

183 1076 247 1110 aut
272 1075 465 1110 venturum
491 1086 567 1110 esse
590 1074 792 1122 ipsummet,
817 1078 882 1112 aut
906 1089 925 1113 e
949 1076 1022 1113 suis
1046 1076 1200 1124 aliquem
1224 1077 1426 1121 missurum,
1452 1089 1561 1125 quare
1578 1076 1729 1114 scribere

180 1135 225 1171 ad
257 1137 295 1171 te
327 1135 391 1172 hac
424 1135 467 1171 de
499 1147 538 1172 re
570 1135 681 1180 volui,
714 1138 758 1173 ut
782 1137 881 1181 scias,
908 1137 995 1184 quid
1019 1137 1073 1174 illi
1097 1151 1140 1175 ex
1164 1138 1278 1175 literis
1302 1139 1375 1175 tuis
1399 1138 1556 1186 legerim,
1580 1140 1644 1175 aut
1667 1137 1727 1175 de-

180 1197 352 1244 scriptum
385 1196 593 1233 tradiderim
627 1198 747 1242 etiam,
781 1199 867 1246 quid
892 1212 977 1236 vero
1002 1199 1245 1245 subticuerim,
1270 1202 1313 1237 ut
1337 1200 1368 1237 si
1393 1200 1540 1249 ipsemet
1565 1200 1659 1237 forte
1682 1199 1726 1236 ad

182 1260 219 1294 te
244 1257 366 1294 veniat
393 1259 458 1293 aut
482 1258 617 1302 mittat,
643 1258 732 1295 nihil
756 1261 793 1296 te
817 1259 861 1296 ad
886 1273 941 1297 me
966 1260 1009 1297 de
1033 1260 1098 1305 his,
1124 1274 1216 1310 quae
1240 1261 1407 1306 subticui,
1425 1261 1604 1310 scripsisse
1621 1261 1728 1299 dicas.

231 1318 337 1365 Quod
362 1331 446 1356 vero
470 1319 515 1356 ad
539 1332 612 1356 rem
638 1320 749 1368 ipsam
772 1321 916 1366 attinet,
941 1322 1134 1360 meministi
1158 1323 1295 1372 opinor,
1321 1323 1369 1360 mi
1394 1323 1558 1361 Albarte!
1578 1323 1644 1360 tibi
1661 1323 1726 1361 1100

182 1392 203 1417 a
227 1393 282 1418 me
307 1380 526 1429 praedictum
551 1394 637 1426 esse,
662 1384 700 1419 te
723 1382 806 1420 istic
831 1383 998 1421 videlicet
1028 1384 1103 1422 sine
1134 1385 1316 1433 tragoedia
1340 1385 1402 1422 diu
1425 1398 1629 1422 mansurum
1654 1398 1727 1423 non

182 1454 267 1478 esse.
293 1443 347 1479 Ac
372 1442 491 1479 mirari
516 1443 603 1479 satis
627 1455 699 1480 non
723 1456 867 1493 possum
892 1444 1043 1482 istorum
1068 1445 1261 1494 ingenium,
1288 1446 1352 1494 qui
1377 1458 1457 1484 eum
1481 1459 1502 1484 a
1525 1446 1628 1483 nobis
1644 1458 1726 1483 con·

181 1504 376 1541 troversiae
401 1517 485 1542 suae
509 1505 651 1543 nomine
675 1518 747 1543 non
772 1506 989 1552 iudicentur,
1015 1507 1086 1545 imo
1110 1521 1191 1545 cum
1217 1509 1368 1545 fratrum
1393 1508 1472 1546 loco
1497 1508 1726 1546 nihilominus

188 1566 395 1611 habeantur,
421 1579 486 1604 nos
511 1568 630 1604 tamen
655 1568 731 1604 sine
755 1569 936 1605 stomacho
962 1569 1054 1606 ferre
1078 1582 1150 1607 non
1174 1570 1323 1619 possint.
1356 1569 1393 1607 Si
1418 1573 1482 1607 aut
1507 1569 1641 1607 Christi
1665 1569 1726 1606 do-

183 1628 270 1665 mini
302 1628 471 1676 dignitaS,
504 1631 569 1665 aut
593 1628 720 1666 salutis
744 1632 888 1667 nostrae
912 1631 1091 1669 certitudo
1116 1632 1180 1669 hac
1203 1632 1444 1670 controversia
1469 1632 1506 1669 in
1529 1631 1727 1680 periculum

183 1692 250 1726 aut
282 1690 406 1727 saltem
439 1690 477 1727 in
511 1690 657 1727 dubium
691 1691 805 1728 ullum
840 1695 1040 1738 vocaretur,
1074 1694 1202 1731 merito
1236 1694 1354 1742 magni
1380 1694 1537 1732 facienda
1561 1696 1666 1738 esset,
1691 1695 1729 1730 et

182 1751 321 1788 vitandi
345 1751 392 1796 hi,
418 1751 482 1799 qui
508 1752 642 1789 Christi
667 1753 812 1790 Domini
837 1754 1048 1802 dignitatem
1074 1756 1245 1794 salutisve
1269 1758 1412 1794 nostrae
1435 1755 1538 1793 fidem
1564 1767 1727 1803 quoquo-

182 1812 286 1849 modo
312 1813 504 1850 elevarent.
530 1814 597 1850 Sed
622 1827 702 1851 cum
727 1815 852 1852 horum
877 1816 966 1852 nihil
991 1817 1046 1854 1110
1070 1818 1144 1863 fiat,
1168 1818 1239 1855 imo
1265 1830 1345 1855 cum
1375 1819 1412 1854 et
1430 1817 1564 1853 Christi
1581 1816 1726 1853 Domini

185 1874 341 1921 dignitas
366 1877 402 1911 et
427 1877 569 1912 nostrae
593 1876 680 1913 item
706 1876 831 1913 salutis
857 1877 943 1914 fides
968 1891 1011 1915 ex
1036 1892 1149 1927 aequo
1183 1892 1203 1916 a
1234 1879 1335 1916 nobis
1366 1878 1510 1927 perinde
1542 1880 1652 1926 atque
1684 1876 1727 1913 ab

183 1935 268 1979 illis,
301 1948 346 1972 ne
379 1936 465 1983 quid
496 1936 551 1973 1110
586 1937 681 1973 aliud
707 1937 831 1983 dicam,
857 1938 1061 1977 illustretur
1091 1940 1288 1989 animisque
1313 1940 1470 1978 omnium
1495 1939 1729 1988 imprimatur,

184 1997 294 2034 miror
318 1998 412 2034 unde
438 1999 522 2035 haec
547 1998 683 2046 religio,
709 2003 753 2036 ut
777 2003 923 2049 propter
948 2003 1239 2047 controversiam,
1258 2016 1349 2051 quae
1366 2015 1481 2051 neque
1498 2002 1541 2039 ad
1559 2001 1726 2039 tuendam

185 2059 320 2094 Christi
345 2059 491 2095 Domini
515 2059 726 2107 dignitatem
751 2074 867 2110 neque
891 2062 934 2099 ad
959 2063 1040 2100 fidei
1064 2064 1333 2109 firmamentum,
1359 2064 1512 2112 denique
1536 2076 1650 2111 neque
1684 2062 1728 2098 ad

185 2119 356 2185 pietatem
387 2120 546 2157 alendam
572 2134 782 2170 magnopere
807 2123 925 2168 faciat,
950 2124 1010 2160 alii
1034 2125 1122 2162 alios
1148 2126 1354 2178 iudicemus,
1382 2125 1582 2162 scindamus
1606 2123 1726 2161 Eccle-

185 2178 254 2215 sias
298 2181 335 2216 et
379 2179 580 2216 universam
614 2181 795 2229 religionis
829 2195 968 2220 causam
1002 2185 1095 2233 apud
1128 2185 1239 2222 illius
1257 2175 1477 2222 adversarios
1507 2176 1728 2223 infamemus.

183 2239 304 2277 Audio
338 2240 440 2277 nobis
473 2241 589 2287 obiici,
631 2242 769 2280 detrahi
800 2248 922 2282 nostra
962 2245 1124 2283 doctrina
1153 2247 1287 2283 Christi
1313 2247 1459 2284 Domini
1483 2247 1664 2296 pot-entiae
1688 2259 1729 2284 ac

185 2301 330 2338 veritati
363 2304 400 2338 et
433 2303 580 2351 proinde
614 2304 783 2352 dignitati
808 2319 963 2354 quoque,
990 2307 1020 2344 si
1046 2308 1153 2344 verba
1176 2321 1305 2346 coenae
1330 2308 1423 2346 nude
1448 2308 1655 2356 simpliciter
1688 2319 1728 2345 ac

184 2363 410 2401 substantive
449 2377 521 2401 non
557 2378 783 2414 exponamus.
832 2369 1057 2418 Respondeo‚
1092 2370 1198 2406 verba
1229 2383 1368 2416 coenae,
1401 2373 1541 2419 praeter
1573 2372 1725 2413 mentem

184 2424 318 2460 Christi
352 2425 523 2473 exposita,
549 2439 620 2463 non
645 2440 720 2465 esse
745 2429 893 2466 verbum
919 2430 988 2467 Dei
1013 2433 1050 2467 et
1074 2431 1221 2480 proinde
1245 2445 1289 2469 ne
1319 2445 1383 2480 pro
1415 2444 1543 2468 coenae
1578 2430 1725 2467 domini-

184 2496 245 2521 cae
271 2485 414 2533 quidem
440 2486 556 2523 verbis
581 2489 739 2536 reputari
762 2503 875 2538 posse,
901 2492 1198 2539 quemadmodum
1222 2492 1260 2529 in
1282 2493 1414 2529 Christi
1440 2491 1585 2530 Domini
1610 2492 1725 2527 tenta-

183 2545 283 2582 tione
307 2547 414 2583 verba
437 2559 458 2583 a
483 2548 612 2584 Satana
638 2562 657 2585 e
681 2550 795 2587 media
820 2551 994 2600 scriptura
1019 2553 1215 2602 desumpta,
1241 2566 1310 2590 non
1337 2566 1418 2590 sane
1444 2552 1523 2597 Dei,
1548 2551 1608 2588 sed
1626 2552 1725 2587 Sata-

186 2619 251 2643 nae
276 2608 398 2655 potius
424 2609 570 2645 verbum
596 2612 709 2656 erant,
735 2623 776 2648 οο
802 2612 898 2660 quod
923 2616 1062 2661 praeter
1078 2617 1232 2652 mentem
1250 2614 1318 2652 Dei
1334 2616 1606 2664 exponerentur,
1623 2634 1670 2643 --
1688 2615 1725 2650 et

183 2679 274 2715 quae
300 2669 376 2706 eius
402 2671 540 2716 generis
565 2671 603 2706 in
629 2672 816 2721 scripturis
841 2674 1027 2712 habentur.

233 2730 360 2778 Neque
394 2731 480 2768 item
514 2733 676 2780 quaestio
709 2737 765 2771 est
798 2735 837 2771 in
870 2735 986 2772 verbis
1010 2749 1137 2774 coenae
1161 2737 1204 2775 de
1230 2737 1363 2775 Christi
1387 2734 1530 2773 Domini
1568 2715 1725 2783 omnipo-

182 2792 309 2836 tentia,
346 2792 389 2829 de
432 2806 504 2841 qua
529 2797 565 2831 et
590 2807 655 2831 nos
680 2795 770 2832 nihil
794 2796 1011 2842 dubitamus,
1037 2799 1098 2835 sed
1123 2802 1177 2836 est
1202 2799 1363 2847 quaestio
1389 2797 1431 2834 de
1455 2798 1573 2833 mente
1597 2796 1725 2833 volun-

182 2854 259 2889 tate
284 2855 321 2889 et
345 2852 568 2892 ordinatione
594 2856 738 2897 Christi.
762 2857 866 2895 Hanc
891 2858 1003 2906 igitur
1027 2859 1128 2897 nobis
1152 2863 1235 2901 ante
1260 2859 1377 2898 omnia
1400 2858 1547 2895 indicari
1564 2858 1726 2905 cupimus

182 2909 219 2955 in
253 2926 293 2953 ea
327 2927 432 2963 quam
467 2915 535 2965 ipsi
570 2917 738 2956 adferunt
771 2920 959 2958 verborum
984 2933 1112 2959 coenae
1136 2921 1443 2971 interpretatione.
1491 2921 1581 2966 Aut,
1606 2920 1636 2958 si
1661 2932 1725 2958 nos
