1830 3147
1535 152 1607 189 113

118 264 153 301 1.
191 275 239 300 an
274 261 439 300 infantes
473 260 550 305 isti,
587 274 682 312 quos
718 260 870 305 offertis,
909 259 986 299 sint
1022 260 1133 299 etiam
1160 274 1287 300 semen
1314 264 1465 300 nostrae
1491 261 1602 300 huius

64 326 273 374 Ecclesiae,
301 331 341 364 ut
369 339 433 378 per
460 330 632 364 nostrum
659 325 910 365 ministerium
938 325 1001 364 hic
1028 326 1194 376 legitime
1221 326 1486 378 baptizentur?

118 392 381 443 Respondent:
419 391 558 430 Etiam.

118 459 154 496 2.
190 456 443 506 agnoscitisne
486 455 599 494 etiam
637 455 848 494 doctrinam
884 458 1064 502 nostram,
1104 469 1218 507 quam
1253 456 1297 494 de
1333 456 1529 508 Baptismo
1564 459 1602 495 et

66 520 146 559 eius
181 521 369 571 mysteriis
405 520 574 566 audistis,
611 533 736 558 veram
771 533 863 565 esse,
903 524 940 558 et
969 519 1071 572 quod
1107 520 1229 559 nostri
1264 521 1429 560 infantes
1468 525 1603 560 natura

67 586 219 637 quidem
256 599 335 630 sua,
370 589 412 624 ut
447 589 483 624 et
520 598 590 624 nos
628 599 769 632 omnes,
795 586 873 624 irae
900 597 944 623 ac
970 585 1104 623 mortis
1131 585 1199 623 filii
1221 586 1262 633 ¹),
1289 585 1362 624 iam
1390 590 1515 624 tamen
1544 586 1602 624 di-

68 649 157 688 vino
192 648 391 687 nobiscum
427 648 570 687 foederi
607 652 760 700 propter
788 648 979 687 Christum
1013 648 1165 695 inclusi,
1198 648 1374 687 instituto
1402 663 1423 687 a
1451 649 1602 688 Christo

68 717 105 752 et
137 713 211 765 ipsi
245 713 515 766 acceptationis
552 713 792 766 iustitiaeque
827 726 916 752 suae
952 713 1091 764 sigillo,
1117 712 1313 765 Baptismo
1341 714 1510 766 inquam,
1538 713 1603 753 de-

70 778 183 818 beant
210 780 364 818 omnino
393 779 617 830 obsignari?

121 845 385 897 Respondent:
425 845 564 884 Etiam.

120 914 154 949 3.
183 915 371 963 postremo
409 910 664 961 agnoscitisne
700 923 780 948 esse
814 909 855 948 id
891 909 1007 949 vestri
1042 913 1078 949 et
1113 909 1231 948 totius
1268 909 1381 948 simul
1416 909 1607 949 Ecclesiae

71 976 188 1015 debiti
215 981 325 1028 atque
353 977 474 1022 officii,
500 975 684 1027 imprimis
712 979 837 1013 autem
866 988 931 1013 vos
952 976 1080 1013 Patres
1099 997 1149 1004 —
1170 975 1205 1014 si
1224 977 1366 1013 Patres
1392 975 1471 1025 ipsi
1495 989 1608 1025 prae-

69 1046 192 1083 sentes
218 1042 347 1080 adsint
363 1063 413 1070 —
434 1055 510 1080 una
538 1053 622 1080 cum
651 1041 782 1080 vestris
801 1040 997 1087 uxoribus,
1011 1040 1216 1079 infantium
1233 1040 1394 1080 istorum
1412 1041 1611 1087 matribus,

69 1110 112 1145 ut
148 1106 268 1145 oblati
301 1107 466 1145 infantes
501 1106 578 1154 isti,
614 1106 682 1145 ubi
717 1106 929 1145 adolescere
957 1106 1159 1158 coeperint,
1195 1105 1236 1145 in
1264 1119 1350 1145 vera
1377 1106 1448 1145 Dei
1476 1105 1611 1145 notitia

71 1175 107 1210 et
133 1171 316 1222 religione
341 1172 622 1210 instituantur?

125 1237 386 1289 Respondent:
432 1236 599 1276 Etiam.''

124 1303 321 1341 Absolutis
358 1303 461 1341 hisce
487 1301 851 1352 interrogationibus
879 1304 914 1339 et
941 1300 1264 1352 responsionibus,
1293 1300 1538 1340 Ecclesiastes
1567 1300 1612 1340 de

72 1366 381 1407 infantium—32⁶
403 1370 534 1417 plures
562 1366 929 1405 sint—nominibus
955 1366 1115 1418 inquirit
1143 1380 1186 1404 ac
1205 1367 1351 1404 demum
1369 1367 1456 1405 illos
1480 1366 1611 1405 ordine

72 1447 139 1472 suo
176 1434 336 1485 proferri
372 1434 419 1472 ad
449 1432 818 1485 B'aptis-(l35)mum
846 1432 971 1479 iubet,
1008 1432 1250 1483 singulosque
1277 1432 1430 1470 illorum
1458 1431 1609 1470 nomine

74 1513 140 1538 suo
171 1500 410 1551 compellans,
438 1513 533 1550 aqua
560 1512 654 1550 pura
680 1498 721 1536 in
739 1498 864 1536 fronte
883 1498 996 1547 tingit
1016 1510 1140 1536 coram
1160 1501 1240 1536 tota
1263 1497 1444 1544 Ecclesia,
1461 1497 1612 1535 dicens:

130 1563 238 1617 uEgo
266 1571 302 1605 te
328 1565 477 1617 baptizo
508 1565 557 1603 N.
587 1564 626 1602 in
655 1577 792 1602 nomen
818 1563 889 1601 Dei
915 1563 1038 1601 Patris
1067 1567 1102 1601 et
1128 1563 1216 1600 Filii
1236 1567 1272 1601 et
1293 1563 1455 1614 Spiritus
1475 1562 1607 1601 sancti.

75 1632 177 1670 Deus
216 1632 326 1670 Pater
362 1631 517 1669 Domini
553 1629 674 1668 nostri
710 1629 797 1666 Iesu
835 1628 977 1666 Christi
1013 1628 1188 1678 obsignet
1223 1632 1260 1666 te
1299 1631 1335 1666 et
1372 1641 1441 1666 nos
1477 1627 1616 1679 pariter

75 1710 205 1735 omnes
240 1697 280 1735 in
309 1696 407 1735 dono
438 1702 588 1734 nostrae
617 1694 786 1732 omnium
812 1693 853 1731 in
883 1693 1034 1731 Christo
1062 1692 1358 1742 regenerationis
1385 1696 1421 1732 et
1449 1692 1616 1731 iustitiae

74 1776 139 1814 per
168 1762 348 1814 Spiritum
378 1765 549 1800 sanctum
577 1774 686 1798 suum
712 1760 760 1798 ad
790 1760 904 1797 vitam
934 1763 1134 1798 aeternam.
1163 1758 1326 1797 Amen.''

128 1828 262 1865 Postea
288 1827 424 1866 invitat
454 1825 697 1864 Ecclesiastes
726 1824 773 1863 ad
800 1824 1006 1874 gratiarum
1034 1824 1220 1862 actionem
1246 1827 1365 1862 totam
1396 1823 1619 1868 Ecclesiam,

77 1907 150 1945 qua
177 1893 217 1931 in
243 1906 366 1943 genua
393 1891 664 1944 procumbente
691 1894 863 1942 precatur
889 1890 929 1928 in
958 1890 1059 1928 hunc
1085 1889 1260 1928 modum:

131 2021 413 2061 Gratiarum
449 2021 580 2060 actio
618 2024 728 2073 post
764 2021 1071 2072 Baptismum
1107 2019 1524 2058 administratum.

134 2150 316 2200 ‘Agimus
344 2150 415 2188 tibi
441 2149 582 2199 gratias
610 2150 847 2201 omnipotens
876 2151 1004 2189 Pater!
1032 2163 1096 2201 per
1123 2150 1250 2188 Iesum
1279 2149 1469 2187 Christum
1498 2147 1616 2186 filium

80 2220 197 2262 tuum,
226 2214 327 2266 quod
356 2228 433 2253 nos.
453 2228 525 2252 una
556 2227 639 2252 cum
668 2218 797 2252 nostro
826 2215 966 2253 semine
994 2229 1015 2252 a
1042 2219 1162 2253 morte
1188 2218 1339 2253 aeterna
1365 2214 1544 2252 liberatos
1568 2213 1613 2252 ad

82 2281 196 2320 vitam
231 2293 360 2317 rursus
398 2283 586 2317 aeternam
625 2278 812 2329 Baptismi
847 2279 1065 2317 testimonio
1103 2279 1294 2316 reduxeris
1321 2291 1386 2330 per
1412 2279 1615 2328 gratuitam

81 2345 202 2384 nostri
229 2345 398 2382 omnium
424 2344 465 2382 in
494 2343 676 2393 sanguine
699 2344 786 2381 Filii
813 2344 869 2382 tui
895 2343 1082 2394 unigeniti
1100 2345 1278 2392 eyn-(136)
1296 2344 1514 2395 piationem.
1543 2345 1615 2383 Te-

81 2424 151 2462 que
180 2410 364 2462 supplices
391 2422 541 2447 oramus
569 2422 632 2460 per
660 2408 817 2447 eundem
844 2410 965 2461 ipsum
993 2413 1100 2447 tuum
1128 2408 1260 2454 filium,
1290 2412 1327 2446 ut
1355 2408 1425 2446 hos
1451 2408 1615 2447 infantes

82 2479 231 2513 nostros
258 2495 309 2503 -—
332 2475 366 2512 si
394 2474 473 2511 sint
498 2475 627 2523 plures
654 2495 703 2502 -
723 2474 786 2524 qui
813 2474 868 2512 tui
896 2473 1144 2526 proculdubio
1174 2477 1262 2511 sunt
1287 2472 1474 2525 Baptismi
1502 2474 1615 2512 huius

79 2541 310 2586 testimonio,
346 2539 488 2591 Spiritu
525 2539 636 2577 etiam
663 2543 794 2578 sancto
822 2544 887 2578 tuo
915 2540 1125 2590 gubernare
1153 2539 1327 2590 deinceps
1357 2539 1541 2592 donisque
1567 2540 1615 2578 il-

78 2606 152 2644 lius
190 2606 427 2652 salutaribus,
461 2605 527 2643 ubi
555 2605 798 2652 adoleverint,
832 2606 885 2644 ita
929 2619 1062 2644 ornare
1090 2605 1266 2655 digneriS‚
1303 2609 1346 2643 ut
1380 2609 1483 2644 tuam
1519 2606 1616 2645 hanc

82 2684 168 2721 erga
206 2684 244 2708 se
279 2675 315 2708 et
351 2683 419 2708 nos
448 2670 586 2721 pariter
614 2683 741 2708 omnes
771 2684 854 2709 vere
881 2675 1069 2709 aeternam
1099 2670 1368 2720 benignitatem
1396 2683 1440 2708 ac
1467 2670 1614 2709 miseri-

82 2735 246 2773 cordiam
275 2735 366 2772 olim
390 2734 505 2784 probe
532 2738 751 2784 agnoscant,
778 2735 893 2787 inque
921 2735 1025 2774 omni
1054 2735 1202 2775 demum
1227 2735 1430 2773 sanctitate
1443 2738 1480 2773 et
1503 2735 1615 2774 iusti-

79 2798 132 2837 tia
170 2799 297 2837 vivant
339 2799 407 2837 sub
445 2799 548 2848 Rege
583 2811 627 2837 ac
662 2799 844 2838 Pontifice
872 2804 1003 2838 nostro
1033 2799 1203 2838 omnium
1233 2799 1384 2838 Christo
1412 2799 1511 2847 Iesu,
1548 2799 1613 2851 qui

128 2926 153 2965 ¹)
176 2925 278 2968 Ephe.
301 2925 331 2959 2.

133 2978 191 3019 11.
1443 2983 1464 3020 8
