1830 3147
222 89 295 128 272

270 197 472 236 Habentur
508 197 620 235 etiam
657 210 784 249 preces
807 198 994 249 ,publicae
1028 198 1068 237 in
1104 199 1242 250 templo
1270 212 1335 251 per
1362 199 1570 238 Ecclesiam
1597 213 1666 252 pro
1693 214 1755 239 ae-

218 262 337 312 grotis
371 262 448 300 illis
483 262 665 300 fratribus
697 262 935 309 nominatim,
972 263 1002 300 si
1038 263 1117 300 ullo
1145 263 1258 301 modo
1288 264 1333 302 de
1360 264 1436 303 vita
1464 264 1668 316 periclitari
1695 266 1754 304 vi-

219 326 391 372 deantur,
426 326 724 378 admoneturque
760 327 929 365 Ecclesia
967 327 1012 365 de
1048 327 1123 365 illis
1157 327 1333 375 visendis,
1361 333 1403 366 ut
1429 329 1482 367 eis
1509 329 1652 380 aliquot
1679 330 1754 368 fra.-

216 395 293 430 tres
321 390 482 430 subinde
509 391 640 430 adesse
666 391 826 443 possint.
874 392 922 429 Et
950 391 1050 443 apud
1077 397 1252 441 aegrotos
1281 393 1396 444 ipsos,
1430 392 1497 431 ubi
1524 393 1657 431 fratres
1684 393 1754 431 ali-

218 460 311 507 quot
345 456 496 502 adsunt,
534 456 719 495 habentur
755 457 867 505 etiam
903 469 1044 508 preces,
1080 456 1243 509 ipsomet
1269 463 1423 509 aegroto
1450 458 1685 497 auscultante
1711 471 1755 497 ac

218 520 331 558 simul
357 521 470 559 etiam
497 526 683 573 precante.

269 586 419 625 Quodsi
462 600 570 637 aeger
615 588 743 639 inopia
785 587 860 625 ulla
896 586 1091 639 premitur,
1126 591 1205 626 tum
1242 588 1421 627 Diaconis
1457 588 1682 638 iniungitur,
1713 592 1756 626 ut

216 652 295 690 eius
332 652 482 704 inopiae
512 657 747 698 succurrant,
775 656 1052 704 monenturque
1079 657 1120 690 ut
1150 666 1275 691 curam
1305 653 1408 691 illius
1435 654 1657 705 peculiarem
1687 653 1755 691 ha·-

217 717 344 765 beant,
384 717 618 769 efficiantque
654 731 701 756 ne
738 719 1037 768 un·(632)quam
1076 716 1124 755 sit
1161 718 1275 765 solus,
1313 718 1376 756 sed
1416 718 1562 762 habeat,
1599 717 1663 769 qui
1697 717 1754 755 illi

216 782 355 822 adsint.

268 847 420 886 Quodsi
447 846 529 898 quis
558 860 578 885 a
605 846 740 885 morbo
768 859 835 885 suo
864 847 1074 894 revalescit,
1102 846 1141 884 id
1169 860 1321 899 quoque
1348 847 1536 885 ministris
1553 846 1756 893 indicatur,

215 912 450 964 habeturque
485 913 637 965 publica
672 912 712 951 in
751 917 858 951 coetu
886 912 1077 951 Ecclesiae
1106 926 1172 964 pro
1201 912 1345 963 aegroti
1373 912 1640 951 revalescentia
1665 925 1752 962 gra-

215 979 352 1017 tiarum
381 977 493 1023 actio,
521 977 699 1016 adiuncta
727 978 1022 1030 precatiuncula,
1050 992 1108 1022 ne,
1135 979 1200 1029 qui
1228 978 1399 1024 revaluit,
1426 978 1527 1017 dono
1556 977 1628 1016 hoc
1646 991 1753 1016 reva-

214 1043 416 1082 lescentiae
452 1043 580 1095 aliquo
618 1043 730 1081 modo
769 1043 956 1089 abutatur,
985 1043 1137 1095 ipseque
1164 1056 1274 1093 aeger
1300 1047 1486 1088 monetur,
1513 1046 1554 1081 ut
1581 1046 1667 1094 post
1693 1056 1752 1081 re-

216 1109 369 1147 stitutas
406 1122 425 1147 a
461 1109 595 1147 morbo
631 1109 729 1147 vires
764 1108 812 1147 ad
849 1112 996 1146 coetum
1029 1108 1222 1146 Ecclesiae
1247 1109 1404 1160 ipsemet
1431 1108 1557 1147 veniat
1584 1112 1619 1146 et
1646 1121 1751 1146 suam

215 1186 304 1223 erga
337 1172 458 1211 Deum
496 1186 563 1225 pro
601 1172 774 1211 restituta
811 1172 1027 1211 valetudine
1061 1173 1330 1222 gratitudinem
1367 1173 1517 1225 publice
1543 1176 1751 1212 attestetur.

216 1239 351 1289 Neque
385 1237 484 1276 enim
521 1238 711 1289 impunem
749 1251 830 1276 esse
867 1237 967 1289 apud
1004 1236 1126 1275 Deum
1154 1250 1301 1276 omnem
1328 1237 1641 1288 ingratitudinem
1671 1250 1751 1276 om-

215 1302 322 1341 nino.
422 1307 424 1310 '

269 1366 327 1405 Ad
365 1365 524 1404 eundem
567 1379 654 1404 vero
681 1366 836 1404 modum
865 1370 902 1405 et
929 1380 1132 1418 puerperae
1159 1371 1243 1419 post
1271 1367 1476 1419 completos
1505 1367 1583 1405 dies
1610 1380 1751 1418 purga-

215 1430 331 1469 tionis
366 1431 531 1482 ipsarum
568 1430 744 1468 iubentur
780 1430 909 1469 adesse
944 1430 983 1468 in
1022 1435 1130 1469 coetu
1158 1431 1361 1474 Ecclesiae.
1390 1431 1470 1469 sine
1496 1432 1571 1469 ulla
1600 1431 1749 1469 interim

215 1499 279 1533 aut
324 1495 502 1534 Iudaicae
538 1500 602 1534 aut
638 1496 849 1547 Papisticae
884 1496 1159 1547 purificationis
1197 1497 1475 1548 superstitione,
1509 1497 1638 1548 ibique
1674 1496 1751 1547 agit

217 1559 394 1599 Minister
428 1560 579 1612 publice
614 1561 756 1610 gratias
798 1560 877 1598 Deo
907 1573 992 1598 cum
1019 1564 1098 1598 tota
1127 1561 1296 1599 Ecclesia
1323 1574 1393 1613 pro
1420 1575 1622 1613 puerperae
1647 1561 1751 1599 illius

214 1628 324 1676 partu
360 1637 403 1662 ac
439 1625 664 1663 valetudinis
700 1625 949 1672 restitutione,
986 1630 1021 1664 et
1057 1630 1243 1677 precatur,
1281 1630 1321 1664 ut
1357 1640 1538 1678 puerpera
1567 1627 1748 1665 beneficio

215 1689 287 1726 Dei
320 1689 386 1726 illo
423 1694 552 1727 utatur
585 1689 634 1727 ad
669 1689 828 1742 gloriam
867 1689 985 1727 divini
1014 1689 1072 1727 sui
1113 1690 1277 1728 nominis
1306 1694 1342 1729 et
1370 1705 1475 1729 suam
1503 1691 1622 1742 ipsius
1650 1692 1750 1730 salu·

214 1757 305 1799 tem,
340 1754 484 1792 foetum
520 1758 644 1792 autem
683 1754 755 1792 sibi
791 1768 811 1792 a
840 1754 1006 1792 Domino
1036 1754 1165 1793 datum
1195 1755 1393 1805 diligenter
1421 1760 1536 1801 curet,
1563 1760 1602 1793 ut
1628 1755 1749 1794 filium

217 1818 300 1863 Dei,
335 1831 379 1856 eo
407 1819 507 1870 quod
535 1819 655 1866 illum,
680 1821 791 1868 (633)
820 1832 896 1858 non
923 1823 1071 1858 tantum
1102 1820 1174 1858 sibi
1202 1820 1287 1872 ipsi,
1315 1820 1378 1858 sed
1407 1820 1486 1859 Deo
1513 1820 1749 1871 potissimum

216 1886 253 1921 et
282 1883 361 1922 eius
391 1883 582 1922 Ecclesiae
609 1884 826 1936 peperisset.

634 2024 686 2050 DE
723 2024 822 2051 Rl'rU
860 2024 1099 2052 SEPELIENDI
1136 2024 1336 2054 MORTUOS.

269 2207 317 2246 In
353 2212 589 2246 mortuorum
626 2208 817 2259 sepultura
856 2221 933 2247 non
962 2209 1186 2248 adhibemus
1214 2210 1352 2248 fastum
1380 2209 1500 2248 ullum
1527 2209 1751 2248 theatricum

219 2273 386 2310 ullumve
413 2277 476 2311 aut
505 2273 710 2311 Ethnicum
740 2278 803 2311 aut
830 2274 1060 2325 Papisticum
1089 2279 1320 2326 apparatum,
1349 2275 1412 2313 sed
1441 2288 1624 2313 summam
1642 2289 1752 2327 quam

216 2351 416 2388 possumus
454 2338 733 2390 simplicitatem
772 2352 854 2378 cum
892 2339 1043 2391 publica
1081 2340 1232 2378 interim
1269 2340 1412 2379 funeris
1440 2340 1635 2379 honestate
1661 2341 1752 2379 reti-

220 2414 352 2439 nemus
378 2402 423 2440 ad
453 2402 644 2441 Ecclesiae
670 2403 984 2444 aedificationem.

273 2467 329 2504 Ac
366 2467 524 2518 primum
563 2468 610 2506 ad
647 2468 757 2507 aedes
785 2469 914 2507 fratris
943 2470 1128 2508 demortui
1157 2471 1386 2509 conveniunt
1412 2471 1547 2509 fratres
1574 2470 1691 2522 aliqui
1717 2475 1754 2510 et

221 2543 317 2568 unus
345 2536 410 2569 aut
436 2532 530 2570 alter
557 2546 576 2571 e
604 2533 815 2572 senioribus
845 2534 1047 2580 Ecclesiae,
1073 2535 1139 2586 qui
1167 2536 1280 2573 funus
1307 2536 1353 2574 ad
1373 2536 1553 2586 templum
1573 2535 1754 2582 deferant,

220 2605 369 2643 unaque
406 2598 442 2630 et
469 2598 662 2632 matronae
690 2596 909 2642 nonnullae,
936 2609 1030 2647 quae
1059 2597 1204 2641 viduae,
1232 2598 1347 2635 funus
1375 2596 1585 2644 deducenti,
1614 2597 1752 2643 adsint,

221 2660 332 2707 atque
368 2657 437 2694 sub
475 2661 621 2709 tempus
657 2660 832 2711 publicae
861 2660 1054 2698 concionis
1083 2661 1198 2699 funus
1224 2660 1266 2699 in
1293 2661 1443 2699 silentio
1471 2665 1507 2698 et
1537 2673 1621 2698 cum
1648 2662 1752 2700 omni

221 2720 405 2758 modestia
432 2733 476 2758 ac
501 2722 685 2770 gravitate
712 2723 759 2761 ad
786 2724 964 2775 templum
993 2725 1179 2771 adferunt,
1206 2714 1361 2764 allatuin
1389 2724 1434 2763 ad
1465 2726 1608 2764 foveam
1629 2727 1754 2778 sepul·

221 2789 327 2824 turae
361 2785 584 2824 destinatam
623 2789 823 2836 collocant,
863 2789 1101 2840 repositoque
1137 2791 1184 2828 ad
1219 2791 1364 2828 foveam
1404 2791 1545 2839 funere,
1584 2791 1753 2831 Ecclesia

222 2854 301 2891 tota
330 2863 408 2889 sese
435 2850 482 2890 ad
510 2851 729 2892 concionem
757 2853 982 2892 audiendam
1012 2856 1217 2906 componit.
