1830 3147
40 337 138 368 Hebr.
164 337 220 367 XI.

38 379 131 410 Rom.
154 380 184 409 4.

40 421 176 452 Roman.
201 420 230 451 3.

40 463 130 494 Ioau.
156 463 203 499 15,
230 462 278 495 17.

42 505 136 536 Rom.
162 505 211 536 10.

50 1407 152 1439 Math.
177 1407 227 1438 24.

48 1451 66 1480 2
90 1449 177 1480 Tess.
201 1449 231 1479 2.

49 1492 68 1523 2
91 1491 173 1522 Tim.
196 1491 226 1521 2.

324 140 395 176 408
799 145 971 172 onnon.
1003 145 1111 172 cch.
1141 144 1258 172 noun.

976 247 1089 297 Resp.

376 313 489 351 Fides
517 317 616 350 certa
643 312 868 350 inconcussa
898 315 1010 362 atque
1037 324 1112 348 non
1141 311 1259 348 fallax
1301 315 1357 348 est
1386 309 1535 347 divinae
1557 322 1646 358 erga
1665 323 1734 348 nos

330 377 611 415 benevolentiae
638 381 750 427 atque
776 375 919 425 gratiae
956 375 1136 425 cognitio,
1164 388 1270 425 quae,
1300 373 1525 412 certitudine
1552 373 1734 425 propitia-

326 456 409 480 rum
445 442 485 479 in
524 441 674 479 Christo
712 440 1008 492 promissionum
1043 439 1213 484 fundata,
1248 452 1314 490 per
1342 439 1522 475 Sanctum
1552 438 1734 489 Spiritum

328 507 367 546 in
396 506 574 545 cordibus
601 510 638 544 et
666 505 856 543 mentibus
884 505 1025 542 nostris
1054 505 1182 555 patefit
1210 508 1245 541 et
1274 504 1510 553 obsignatur.
1539 505 1642 551 (43³)

901 631 1037 669 Interr.
1067 633 1154 670 119.

381 698 484 737 Quid
521 698 638 747 igitur
675 697 720 734 de
761 696 866 733 omni
903 696 973 733 hac
1010 695 1079 733 Dei
1122 695 1380 732 benevolentia
1419 699 1455 732 et
1483 693 1738 732 misericordia

331 763 524 801 credemus
552 766 588 800 et
613 761 687 800 fide
714 760 1044 812 exspectabimus?

976 824 1088 875 Resp.

381 891 575 942 Quicquid
601 891 780 941 loquatur
809 889 1007 940 scriptura,
1034 887 1105 925 etsi
1132 887 1353 938 praecipuae
1380 886 1468 924 fidei
1486 890 1636 924 nostrae
1652 898 1737 937 par-

330 960 397 999 tes,
424 955 584 992 fideliter
611 967 630 991 e
659 953 842 1004 scriptura
871 956 1079 1003 excerptae,
1108 951 1210 988 brevi
1240 945 1606 1001 comprehenduntur
1636 962 1738 986 com-

332 1019 481 1070 pendio,
511 1031 642 1068 nempe
669 1017 709 1054 in
736 1016 906 1054 articulis
944 1016 1180 1053 Christianae
1208 1015 1294 1052 fidei
1322 1014 1399 1052 sive
1427 1014 1607 1065 Symbolo
1637 1015 1739 1065 Apo-

333 1083 479 1129 stolico‚
507 1086 547 1120 ut
576 1082 717 1126 dicunt,
744 1081 769 1119 i.
799 1094 831 1118 e.
861 1081 1070 1117 communis
1098 1093 1141 1117 ac
1170 1079 1328 1130 simplex
1357 1079 1525 1116 omnium
1556 1077 1739 1116 Christia-

333 1162 466 1187 norum
506 1147 691 1186 confessio
730 1151 765 1184 et
803 1150 900 1184 certa
928 1146 1057 1195 regula
1085 1145 1266 1196 pristinae
1295 1158 1401 1183 verae
1426 1144 1662 1182 indubitatae
1682 1148 1739 1181 at-

334 1227 406 1264 que
433 1218 602 1263 receptae
630 1211 867 1249 Christianae
893 1210 993 1248 fidei.

908 1339 1044 1376 Interr.
1073 1338 1157 1376 120.

386 1404 456 1442 Sed
500 1408 538 1442 ut
581 1404 621 1440 in
657 1403 799 1440 ultimis
837 1403 938 1440 hisce
974 1401 1195 1453 periculosis
1233 1400 1465 1451 temporibus
1504 1399 1567 1448 (de
1604 1398 1741 1450 quibus

336 1470 439 1517 (43¹³)
469 1467 642 1506 Christus
670 1467 744 1504 iam
772 1471 808 1504 et
838 1466 1013 1518 Apostoli
1041 1466 1158 1516 ipsius
1188 1464 1382 1502 vaticinati
1412 1469 1499 1501 sunt
1526 1468 1562 1501 et
1589 1463 1629 1500 in
1657 1462 1741 1513 qui-

334 1534 403 1571 bus
431 1537 488 1571 tot
517 1537 665 1583 tamque
685 1531 777 1569 varii
798 1544 942 1568 errores
962 1530 1131 1580 quotidie
1152 1533 1261 1580 caput
1280 1529 1484 1575 extollunt)
1506 1527 1596 1565 certi
1615 1527 1742 1565 simus.

334 1598 423 1649 quid
462 1609 670 1647 sequamur,
705 1595 821 1632 recita
857 1594 968 1632 nobis
1005 1605 1144 1645 quaeso
1182 1592 1362 1630 articulos
1395 1592 1481 1629 illos
1520 1591 1620 1636 fidei,
1647 1603 1742 1641 quos

337 1662 556 1713 Symbolum
587 1661 751 1698 vocant?
807 1672 811 1675 ’

978 1788 1091 1838 Resp.

389 1856 510 1895 Credo
546 1856 585 1893 in
622 1855 741 1893 Deum
779 1854 940 1898 Patrem,
968 1852 1235 1902 omnipentem,
1266 1851 1482 1888 Creatorem
1511 1850 1605 1887 coeli
1634 1853 1745 1900 atque

336 1927 468 1965 terrae,

391 1989 426 2022 et
470 1984 508 2021 in
556 1984 683 2021 Iesum
730 1981 922 2019 Christum
961 1981 1112 2018 unicum
1147 1980 1225 2017 cius
1266 1978 1397 2025 filium,
1433 1978 1638 2015 Dominum
1675 1990 1744 2015 no-

340 2055 468 2094 strum,
496 2049 560 2100 qui
589 2051 788 2097 conceptus
817 2051 872 2083 est
900 2059 920 2082 a
950 2044 1093 2095 Spiritu
1121 2045 1273 2088 Sancto,
1301 2047 1410 2080 natus
1440 2056 1457 2080 e
1486 2042 1631 2092 virgine
1661 2041 1744 2079 Ma·

339 2115 405 2160 ria,
440 2126 573 2164 passus
612 2112 679 2149 sub
717 2110 855 2148 Pontio
893 2110 1028 2152 Pilato,
1058 2108 1275 2153 crucifixus,
1301 2111 1472 2145 mortuus
1501 2112 1538 2144 ct
1567 2107 1745 2157 sepultus,

340 2177 533 2216 descendit
577 2176 622 2213 ad
668 2176 822 2220 inferos,
857 2176 959 2222 (44³)
1005 2173 1117 2211 tertio
1166 2172 1224 2209 die
1270 2171 1471 2209 resurrexit
1517 2184 1536 2207 a
1574 2170 1745 2214 mortuis,

340 2242 509 2281 ascendit
551 2242 591 2278 in
635 2240 792 2282 coelum,
838 2238 1014 2288 sedetque
1052 2250 1153 2274 nuuc
1190 2236 1234 2272 ad
1274 2237 1464 2273 dexteram
1506 2235 1583 2281 Dei,
1622 2235 1744 2272 Patris

341 2306 624 2357 omnipotentis,
653 2304 750 2341 unde
772 2308 949 2340 venturus
969 2306 1025 2339 est
1044 2302 1089 2338 ad
1110 2299 1352 2338 iudicandum
1377 2300 1480 2336 vivos
1500 2312 1542 2336 ac
1565 2302 1744 2336 mortuos.

393 2372 512 2410 Credo
541 2372 580 2408 in
610 2369 792 2420 Spiritum
823 2369 1016 2412 Sanctum,

394 2435 513 2473 Credo
551 2437 719 2472 sanctam
756 2431 1010 2469 Christianam
1046 2429 1267 2476 Ecclesiam,
1303 2441 1397 2479 quae
1434 2431 1490 2465 est
1528 2426 1742 2464 communio

343 2504 572 2543 sanctorum,

392 2563 650 2602 remissionem
676 2563 925 2611 peccatorum,

394 2627 703 2666 resurrectionem
733 2624 868 2669 carnis,

395 2698 431 2731 et
459 2692 573 2730 vitam
604 2694 806 2734 aeternam,
856 2690 995 2725 Amen.
