1830 3147
164 108 210 143 60

164 217 326 255 charitas
362 229 429 268 pro
468 215 646 266 cuiusque
685 214 883 252 vocatione
919 226 997 252 sese
1032 226 1180 253 exerere
1216 213 1336 259 debet,
1373 213 1414 251 in
1449 225 1520 264 qua
1548 212 1702 264 alioqui,

161 282 328 320 omnium
356 280 567 332 typicorum
597 279 876 317 Sacrificiorum
904 292 948 317 ac
976 279 1143 317 cultuum
1170 279 1267 325 loco,
1294 291 1409 316 unam
1437 277 1549 316 nobis
1577 277 1700 316 chari-

160 350 274 385 tatem
301 345 486 397 imprimis
514 358 643 383 omnes
670 344 886 396 imperatam
918 344 1110 391 habemus,
1140 358 1235 395 quae
1254 343 1427 395 equidem
1448 357 1523 381 non
1544 343 1698 395 permit-

162 411 221 455 tit,
256 414 298 448 ut
325 410 460 448 fratres
482 414 640 447 ,nostros
666 431 717 438 —
743 423 811 461 pro
840 409 976 461 quibus
1006 409 1179 447 Christus
1207 409 1392 447 Dominus
1421 421 1536 460 aeque
1563 422 1606 446 ac
1631 422 1699 460 pro

161 474 272 512 nobis
300 473 521 522 sanguinem
541 487 647 512 suum
668 473 766 512 fudit
785 496 834 503 —
853 487 961 524 egere
975 487 1125 525 quoquo
1153 473 1263 511 modo
1284 474 1481 525 patiamur.
1512 473 1565 512 Ut
1584 473 1699 523 igitur

160 539 288 589 egenis
315 539 356 576 in
382 538 552 577 Ecclesia
580 538 761 577 fratribus
789 538 956 576 succurri
985 538 1217 576 commodius
1244 542 1380 590 posset,
1409 538 1601 576 ordinatos
1631 538 1698 575 ha·

161 604 290 642 bemus
326 604 374 642 ab
411 603 626 655 Apostolis,
663 609 792 642 autore
829 604 973 655 Spiritu
1011 604 1172 648 Sancto,
1210 603 1412 647 Diaconos,
1448 603 1528 641 sine
1563 603 1701 654 quibus

159 684 367 723 pauperum
402 683 490 708 cura
525 670 564 707 in
602 669 771 707 Ecclesia
810 669 1004 707 commode
1033 669 1162 706 haberi
1189 682 1267 706 non
1293 673 1427 721 potest.
1484 669 1585 707 Quia
1614 682 1699 706 vero

160 735 416 774 membrorum
444 734 584 772 Christi
614 747 702 772 cura
728 734 768 771 in
798 734 1029 773 Diaconatus
1057 733 1267 771 ministerio
1298 734 1510 785 suscipitur,
1548 738 1584 772 et
1615 733 1700 784 qui-

161 800 246 838 dem
289 799 527 851 potissimum
569 812 719 845 eorum,
760 798 800 836 in
848 799 984 849 quibus
1031 811 1068 836 se
1104 798 1261 849 ipsemet
1297 799 1468 836 Christus
1515 798 1700 836 Dominus

159 866 263 918 pasci
298 865 428 903 vestiri
464 878 506 903 ac
543 864 729 902 sublevari
764 868 934 910 testatur,
973 863 1068 901 serio
1106 863 1272 909 docetur,
1314 864 1593 913 advigilan'dum
1622 877 1702 903 esse

161 930 291 980 Ec-(D
321 932 381 979 3¹1)
411 930 609 971 clesiae-in
639 929 784 967 delectu
812 929 1081 974 Diaconorum,
1109 933 1148 967 ut
1174 929 1269 967 tales
1300 930 1525 979 deligantur,
1551 931 1588 968 in
1616 931 1700 982 qui·

161 997 230 1035 bus
257 996 350 1034 fides
377 999 413 1033 et
442 995 638 1045 diligentia
667 995 822 1032 curandi
851 995 1006 1032 menbra
1036 995 1176 1033 Christi
1205 995 1408 1033 desiderari
1436 1009 1511 1034 non
1540 997 1672 1047 possit.

212 1060 358 1099 Deinde
385 1060 594 1111 exponitur,
623 1058 879 1096 Diaconorum
908 1058 1068 1096 officium
1097 1059 1136 1096 in
1167 1058 1313 1097 duobus
1341 1059 1578 1110 potissimum
1608 1074 1698 1098 cou-

162 1126 311 1172 sistere,
349 1138 481 1176 nempe
517 1124 555 1161 in
594 1123 721 1161 sedula
750 1136 792 1160 ac
822 1123 994 1172 diligenti
1024 1123 1244 1161 collectione
1271 1127 1382 1175 atque
1411 1124 1499 1162 item
1527 1125 1566 1162 in
1595 1124 1698 1163 fideli

159 1204 204 1228 ac
230 1189 406 1241 prudenti
433 1188 770 1238 Eleemosynarum
800 1187 1092 1238 dispensatione.
1122 1188 1168 1225 In
1199 1187 1421 1237 colligendis
1449 1201 1561 1239 porro
1589 1189 1697 1226 Elee-

160 1256 328 1306 mosynis
360 1268 440 1293 eam
474 1267 554 1292 esse
589 1253 850 1305 praestandam
889 1252 1068 1290 Diaconis
1106 1253 1340 1291 sedulitatem
1377 1258 1413 1291 et
1449 1253 1698 1304 diligentiam,

161 1334 273 1373 quam
310 1334 349 1358 se
384 1332 461 1357 non
497 1324 572 1356 tam
611 1318 842 1363 hominibus,
879 1331 1039 1369 quorum
1071 1330 1197 1355 curam
1226 1318 1378 1364 habent,
1405 1332 1518 1370 quam
1547 1319 1698 1357 Christo

159 1385 232 1437 ipsi
269 1385 432 1423 Domino
469 1383 509 1421 in
545 1383 693 1421 afflictis
730 1382 908 1420 membris
944 1383 1061 1434 ipsius
1099 1382 1232 1427 debere
1260 1388 1482 1432 agnoscunt.
1538 1384 1699 1423 Quoties

161 1454 283 1489 autem
312 1449 459 1492 incidit,
486 1453 527 1486 ut
554 1448 728 1498 graviora
756 1447 831 1485 sint
859 1461 1062 1499 pauperum
1092 1461 1218 1494 onera,
1246 1461 1357 1499 quam
1379 1452 1416 1486 ut
1433 1448 1508 1486 illis
1528 1463 1574 1487 ex
1595 1462 1697 1487 com·

161 1515 339 1553 munibus
375 1513 621 1563 eleemosynis
659 1513 832 1551 satisfieri
868 1513 999 1564 possit,
1037 1513 1292 1551 Diaconorum
1332 1513 1491 1551 officium
1530 1528 1621 1559 esse,
1657 1519 1697 1553 ut

162 1581 279 1625 huius
313 1580 353 1617 in
389 1584 554 1630 tempore
595 1578 791 1616 Ministros
829 1579 933 1616 verbi
969 1583 1005 1616 et
1033 1579 1205 1617 Seniores
1234 1569 1425 1617 Ecclesiae
1453 1579 1699 1627 admoneant,

161 1651 201 1685 ut
228 1659 292 1698 per
319 1658 383 1683 eos
410 1643 578 1681 Ecclesia
607 1643 653 1680 ad
684 1643 873 1681 uberiores
901 1643 1155 1693 eleemosynas
1186 1645 1448 1682 commonefiat
1468 1649 1531 1683 aut
1549 1645 1699 1696 publice

161 1716 225 1751 aut
259 1711 456 1762 privatim,
492 1722 560 1761 pro
597 1722 639 1747 eo
669 1722 712 1746 ac
738 1722 796 1746 res
825 1709 864 1746 id
889 1709 1014 1758 magis*
1038 1710 1228 1760 postulare
1256 1710 1415 1749 videtur.
1469 1711 1517 1748 In
1547 1711 1697 1762 dispen-

163 1777 308 1815 satione
335 1788 422 1813 vcro
451 1775 769 1824 eleemosynarum
801 1787 880 1811 eam
908 1774 1019 1811 fidem
1046 1787 1089 1811 ac
1115 1774 1354 1825 prudentiam
1383 1774 1561 1813 Diaconis
1588 1790 1696 1827 prae-

163 1840 334 1879 standam
368 1853 468 1885 esse,
503 1843 546 1876 ut
590 1838 730 1890 (quoad
773 1838 851 1876 cius
889 1839 969 1876 fieri
1003 1841 1143 1890 potest)
1180 1839 1364 1876 neminem
1388 1853 1514 1889 ,egere
1549 1841 1697 1891 patian-

162 1911 235 1953 tur,
272 1905 335 1944 sed
372 1917 571 1954 egenorum
611 1904 780 1941 omnium
808 1916 884 1941 non
915 1903 1110 1946 minorem,
1139 1917 1250 1954 quam
1278 1903 1335 1941 sui
1361 1904 1541 1955 ipsorum,
1570 1918 1696 1944 curam

161 1969 333 2017 habe-(l)
370 1970 511 2016 4³)ant.
568 1969 761 2005 Summam
797 1972 919 2005 tamen
958 1980 1088 2004 eorum
1122 1967 1307 2004 rationem
1345 1981 1488 2018 semper
1523 1968 1699 2015 habeant,

163 2048 257 2086 quos
292 2034 518 2072 domesticos
554 2033 642 2070 fidei
675 2037 711 2070 et
747 2032 914 2071 membra
950 2032 1141 2070 Ecclesiae
1174 2046 1253 2070 esse
1280 2037 1434 2072 norunt.
1490 2034 1695 2081 Praeterea,

162 2104 203 2138 ut
242 2100 339 2137 circa
376 2099 695 2146 eleemosynarum
730 2097 1044 2148 dispensationem
1082 2110 1284 2146 egenorum
1321 2110 1469 2148 quoque
1505 2098 1615 2136 fidem
1653 2113 1696 2137 ac

162 2164 337 2215 pietatem
374 2163 534 2200 subinde
571 2162 766 2212 explorent
792 2166 827 2199 et
856 2175 918 2199 eos
947 2161 1063 2199 debiti
1090 2162 1257 2213 ipsorum
1285 2175 1370 2210 erga
1401 2163 1522 2200 Deum
1549 2177 1593 2200 ac
1621 2164 1693 2201 Ec·

162 2229 310 2267 clesiam
341 2228 539 2277 diligenter
568 2227 805 2272 admoneant,
835 2226 957 2264 sicubi
985 2226 1126 2277 aliquid
1156 2227 1253 2264 forte
1280 2227 1502 2265 desiderent.

214 2294 341 2332 Tertio
378 2292 589 2343 exponitur,
625 2292 843 2343 qualesnam
879 2292 1117 2343 potissimum
1153 2292 1191 2329 in
1231 2292 1420 2330 Diaconos
1450 2293 1525 2331 sint
1552 2293 1694 2342 eligen-

162 2359 221 2400 di,
263 2370 394 2408 nempe
429 2357 469 2394 in
506 2357 644 2407 quibus
682 2356 773 2394 haec
808 2357 988 2401 relucent,
1033 2370 1128 2407 quae
1171 2357 1267 2394 circa
1305 2356 1560 2395 Diaconorum
1597 2358 1693 2396 elec-

160 2423 301 2460 tionem
330 2423 376 2458 ab
399 2421 592 2472 Apostolis
621 2422 864 2469 obse1·vata¹)
891 2426 926 2459 et
954 2435 974 2458 a
1002 2421 1119 2458 Paulo
1147 2421 1238 2459 item
1267 2421 1310 2459 (le
1339 2421 1517 2459 Diaconis
1544 2423 1692 2473 prodita

163 2487 414 2536 habe1nus:2)
452 2490 486 2525 1.
516 2491 557 2524 ut
585 2487 659 2524 sint
687 2491 1003 2537 μαρτυρούμενοι,
1042 2487 1113 2524 hoc
1148 2491 1224 2532 est,
1259 2486 1312 2524 ita
1349 2490 1535 2537 spectatae
1562 2488 1691 2538 probi·

158 2554 248 2593 tatis
283 2553 371 2590 fidei
403 2557 438 2590 et
474 2552 712 2601 integritatis,
751 2556 790 2590 ut
827 2551 895 2590 hae
932 2550 1037 2590 dotes
1064 2553 1102 2590 in
1130 2552 1206 2590 illis
1235 2552 1408 2590 omnibus
1438 2552 1513 2590 sint
1542 2554 1691 2605 conspi-

160 2632 249 2657 cuae
276 2617 519 2667 omniumque
545 2617 690 2667 piorum
718 2615 944 2654 testimoniis
972 2616 1238 2667 approbentur.
1287 2616 1374 2667 Quo
1403 2616 1551 2666 quidem
1579 2617 1690 2655 etiam

158 2683 358 2736 pertinent,
394 2694 489 2732 quae
524 2694 543 2718 a
572 2681 688 2718 Paulo
718 2680 763 2718 de
790 2680 970 2718 Diaconis
996 2681 1218 2719 traduntur:
1246 2693 1389 2731 nempe,
1415 2684 1458 2718 ut
1486 2682 1561 2720 sint
1588 2683 1691 2720 omni

159 2749 294 2787 decoro
331 2745 501 2798 praediti,
536 2758 612 2782 nou
639 2744 735 2782 lucri
765 2744 902 2795 cupidi,
929 2758 1005 2782 non
1034 2744 1233 2794 bilingues,
1259 2758 1335 2783 non
1363 2745 1481 2783 multo
1510 2746 1596 2785 vino
1626 2751 1688 2787 aut

202 2888 227 2927 ¹)
251 2887 319 2918 Act.
344 2886 372 2918 a.
564 2885 590 2924 ²)
616 2884 632 2915 1
656 2883 738 2916 Tim.
762 2883 792 2916 3.

1814 1635 1830 1686 ..Lm
1827 1577 1830 1621 ΜΝ,
1824 1526 1830 1563 ῃ,-
1827 1470 1830 1483 „s
1823 1433 1824 1436 „
