1830 3147
1556 83 1603 117 33

57 205 135 230 non
170 195 295 229 autem
333 190 395 228 hic
429 190 659 229 invisibilem
696 204 788 235 esse,
825 192 846 228 1
884 191 969 229 Cor.
1012 193 1071 238 11,
1107 190 1204 230 Phil.
1234 193 1269 236 3,
1305 190 1438 230 Thess.
1475 193 1511 237 3,
1547 193 1603 235 ut,

57 256 375 308 quemadmodum
412 269 568 307 corpore
595 270 664 294 suo
692 256 873 306 glorioso,
901 255 1044 293 visibili
1070 256 1224 295 interim
1251 269 1294 294 ac
1321 255 1514 307 palpabili,
1541 268 1602 293 as-

59 325 231 373 sumptus
260 324 327 365 031,
355 322 440 359 Act.
472 323 507 366 1,
533 322 585 359 ita
613 321 744 359 eodem
769 321 852 372 ipso
872 320 985 358 etiam
1005 321 1172 370 glorioso
1194 335 1259 359 suo
1281 334 1449 372 corpore,
1465 319 1605 358 Matth.

58 388 119 431 16,
149 389 210 431 2-1,
239 385 439 424 descendat
468 385 512 424 de
541 386 658 429 coelo,
686 388 706 424 1
736 385 868 424 Thess.
897 389 934 432 4,
962 385 1098 430 veniat,
1125 386 1212 424 Act.
1234 388 1268 431 1,
1295 398 1339 423 ac
1364 385 1437 424 toti
1461 385 1606 423 mundo

59 452 286 503 conspicuus
313 455 505 502 appareat,
536 451 675 489 Matth.
707 453 768 495 16,
798 453 858 496 24,
886 451 1005 502 Apoc.
1036 453 1072 495 1,
1098 450 1213 489 iudex
1241 451 1411 489 vivorum
1439 454 1475 489 et
1502 463 1605 488 mor-

58 521 222 561 tuorum,
259 515 343 554 Act.
375 518 435 562 17,
473 517 583 555 Rom.
615 520 652 562 2,
680 519 702 554 2
731 516 856 554 Timo.
886 519 924 554 4.
980 516 1106 561 Hanc,
1133 516 1300 567 inquam,
1332 516 1606 554 confessionem

59 595 130 619 nos
164 595 230 632 per
266 581 337 619 Dei
376 581 534 630 gratiam
572 581 676 619 iuxta
722 580 937 618 unanimem
973 581 1092 618 totius
1138 581 1345 632 scripturae
1383 593 1607 618 consensum

59 646 277 693 retinemus,
317 646 480 697 dumque
525 646 629 684 illam
672 651 818 697 praeter
855 646 927 683 alia
963 646 1082 684 multa
1120 659 1284 697 nuperae
1328 646 1387 683 illi
1424 646 1612 683 Catonum

58 716 276 750 nostrorum
305 711 580 750 delitescentiae
610 711 752 750 Christi
788 711 905 762 ipsius
947 711 1116 762 exemplo
1155 711 1395 762 opponimus.
1421 711 1517 748 nihil
1536 724 1614 749 me-

56 777 214 824 tuimus,
249 791 295 815 ne
333 790 461 815 eorum
499 777 737 828 praeiudiciis
776 777 876 814 fores
915 776 1108 814 Ecclesiae
1138 776 1279 815 Christi
1306 776 1608 827 praecludantur.

60 842 143 880 Nos
182 842 361 881 adversus
396 842 565 894 ipsorum
603 855 799 880 censuram
827 841 969 880 Christi
996 842 1153 880 Domini
1179 841 1418 894 praecatione
1444 845 1612 880 extrema

57 907 123 945 illa
162 908 451 953 communimus,
489 920 562 958 qua
598 907 678 958 ipse
713 911 799 945 ante
835 910 994 945 mortem
1024 920 1130 945 suam
1165 921 1187 944 a
1223 907 1334 945 Patre
1362 919 1428 944 suo
1459 906 1611 944 coelesti

59 975 246 1023 precatur,
272 976 315 1009 ut
343 985 406 1009 eos
433 971 555 1021 gratia
583 984 649 1009 sua
679 972 819 1020 com-(s
841 971 1101 1022 8¹³)plectatur,
1129 971 1195 1022 qui
1223 984 1300 1009 non
1338 970 1511 1022 equidem
1547 983 1613 1021 per

60 1037 338 1076 delitescentiae
368 1037 479 1075 huius
511 1037 696 1080 doctores,
714 1037 779 1075 sed
798 1050 863 1088 per
883 1037 1089 1088 Apostolos
1108 1037 1354 1088 ipsorumque
1382 1036 1609 1081 doctrinam,

60 1117 155 1155 quae
196 1103 493 1141 delitescentiam
530 1102 673 1153 alioqui
709 1102 808 1140 hanc
846 1115 924 1140 non
960 1102 1079 1149 novit,
1114 1103 1155 1140 in
1191 1102 1315 1153 ipsum
1344 1102 1523 1140 credituri
1550 1115 1609 1140 es-

61 1172 155 1207 sent.
210 1169 362 1219 Negent
389 1168 507 1218 igitur
533 1173 576 1206 ut
604 1168 732 1206 volent
761 1169 923 1206 Catones
951 1167 1086 1212 nostri,
1112 1181 1183 1206 nos
1220 1168 1268 1206 ad
1305 1167 1450 1205 Christi
1478 1167 1609 1205 Eccle-

62 1233 156 1272 siam
192 1234 392 1285 pertinere.
446 1234 531 1271 Nos
569 1233 762 1271 Christum
799 1233 1000 1284 ipsummet
1027 1233 1236 1271 Dominum
1264 1233 1459 1277 habemus,
1488 1232 1612 1270 omni-

63 1299 133 1337 bus
163 1299 371 1337 Catonibus
400 1298 592 1344 maiorem,
618 1298 683 1349 qui
712 1312 750 1336 se
776 1299 964 1349 promittit
992 1311 1061 1336 nos
1090 1298 1309 1348 agniturum
1328 1310 1420 1342 esse,
1441 1297 1472 1335 si
1490 1297 1613 1348 ipsum

61 1364 167 1402 iuxta
205 1364 413 1401 doctrinam
458 1367 568 1414 atque
607 1363 883 1401 confessionem
922 1363 1183 1414 Apostolicam
1223 1376 1348 1400 coram
1393 1362 1613 1400 hominibus

64 1443 325 1479 agnoscamus.
391 1429 507 1467 Quod
550 1428 722 1480 equidem
761 1442 847 1466 cum
883 1442 952 1466 nos
986 1429 1029 1467 in
1064 1428 1276 1466 accusanda
1312 1429 1382 1466 hac
1425 1428 1612 1466 Catonum

65 1499 281 1532 nostrorum
320 1493 576 1532 delitescentia
613 1494 735 1531 facere
774 1493 866 1531 certi
893 1494 1022 1539 simus,
1049 1498 1130 1531 tum
1160 1507 1249 1531 sane
1276 1497 1313 1531 et
1339 1493 1558 1544 precationi·
1577 1497 1613 1530 et

64 1559 308 1611 promissioni
334 1559 451 1610 ipsius
482 1558 626 1604 confisi,
662 1558 825 1610 primum
853 1572 1015 1605 oramus,
1042 1563 1085 1596 ut
1112 1572 1159 1596 ne
1187 1559 1235 1596 ab
1256 1559 1476 1610 Apostolica
1494 1559 1613 1610 ipsius

67 1625 304 1662 confessione
340 1638 498 1675 usquam
527 1638 594 1661 nos
625 1624 818 1662 deflectere
849 1624 1035 1674 patiatur3
1074 1623 1208 1662 deinde
1244 1638 1345 1669 vero,
1384 1624 1472 1661 dum
1508 1624 1613 1662 illam

66 1689 268 1740 sequimur,
305 1703 383 1727 non
412 1689 641 1735 dubitamus,
667 1688 788 1735 illum,
816 1688 881 1739 qui
908 1689 1029 1727 fidelis
1050 1692 1085 1727 et
1106 1703 1216 1728 verax
1236 1697 1304 1736 est,
1325 1690 1612 1727 benedicturum

65 1754 177 1792 nobis
205 1768 284 1792 0330
311 1754 489 1792 adversus
518 1768 648 1792 omues
678 1755 866 1792 Catonum
885 1758 1102 1792 nostrorum
1134 1754 1302 1792 omnium
1332 1753 1613 1792 criminationes

67 1819 271 1857 calumnias
300 1823 335 1857 et
375 1820 644 1858 execrationes.
674 1819 838 1857 Videant
865 1825 990 1858 autem
1020 1821 1182 1858 Catones
1212 1820 1345 1867 nostri,
1366 1834 1412 1859 ne
1433 1821 1523 1858 dum
1542 1834 1613 1859 nos

67 1884 114 1921 ad
151 1884 292 1921 Christi
330 1884 539 1922 Ecclesiam
576 1884 855 1935 delitescentiae
893 1885 1003 1923 istius
1040 1886 1195 1923 nomine
1231 1885 1418 1936 pertinere
1461 1889 1616 1935 negant,

67 1949 216 1999 ipsimet
253 1949 300 1986 ab
338 1950 402 1987 illa
441 1949 639 2000 inopinato
668 1949 929 1996 excludantur,
957 1963 1033 1988 non
1061 1950 1234 2001 equidem
1262 1963 1327 2001 per
1354 1964 1437 1993 nOS,
1464 1951 1530 2001 qui
1558 1950 1617 1988 ni-

68 2016 116 2066 (ζ
147 2014 262 2062 NJhil
299 2014 360 2052 hic
397 2015 507 2052 nobis
536 2015 731 2060 sumimus,
759 2015 834 2052 imo
864 2029 951 2053 vero
979 2029 1047 2067 pro
1077 2015 1128 2053 eis
1157 2015 1284 2060 etiam,
1312 2029 1526 2066 quanquam
1556 2029 1615 2053 re-

71 2078 334 2125 clamantibus,
371 2092 533 2124 oramuS,
577 2079 641 2117 sed
677 2093 743 2130 per
789 2093 888 2125 eum,
925 2093 998 2131 quo
1032 2079 1220 2130 aperiente
1256 2093 1365 2117 nemo
1404 2079 1545 2117 claudit
1581 2083 1617 2117 et

71 2143 267 2181 claudente
295 2157 404 2181 nemo
434 2144 546 2181 etiam
574 2145 717 2195 aperire
743 2148 880 2195 potest.
929 2144 1050 2182 Durat
1077 2144 1178 2183 enim
1205 2145 1410 2183 etiamnum
1438 2144 1503 2182 illa
1531 2158 1617 2183 sen-

68 2207 200 2253 tentia,
230 2212 268 2246 ut
295 2208 359 2259 qui
387 2222 425 2246 se
453 2208 577 2257 Regni
604 2208 702 2246 filios
730 2209 885 2256 iactant,
913 2209 960 2246 ad
988 2212 1196 2247 extremum
1223 2209 1375 2247 tandem
1395 2209 1509 2247 abiici
1529 2222 1617 2260 pos-

70 2272 161 2312 sint.
198 2274 323 2324 Atque
351 2273 396 2311 de
424 2273 566 2311 Christi
594 2273 763 2311 Ecclesia
789 2277 950 2312 tantum.

126 2337 243 2375 Quod
270 2351 382 2388 porro
411 2351 470 2376 me
499 2338 757 2388 blasphemum
787 2338 826 2376 in
858 2338 1000 2376 Christi
1023 2337 1178 2376 Domini
1197 2338 1476 2376 institutionem
1496 2343 1620 2384 vocat,

72 2402 238 2440 eiusdem
265 2404 341 2440 fere
368 2403 515 2452 generis
543 2408 611 2447 est,
640 2403 712 2440 hoc
738 2408 806 2449 est,
833 2416 945 2453 grave
975 2416 1063 2440 sane
1100 2403 1131 2440 si
1160 2416 1286 2441 verum
1314 2409 1422 2449 esset,
1451 2403 1515 2441 sed
1541 2403 1617 2441 iam

70 2468 150 2506 leve
187 2468 274 2519 quia
305 2482 442 2507 vanum
471 2472 541 2507 est.
570 2469 719 2520 Scripta
745 2482 858 2519 porro
896 2481 977 2507 mea
1005 2472 1191 2506 testantur
1231 2472 1342 2519 atque
1378 2469 1439 2506 hic
1467 2469 1617 2507 libellus

71 2532 256 2583 imprimis
293 2534 504 2579 testabitur,
541 2547 652 2584 quam
689 2538 899 2571 reverenter
938 2533 982 2571 de
1020 2534 1167 2571 Coenae
1203 2532 1426 2571 Dominicae
1462 2533 1617 2571 institu-

75 2598 178 2636 tione
206 2603 242 2637 et
271 2600 475 2637 sentiamus
504 2603 539 2636 et
570 2599 781 2638 doceamus.
838 2599 911 2636 Sed
947 2599 1038 2650 ipse,
1074 2612 1169 2649 quae
1198 2598 1242 2635 de
1263 2598 1521 2636 delitescentia
1549 2598 1618 2636 hac

74 2676 140 2700 sua
168 2663 370 2715 loquimur,
397 2664 444 2701 ad
473 2663 615 2701 Christi
643 2663 920 2702 institutionem
950 2664 1171 2714 detorquere
1195 2666 1367 2709 conatur,
1393 2676 1487 2714 quae
1520 2663 1619 2700 into-

73 2729 146 2766 rim
183 2729 303 2767 nihilo
341 2729 462 2779 magis
498 2729 661 2780 pertinet
698 2729 745 2767 ad
774 2728 916 2767 Christi
950 2729 1244 2774 institutionem,
1279 2742 1393 2780 quam
1430 2728 1619 2780 Papistica

72 2793 465 2832 transsubstantiatio.
517 2793 573 2831 Ut
611 2793 642 2830 si
678 2807 748 2831 nos
785 2794 1039 2845 blasphemiae
1074 2793 1207 2832 merito
1245 2793 1292 2831 ab
1338 2793 1430 2844 ipsis
1467 2805 1620 2831 accusa-

74 2870 158 2895 mur
191 2857 367 2896 adversus
397 2857 537 2897 Christi
567 2857 721 2896 Domini
747 2858 1024 2897 institutionem
1060 2863 1211 2909 propter
1240 2858 1503 2909 impugnatam
1531 2856 1618 2895 illo-

125 2921 181 2961 11.
1443 2925 1465 2961 3
