1830 3147
83 234 187 267 Math.
211 235 260 267 10.

87 876 191 908 Math.
212 878 242 908 4.

85 1204 174 1238 Ioan.
200 1205 248 1237 15.

368 106 442 143 352
847 115 1020 144 onnon.
1049 117 1157 145 noct.
1185 116 1301 147 torm.

368 217 521 268 populo,
547 216 613 268 qui
640 217 787 254 fructus
815 217 1096 268 resipiscentiae
1121 219 1317 270 producat,
1337 222 1372 257 et
1388 219 1525 258 incolis
1545 219 1781 258 Gomorrhae

368 294 412 319 ac
450 280 636 319 Sodomae
675 281 810 320 melius
847 282 918 321 erit
951 282 993 320 in
1031 283 1092 321 die
1125 284 1270 329 iudicii,
1305 298 1419 336 quam
1446 284 1571 324 nobis.
1626 284 1667 322 Si
1693 297 1780 323 vero

369 346 476 384 cordi
519 345 631 384 nobis
676 351 732 385 est
774 347 953 394 visitatio,
987 348 1134 399 totique
1167 349 1215 387 ad
1251 349 1371 388 Deum
1407 362 1477 388 nos
1515 349 1782 396 convertimus,

369 424 436 463 pro
473 411 590 450 tantis
630 411 709 450 eius
746 412 941 456 beneficiis
976 414 1118 463 gratias
1154 414 1188 452 ei
1213 420 1367 465 agentes
1395 415 1584 467 fidemque
1610 419 1780 454 nostram

370 476 474 514 omni
509 476 646 527 pietate
681 480 916 523 attestantes,
950 491 1009 516 res
1046 482 1197 517 nostrae
1234 480 1420 518 secundae
1456 480 1568 517 nobis
1604 483 1714 518 erunt
1741 479 1779 517 in

368 539 545 578 omnibus
582 540 652 578 viis
689 541 830 579 nostris
866 541 1131 580 benedictione
1168 542 1251 588 Dei,
1286 543 1351 594 qui
1388 543 1532 594 Spiritu
1574 556 1641 581 suo
1670 542 1781 580 nobis

369 604 489 643 aderit
525 618 628 643 nunc
663 609 700 643 et
735 605 774 642 in
801 609 1008 644 aeternum.
1065 605 1142 643 Hic
1168 606 1318 645 interim
1347 607 1592 645 multifariam
1623 607 1780 645 habebi-

369 682 452 707 mus
489 669 743 716 offensionem,
771 683 848 708 non
875 674 1024 708 tantum
1053 684 1075 708 a
1103 671 1264 722 Papistis
1292 675 1329 710 et
1356 671 1579 723 Hypocritis
1607 671 1684 710 sive
1709 671 1781 710 im-

368 733 442 784 piis
478 733 710 780 hominibus‚
747 733 812 771 sed
849 734 896 772 ab
934 734 1018 772 aliis
1047 734 1172 780 etiam,
1201 736 1266 786 qui
1293 736 1397 774 omni
1424 735 1569 774 haeresi
1597 735 1782 774 contami-

370 798 450 836 nati
477 798 523 835 ad
552 798 820 836 stabiliendum
849 811 1015 836 errorem
1052 812 1161 837 suum
1198 799 1328 838 eodem
1364 800 1476 838 modo
1505 813 1607 837 nunc
1634 812 1782 850 quoque

371 862 602 914 Scripturam
648 862 852 901 obtendere
896 867 1067 914 possunt,
1111 876 1184 915 quo
1232 864 1420 902 Sathanas
1464 863 1567 908 olim,
1602 863 1782 912 magister

370 940 510 975 eorum,
557 927 708 966 Christ-o
751 927 916 966 Domino
952 941 1032 966 eam
1067 928 1241 979 protulit,
1276 928 1368 967 adeo
1405 931 1528 966 autem
1566 927 1782 966 suffocatam

370 997 481 1044 atque
520 992 750 1039 intricatam,
789 997 832 1030 ut
867 1006 995 1031 eorum
1032 992 1291 1045 interpretatio
1328 993 1433 1031 nullo
1469 992 1581 1030 modo
1619 993 1672 1041 (A
1694 992 1782 1041 viib)

371 1071 456 1096 cum
499 1057 581 1109 ipsa
626 1071 731 1096 sacra
779 1058 973 1109 Scriptura
1027 1058 1231 1096 subsistere
1272 1058 1402 1109 possit,
1449 1057 1584 1109 quippe
1625 1070 1720 1108 quae
1762 1070 1783 1094 a

372 1123 511 1160 Sancto
551 1122 706 1173 Spiritu,
742 1122 808 1173 qui
834 1122 874 1160 in
903 1121 1081 1160 omnibus
1110 1135 1254 1173 semper
1282 1122 1516 1160 concordans
1543 1134 1586 1159 ac
1615 1121 1783 1172 simplex,

371 1200 440 1225 nec
484 1201 505 1225 a
550 1200 589 1225 se
631 1187 712 1238 ipse
762 1190 817 1224 est
854 1186 1091 1233 dissentiens,
1140 1199 1204 1237 per
1248 1186 1454 1237 Prophetas
1499 1189 1534 1222 et
1577 1185 1784 1236 Apostolos

372 1251 522 1303 scripta,
557 1251 597 1290 in
635 1251 812 1289 omnibus
847 1251 1018 1302 partibus
1054 1250 1132 1289 suis
1168 1250 1376 1288 necessarie
1412 1250 1486 1288 sibi
1514 1262 1679 1299 congrua
1705 1262 1786 1288 esse

372 1316 494 1355 debet.
549 1316 643 1354 Tam
671 1316 854 1354 violenter
881 1319 1004 1353 autem
1033 1314 1149 1353 iurati
1174 1315 1239 1352 isti
1267 1315 1437 1352 homines
1482 1317 1613 1351 contra
1648 1313 1785 1351 verita-

371 1386 446 1420 tem
475 1382 801 1432 conspiraverunt,
826 1384 868 1417 ut
895 1380 959 1417 alii
988 1379 1149 1418 aliorum
1178 1379 1347 1417 haeresin
1375 1379 1500 1430 potius
1528 1391 1640 1429 quam
1659 1391 1784 1416 veram

372 1445 633 1497 Apostolicam
662 1444 874 1482 doctrinam
902 1443 1187 1494 amplectantur,
1223 1442 1321 1494 quod
1353 1441 1581 1494 experientia
1609 1441 1700 1479 satis
1721 1454 1784 1478 su-

372 1524 510 1563 perque
546 1523 616 1548 nos
653 1510 795 1548 docuit.
851 1508 925 1547 Sed
953 1508 1090 1547 debent
1118 1521 1197 1546 esse
1226 1508 1409 1554 haereses,
1434 1511 1476 1545 ut
1503 1506 1654 1558 probati
1681 1509 1785 1557 pate-

372 1578 479 1615 fiant.

424 1642 497 1680 Vel
524 1641 577 1678 sic
605 1644 730 1678 tamen
757 1639 797 1677 in
825 1652 868 1677 eo
898 1642 1026 1677 nostra
1055 1638 1126 1676 erit
1147 1637 1369 1683 consolatio,
1391 1636 1581 1675 Christum
1603 1636 1665 1673 hic
1682 1635 1786 1686 posi-

374 1712 452 1747 tum
480 1720 560 1745 esse
587 1706 627 1744 in
654 1706 862 1743 multorum
890 1704 1053 1750 ruinam,
1081 1717 1235 1755 esseque
1261 1703 1437 1754 lapidem,
1464 1715 1537 1754 quo
1567 1714 1696 1739 omnes
1714 1700 1784 1738 ho-

374 1772 494 1810 mines
522 1768 659 1809 offendi
687 1769 835 1807 debent.
867 1768 984 1806 Hunc
1009 1768 1126 1818 igitur
1152 1767 1414 1805 invocabimus
1441 1767 1482 1804 in
1510 1766 1612 1803 hisce
1639 1769 1675 1803 et
1703 1777 1784 1802 om-

374 1837 487 1875 nibus
515 1838 702 1887 quotquot
728 1833 938 1871 incidamus
966 1831 1186 1870 infortuniis
1214 1831 1366 1875 nostris,
1386 1830 1503 1881 probe
1523 1829 1652 1880 utique
1673 1828 1785 1866 nobis

376 1901 529 1946 conscii,
565 1900 752 1938 neminem
788 1911 865 1942 eos,
903 1897 969 1949 qui
1004 1897 1121 1948 ipsius
1158 1901 1258 1941 sunt,
1293 1909 1312 1934 e
1349 1908 1461 1933 manu
1496 1894 1616 1946 ipsius
1644 1893 1786 1944 eripere

375 1979 497 2018 posse.
552 1965 640 2003 Hoc
678 1964 790 2002 nobis
827 1963 1009 2012 largiatur
1050 1961 1152 1999 Deus
1188 1960 1375 1999 Dominus
1411 1963 1550 2003 noster,
1587 1962 1627 1996 ut
1656 1970 1785 1995 omnes

377 2035 562 2084 quotquot
590 2031 740 2069 inscitia
767 2030 807 2068 in
835 2042 998 2067 errorem
1026 2027 1172 2066 inducti
1200 2027 1288 2070 sint,
1315 2026 1355 2063 in
1381 2025 1573 2063 meliorem
1600 2023 1785 2061 reducan-

378 2102 438 2136 tur
466 2096 580 2141 viam,
607 2099 649 2133 ut
677 2108 754 2132 una
781 2093 855 2132 fide
882 2092 1084 2131 coadunati
1120 2090 1387 2141 coniunctique
1425 2088 1628 2127 concordes
1662 2087 1785 2139 ipsum

380 2160 501 2199 colere
536 2163 572 2198 et
608 2158 762 2196 laudare
797 2157 984 2209 possimus
1012 2169 1077 2207 per
1113 2167 1223 2193 omne
1251 2154 1350 2192 vitae
1376 2157 1528 2192 nostrae
1558 2150 1720 2203 spatium
1747 2150 1788 2188 in

380 2225 578 2264 sanctitate
606 2228 642 2262 et
669 2223 830 2262 iustitia.
859 2223 993 2260 Amen.
1021 2221 1075 2269 (A
1103 2219 1204 2268 viiia)

431 2353 510 2391 Vos
550 2357 686 2396 autem,
727 2349 962 2388 dilectissimi
1001 2348 1177 2386 Fratres!
1216 2345 1366 2384 Christo
1404 2343 1580 2389 Domino,
1614 2345 1785 2380 nostrum

533 2416 700 2454 omnium
739 2413 986 2455 conciliatori,
1020 2412 1060 2450 in
1088 2415 1280 2450 aeternum
1310 2405 1636 2449 commendamini,

685 2482 793 2529 grato
823 2478 949 2516 animo
976 2489 1135 2528 parvum
1162 2475 1234 2513 hoc
1263 2472 1483 2525 opusculum

864 2545 1037 2580 nostrum
1065 2539 1305 2591 accipientes,

502 2607 669 2648 Londini
697 2607 735 2647 d.
763 2606 836 2644 XV
866 2606 972 2652 Maii,
999 2618 1099 2644 anno
1127 2603 1282 2643 Domini
1310 2601 1460 2640 MDLL
1490 2601 1543 2648 (A
1570 2597 1673 2646 viiib)
