1830 3147
370 56 444 92 302
887 66 999 95 conr.
1034 67 1142 95 Eccr..
1172 67 1288 95 nom).

370 167 514 204 sionem
554 167 641 205 fidei
677 168 777 206 varie
814 169 1014 220 depravare
1052 174 1250 216 conantur,
1285 170 1457 209 addenda
1484 174 1540 210 est
1566 183 1653 209 vera
1678 170 1782 209 illius

369 232 584 281 explicatio,
618 246 730 283 quam
767 233 815 271 ab
852 234 933 285 ipso
972 234 1113 285 Spiritu
1151 235 1288 273 Sancto
1325 236 1364 274 in
1402 235 1643 286 Euangelicis
1670 240 1782 287 atque

371 297 602 347 Apostolicis
638 297 754 336 literis
790 299 978 350 proditam
1016 299 1208 346 habemus,
1244 305 1404 351 suntque
1439 305 1515 339 tres
1551 301 1638 338 fidei
1673 301 1783 339 istius

371 360 657 400 Ecclesiasticae
683 368 826 412 partes:
865 364 985 414 prima
1012 363 1053 401 in
1082 363 1245 402 nominis
1274 367 1383 403 lesu:
1413 365 1528 402 altera
1554 365 1593 403 in
1623 365 1783 404 Christi:

369 425 477 463 tertia
505 425 545 463 in
573 425 661 463 Filii
689 426 758 465 Dei
785 427 859 465 vivi
888 427 1204 468 consideratione.

87 674 165 706 Jes'l
188 685 314 708 ¹¹⁰¹¹¹e¹¹·
424 685 588 723 Nomine
623 685 711 723 Iesu
747 684 935 730 docemur,
970 698 1054 723 eum
1091 699 1172 724 esse
1200 699 1327 724 verum
1354 700 1397 725 ac
1427 688 1635 726 naturalem
1662 688 1780 726 filium

372 750 527 795 Mariae,
563 763 672 801 quem
707 750 788 801 ipsa
821 750 927 788 iuxta
956 739 1112 813 natutae
1137 751 1258 800 legem
1285 751 1325 788 in
1355 765 1465 789 carne
1492 757 1620 791 nostra
1649 766 1783 790 conce-

370 815 425 866 pit
451 820 487 853 et
513 815 667 866 peperit,
697 820 957 866 praeterquam
990 815 1092 866 quod
1120 829 1203 853 eum
1231 816 1337 865 virgo
1366 817 1566 867 purissima
1596 818 1676 855 sine
1702 818 1782 855 ullo

370 879 441 917 viri
480 884 666 924 contactu,
702 879 839 918 Divina
874 880 914 917 id
952 881 1088 918 virtute
1113 885 1258 932 praeter
1286 885 1439 919 naturae
1467 882 1566 931 leges
1594 886 1784 933 operante,

372 945 555 995 concepit.
612 944 724 982 Hanc
760 945 857 982 enim
894 945 1153 996 exceptionem
1181 945 1235 983 ita
1264 945 1501 996 concipiendi
1530 946 1671 984 Christi
1699 947 1784 998 Spi-

86 1003 181 1035 Luce.
206 1003 234 1036 Ῑ·
370 1009 463 1047 ritus
508 1010 669 1047 Sanctus
712 1010 824 1047 nobis
871 1010 1090 1047 manifestat
1127 1010 1166 1047 in
1205 1010 1328 1048 verbis
1365 1011 1502 1060 Angeli
1539 1011 1585 1049 ad
1625 1011 1784 1049 Mariam

371 1074 541 1125 prolatis,
574 1074 663 1111 dum
699 1074 771 1111 ait:
810 1073 919 1117 Ecce,
956 1074 1144 1125 concipies
1180 1078 1216 1112 et
1251 1074 1371 1125 paries
1409 1075 1527 1112 filium
1566 1079 1600 1112 et
1629 1075 1782 1112 vocabis

372 1151 508 1176 nomen
537 1139 614 1175 eius
642 1138 769 1175 Iesum
797 1142 867 1177 etc.
897 1138 1058 1189 Spiritus
1087 1139 1249 1176 Sanctus
1277 1139 1510 1189 superveniet
1536 1138 1631 1177 inte
1651 1145 1686 1176 et
1706 1139 1782 1176 vir-

86 1199 181 1231 Msstf·
206 1199 234 1230 l·
371 1209 431 1241 tus
468 1202 656 1240 Altissimi
691 1203 931 1241 adumbrabit
967 1203 1050 1241 tibi.
1105 1205 1231 1253 Atque
1259 1203 1349 1241 alibi
1377 1216 1546 1242 rursum:
1601 1203 1715 1242 Quod
1743 1204 1784 1242 in

371 1268 436 1305 illa
463 1268 631 1316 genitum
661 1271 716 1305 est
742 1280 787 1305 ex
817 1267 958 1318 Spiritu
988 1269 1125 1305 Sancto
1156 1272 1224 1305 est.
1261 1267 1452 1304 Nimirum
1481 1268 1644 1318 Spiritus
1665 1269 1784 1306 Sanc-

371 1338 433 1369 tus
460 1332 569 1369 efficit
598 1331 735 1369 Divina
763 1331 898 1370 virtute
927 1345 1004 1377 sua,
1031 1336 1073 1369 ut
1102 1332 1253 1381 sanguis
1282 1332 1412 1369 matris
1432 1331 1589 1381 virginis
1609 1333 1648 1370 in
1666 1332 1784 1383 ipsius

373 1402 478 1434 utero
508 1397 674 1446 virgineo
703 1397 742 1434 in
771 1409 905 1447 corpus
935 1396 1075 1434 Christi
1103 1401 1254 1434 nostrae
1283 1397 1405 1434 carnis
1426 1397 1660 1443 coalesceret,
1679 1411 1784 1448 prae-

374 1465 431 1498 ter
459 1467 645 1506 naturam,
672 1464 725 1505 ut,
755 1473 838 1498 cum
868 1473 937 1497 nos
966 1473 1048 1497 cum
1081 1473 1191 1497 carne
1219 1465 1254 1497 et
1283 1461 1466 1509 sanguine
1483 1461 1785 1499 communionem

91 1525 173 1558 Heb.
197 1526 226 1558 2.
376 1526 607 1570 haberemus,
633 1526 712 1576 ipse
740 1525 852 1563 etiam
881 1526 1001 1563 eidem
1028 1525 1113 1576 ipsi,
1136 1526 1291 1563 ¹nostrae
1320 1525 1491 1563 videlieet
1512 1527 1615 1563 carni
1636 1529 1785 1564 nostro-

374 1603 446 1641 que
474 1591 661 1640 sanguini‚
689 1590 944 1642 participaret.

426 1846 516 1884 Non
552 1851 650 1885 recte
677 1846 791 1895 igitur
820 1846 863 1883 de
890 1845 979 1884 Iesu
1006 1859 1092 1883 vera
1120 1858 1163 1883 ac
1191 1845 1372 1883 naturalis
1399 1845 1530 1883 matris
1558 1845 1691 1892 officio,
1718 1847 1783 1884 sed

376 1911 456 1949 sine
492 1911 603 1948 ullius
640 1910 710 1948 viri
748 1914 936 1955 contactu,
973 1910 1143 1947 functam
1180 1923 1272 1955 esse,
1308 1910 1510 1960 Iesumque
1545 1909 1668 1947 carnis
1696 1922 1784 1947 suae

375 1975 558 2024 originem
595 1988 640 2012 ex
675 1975 754 2018 illa,
790 1980 829 2012 ut
866 1976 980 2012 frater
1015 1980 1143 2011 noster
1170 1979 1266 2011 esset
1293 1974 1464 2024 morique
1490 1978 1628 2024 posset,
1656 1986 1784 2024 sump-

88 2050 183 2083 Luce.
209 2051 237 2083 1,
374 2040 465 2077 sisse
511 2044 662 2089 negant,
708 2045 839 2077 contra
877 2039 1115 2077 manifestam
1151 2043 1187 2076 et
1224 2038 1361 2087 Angeli
1397 2046 1433 2076 et
1467 2038 1573 2076 Pauli
1609 2039 1783 2089 Apostoli

89 2093 169 2125 Heb.
195 2094 223 2125 ²·
373 2103 594 2142 doctrinam.

423 2361 611 2400 Docemur
645 2361 733 2399 item
771 2360 901 2398 eodem
938 2361 1024 2397 Iesu
1061 2360 1226 2404 nomine,
1262 2373 1346 2397 cum
1382 2360 1518 2410 ipsum,
1554 2360 1619 2409 qui
1645 2359 1691 2396 ad
1720 2361 1780 2407 (9)

371 2440 453 2464 eum
482 2426 634 2464 modum
664 2439 706 2463 ex
735 2430 854 2463 matre
881 2425 1026 2473 virgine
1054 2425 1188 2462 virtute
1216 2424 1351 2462 Divina
1381 2427 1580 2474 conceptus
1607 2427 1643 2461 et
1670 2430 1780 2462 natus

371 2501 438 2533 est,
466 2504 544 2528 esse
573 2504 656 2528 vere
683 2490 785 2541 quod
813 2489 962 2534 dicitur,
990 2502 1123 2539 nempe
1153 2502 1276 2526 verum
1300 2494 1336 2526 et
1354 2489 1700 2539 plenisufficientem
1720 2493 1779 2525 to-

370 2556 446 2592 tius
474 2555 603 2592 mundi
633 2559 870 2598 servatorem,
896 2560 1153 2605 praeterquam
1184 2553 1213 2590 si
1242 2554 1304 2603 qui
1333 2553 1437 2589 illurn
1468 2565 1551 2589 cum
1581 2565 1647 2589 suo
1667 2552 1779 2590 bene-

371 2620 457 2656 ficio
495 2620 679 2657 destinata
716 2632 942 2670 prorsusque
981 2618 1111 2655 rebelli
1139 2618 1330 2668 impietate
1358 2631 1421 2654 sua
1451 2617 1659 2654 voluntarie
1687 2630 1778 2654 con-

86 2693 180 2723 Matt.
207 2692 233 2723 l.
369 2688 552 2729 temnant,
587 2688 698 2734 atque
735 2696 754 2720 a
792 2695 829 2720 se
868 2682 1016 2732 ipsimet
1050 2681 1275 2732 propellant.
1329 2680 1415 2723 Hoc
1451 2680 1550 2717 enim
1577 2684 1612 2717 et
1640 2681 1779 2730 Angeli

85 2735 233 2807 ᾒξὲοὸξ
370 2755 405 2786 ct
433 2749 640 2799 Prophetae
669 2754 704 2786 et
733 2748 907 2799 Apostoli
936 2760 1065 2784 omnes
1094 2746 1321 2784 unanimiter
1347 2750 1545 2783 testantur.
1585 2746 1675 2784 Non
1695 2759 1778 2784 vere

368 2814 486 2863 igitur
515 2827 649 2851 nomen
678 2814 766 2851 Iesu
792 2813 831 2850 in
861 2812 933 2850 fide
960 2811 1031 2849 ista
1049 2811 1311 2849 Ecclesiastica
1333 2814 1579 2860 cognoscunt,
1601 2811 1664 2861 qui
1683 2811 1777 2848 alios
