1830 3147
180 124 253 160 262

182 231 292 272 alteri
328 231 544 271 adiumento
584 228 720 269 solatio
758 233 870 282 atque
905 234 1126 268 ornamento
1154 235 1262 271 esset.
1318 232 1443 283 Atque
1469 231 1508 270 in
1537 231 1608 270 hac
1633 232 1719 284 qui·

185 299 268 337 dem
304 297 373 335 tali
408 296 589 334 societate
625 295 769 345 nullam
801 308 971 347 ,unquam
1010 295 1122 333 fuisse
1151 299 1316 335 futuram
1344 296 1663 348 inaequalitatem,
1691 298 1722 336 si

184 375 265 402 eam
299 361 411 400 nobis
447 359 667 399 felicitatem
703 360 819 398 Satan
856 372 934 397 non
960 358 1170 405 invidisset,
1208 361 1270 398 sed
1298 366 1449 412 peccato
1478 361 1626 400 demum
1655 375 1721 414 pa-

185 430 333 465 rentum
379 428 596 463 nostrorum
643 425 786 462 sactum
833 436 924 468 esse,
968 427 1010 460 ut
1047 424 1194 470 mulier,
1230 438 1324 476 quae
1357 425 1459 476 prior
1493 430 1724 477 peccaverat,

187 492 267 530 viro
296 503 363 529 suo
390 504 436 529 ex
464 490 545 528 Deo
572 489 692 542 ipsius
722 489 869 527 decreto
899 487 1146 527 subiiceretur
1168 488 1210 538 ¹),
1238 490 1394 528 maritus
1424 503 1509 528 vero
1529 490 1655 529 iussus
1675 491 1724 530 sit

189 557 438 596 nihilominus
472 568 630 594 uxorem
666 568 710 593 eo
746 554 831 592 loco
871 553 1020 599 habere,
1057 567 1131 605 qno
1169 569 1276 597 suum
1313 555 1431 607 ipsius
1461 569 1608 607 corpus,
1646 569 1722 594 non

188 627 312 662 autem
349 621 427 659 ullo
464 621 576 659 modo
613 620 793 659 adversus
830 618 948 671 ipsam
985 620 1301 671 praeeminentiae
1327 621 1430 659 illius
1458 634 1545 659 suae
1573 621 1724 660 nomine

185 688 422 742 insolescere,
458 690 521 725 aut
557 699 637 724 eam
673 698 763 737 prae
799 698 837 723 se
875 689 1113 723 contemnere
1140 687 1421 737 quoquomodo,
1476 687 1582 724 Haec
1607 687 1725 737 igitur

189 752 501 791 contrahentibus
536 751 629 803 ipsis
667 755 702 789 et
738 750 916 802 omnibus
953 750 1045 789 adeo
1084 750 1295 801 coniugatis
1322 751 1361 789 in
1390 752 1565 790 societate
1592 753 1723 790 matri·

189 817 307 857 monii
345 816 621 855 consideranda
657 819 771 867 atque
807 815 919 853 etiam
958 815 1184 866 praestanda
1222 829 1313 862 esse,
1349 816 1402 854 sic
1430 816 1471 854 ut
1496 817 1590 854 alter
1617 817 1724 855 alteri

188 884 229 922 in
263 882 442 932 coniugio
485 881 625 931 cogitet
670 894 708 919 se
747 880 883 918 debere
920 894 1000 919 esse
1037 894 1181 932 semper
1217 881 1451 928 adiumento,
1494 895 1571 920 non
1607 881 1726 927 oneri,

188 947 334 994 solatio,
371 960 450 986 non
484 945 661 993 moerori,
696 950 933 990 ornamento,
973 959 1050 983 non
1087 945 1276 990 dedecori,
1313 946 1369 984 vir
1405 946 1554 998 quidem
1589 945 1631 984 in
1659 959 1727 984 sua

188 1012 493 1066 praeeminentia,
531 1024 626 1050 uxor
661 1015 786 1049 autem
822 1011 862 1050 in
892 1025 958 1049 sua
987 1011 1231 1059 subiectione,
1260 1011 1352 1050 haec
1378 1012 1528 1063 quidem
1555 1011 1595 1050 in
1622 1012 1725 1051 omni

191 1078 399 1117 secundum
444 1076 566 1115 Deum
613 1075 868 1122 observantia,
910 1075 976 1114 ille
1020 1089 1107 1113 vero
1157 1076 1198 1114 in
1241 1078 1346 1115 omni
1382 1076 1656 1120 benevolentia.
1691 1082 1728 1116 et

192 1144 306 1184 veluti
332 1142 476 1195 proprii
504 1142 564 1180 sui
592 1141 762 1194 corporis
790 1154 918 1180 amore
945 1154 989 1179 ac
1017 1141 1232 1181 dilectione.

243 1207 438 1246 Secundus
474 1205 561 1254 finis
598 1204 765 1254 coniugii
806 1208 863 1243 est
890 1204 1096 1243 liberorum
1126 1208 1237 1255 (605)
1264 1206 1489 1257 procreatiO,
1516 1219 1598 1244 cum
1629 1206 1726 1244 enim

191 1273 293 1312 Deus
327 1271 382 1310 ita
420 1270 612 1310 hominem
646 1270 847 1308 formasset
883 1269 995 1308 initio
1030 1283 1118 1308 suae
1154 1270 1368 1317 creationis,
1405 1275 1448 1309 ut
1476 1270 1534 1308 illi
1561 1271 1726 1309 solitudo

190 1336 460 1391 inconveniens
486 1339 598 1387 atque
623 1334 865 1373 incommoda
891 1335 1017 1373 futura
1046 1338 1156 1382 esset,
1182 1335 1340 1374 societas
1368 1349 1453 1374 vero
1482 1336 1601 1386 magis
1629 1337 1726 1375 mul-

190 1407 230 1442 to
268 1401 493 1441 conveniens
529 1413 573 1438 ac
617 1400 825 1445 commoda,
869 1403 982 1451 atque
1026 1401 1137 1438 etiam
1184 1400 1388 1446 statuisset,
1431 1414 1550 1450 genus
1593 1402 1726 1440 huma-

193 1480 294 1513 num,
331 1479 409 1506 non
444 1465 617 1517 equidem
655 1464 765 1503 unica
804 1464 1005 1511 creatione,
1032 1465 1348 1516 quemadmodum
1374 1464 1415 1503 in
1443 1465 1600 1515 Angelis
1627 1466 1729 1511 fecit,

193 1533 255 1571 sed
290 1531 531 1582 generatione
559 1529 814 1581 multiplicari,
842 1542 925 1567 cum
953 1534 988 1568 et
1016 1530 1172 1582 ipsemet
1202 1534 1320 1568 totam
1349 1535 1459 1581 atque
1485 1530 1641 1569 eandem
1669 1532 1727 1569 di-

194 1597 364 1636 vinitatis
391 1609 481 1646 suae
508 1595 726 1643 Monadem,
752 1608 831 1633 non
859 1608 949 1633 sane
975 1608 1040 1646 per
1069 1596 1186 1633 ullam
1218 1596 1459 1642 creationem,
1486 1596 1548 1634 sed
1576 1610 1642 1648 per
1668 1610 1728 1634 ae·

193 1668 338 1701 ternam
376 1665 490 1712 atque
523 1659 749 1698 ineffabilem
786 1660 929 1699 aeterni
966 1659 1077 1698 etiam
1114 1660 1184 1698 filii
1212 1660 1268 1699 sui
1294 1660 1572 1710 generationem
1600 1661 1728 1700 multi-

193 1727 370 1779 plicasset
396 1725 437 1765 in
464 1739 709 1778 personarum
735 1725 1065 1777 pluralitatem‚—
1082 1725 1179 1763 hanc
1196 1725 1309 1763 talem
1328 1739 1347 1764 a
1369 1739 1407 1763 se
1427 1725 1639 1764 institutam
1658 1726 1726 1764 ho-

196 1793 307 1831 minis
344 1791 561 1829 societatem
597 1789 635 1828 vi
670 1794 782 1840 atque
818 1789 953 1828 affectu
988 1789 1245 1840 progignendi
1272 1803 1338 1841 per
1364 1803 1469 1827 suam
1500 1789 1728 1828 benedictio-

197 1872 280 1896 nem
308 1856 522 1901 ·exornavit,
556 1855 756 1906 iussitque,
790 1858 832 1892 ut
867 1854 1153 1906 progignendae
1189 1854 1324 1899 soboli,
1361 1860 1472 1906 atque
1500 1855 1549 1893 ita
1578 1855 1726 1893 demum

197 1922 485 1975 multiplicando
523 1921 687 1959 humano
723 1919 853 1969 generi
888 1933 1040 1971 operam
1069 1920 1214 1964 darent,
1249 1920 1315 1971 qui
1352 1919 1422 1958 hac
1457 1920 1525 1958 tali
1551 1920 1729 1959 societate

198 1988 391 2028 coniuncti
417 1990 554 2026 essent.

249 2055 400 2094 Tertius
434 2052 521 2091 finis
556 2050 722 2090 instituti
756 2049 989 2088 matrimonii
1016 2053 1072 2087 est
1097 2050 1261 2088 ustionis
1288 2050 1327 2088 in
1357 2055 1530 2101 corrupta
1559 2050 1631 2088 iam
1660 2064 1727 2088 na-

199 2125 282 2160 tura
309 2123 438 2157 nostra
463 2116 682 2162 remedium,
707 2114 885 2153 nimirum
912 2113 1062 2152 affectus
1088 2114 1152 2152 ille
1179 2114 1428 2166 progignendi
1448 2115 1557 2153 initio
1578 2114 1727 2166 quidem

201 2185 377 2238 optimus,
402 2186 488 2234 post
514 2184 707 2233 peccatum
736 2183 858 2218 autem
886 2192 951 2230 per
979 2183 1134 2217 naturae
1163 2183 1313 2217 nostrae
1341 2179 1586 2230 corruptelam
1611 2192 1728 2229 vagus

201 2254 313 2302 atque
345 2248 450 2286 exlex
487 2246 622 2290 factus,
656 2243 821 2282 remedio
849 2256 892 2281 ac
919 2244 1025 2281 freno
1055 2247 1150 2293 eget,
1177 2245 1290 2292 (606)
1317 2243 1415 2294 quod
1444 2248 1631 2295 utrunque
1658 2257 1728 2281 no-

202 2314 262 2352 bis
298 2312 436 2351 Paulus
462 2311 502 2349 in
530 2308 773 2347 matrimonio
803 2311 1085 2345 commonstrat.
1139 2307 1232 2351 Vult
1259 2307 1372 2354 enim,
1398 2312 1439 2345 ut
1465 2312 1616 2359 propter
1642 2308 1730 2346 libi-

204 2379 302 2418 dinis
338 2381 480 2415 aestum
515 2373 758 2413 matrimonio
793 2372 1006 2422 iungamur,
1034 2377 1072 2410 ut
1100 2372 1221 2409 morbi
1249 2372 1600 2410 nostri'remedium
1629 2372 1729 2410 indi-

203 2447 274 2482 cet.
301 2443 352 2481 Et
377 2442 525 2480 frenum
551 2438 676 2477 morbi
701 2441 986 2480 commonstrat,
1014 2450 1097 2475 cum
1127 2450 1204 2475 non
1232 2436 1306 2474 nisi
1332 2450 1444 2475 unam
1474 2450 1624 2474 uxorem
1648 2437 1726 2475 viro

203 2512 240 2546 et
275 2520 352 2545 non
379 2505 453 2544 nisi
479 2517 594 2542 unum
619 2504 795 2541 maritum
822 2501 944 2545 uxori,
977 2501 1160 2552 tantisper
1189 2500 1277 2538 dum
1305 2514 1378 2538 una
1406 2500 1547 2544 vivunt,
1574 2501 1728 2551 permit-

203 2571 263 2609 tit.
316 2569 376 2608 Ex
410 2568 548 2620 quibus
583 2566 691 2605 Pauli
728 2565 852 2604 verbis
890 2564 1040 2602 tertium
1076 2565 1176 2602 hunc
1204 2563 1433 2601 matrimonii
1460 2565 1571 2601 finem
1602 2565 1728 2613 colligi

204 2638 363 2674 constat.

254 2699 340 2738 Hos
371 2699 464 2736 fines
501 2695 731 2735 matrimonii
766 2694 987 2744 coniugatus
1023 2707 1151 2732 omnes
1177 2693 1318 2731 intueri
1346 2704 1490 2742 semper
1519 2692 1729 2741 diligentis-

204 2764 369 2815 simeque
396 2761 594 2814 observare
621 2760 766 2807 debere,
793 2764 835 2797 ut
863 2759 975 2797 vitam
1006 2771 1152 2796 omnem
1181 2770 1284 2795 suam
1312 2756 1410 2794 inter
1437 2769 1520 2794 sese
1544 2757 1597 2794 ita
1625 2770 1727 2795 com·

250 2889 275 2929 ¹)
299 2887 377 2919 Gen.
401 2887 430 2918 2.
473 2884 556 2927 Eph.
579 2886 608 2916 5.
