1830 3147
161 80 226 129 [A.
250 79 296 132 D.
323 79 434 127 1556]
893 77 962 116 720

162 187 219 224 Ne
255 186 341 234 quid
375 192 494 222 tamen
528 188 564 222 et
596 185 651 223 hic
684 185 722 221 in
754 185 856 222 nobis
890 185 1104 234 requiratur,
1131 185 1274 222 eandem
1297 185 1420 234 ipsam,
1445 185 1501 222 cui
1528 189 1631 223 etiam
1658 192 1694 225 ct

161 261 255 285 nunc
292 248 524 291 inhaeremus,
560 246 800 283 Confessionis
835 247 1066 293 Augustanae
1100 245 1295 283 doctrinam
1332 246 1493 294 pluribus
1517 247 1629 284 adhuc
1656 254 1691 284 et

163 309 451 357 explicatioribus
486 308 601 345 verbis
632 308 733 344 iuxta
766 308 966 356 Scripturas
992 310 1029 344 et
1054 307 1256 344 Catholicae
1281 308 1458 344 Ecclesiae
1483 322 1689 345 consensum

161 384 374 418 exponemus
400 370 443 407 ad
468 371 562 407 hunc
588 370 750 406 modum:
795 370 1007 410 ,sCredimus
1032 373 1068 406 et
1094 370 1296 417 profitemur
1321 370 1444 417 palam,
1470 371 1566 418 quod
1592 372 1691 407 Chri-

163 436 271 474 ,stus
298 433 486 476 Dominus,
504 445 608 469 verus
634 431 768 479 alioqui
795 431 893 467 Deus
918 431 1049 478 pariter
1074 434 1181 477 atque
1206 431 1320 475 homo,
1348 444 1428 468 vere
1453 432 1556 467 etiam
1582 437 1692 479 atque

164 493 430 535 ,essentialiter
462 493 562 530 nobis
593 493 630 529 in
663 493 780 529 Coena
815 504 877 528 sua
908 504 1071 539 praesens
1104 491 1195 528 adsit
1231 505 1302 528 una
1326 505 1406 528 curn
1432 493 1540 529 Patre
1565 506 1629 530 suo
1656 497 1692 530 et

167 579 181 596 n
198 555 332 603 Spiritu
369 555 508 598 Sancto,
546 567 585 591 ac
619 567 694 591 sese
720 553 820 590 nobis
846 554 1030 601 ipsumque
1055 552 1140 589 adeo
1166 565 1291 601 corpus
1317 566 1420 589 suum
1445 566 1508 602 pro
1533 553 1633 590 nobis
1658 555 1694 591 in

162 620 339 658 ..mortem
373 616 545 653 traditum
576 629 615 653 ac
650 615 855 662 sanguinem
899 628 1002 650 suum
1045 615 1129 650 item
1155 627 1218 662 pro
1244 614 1344 651 nobis
1371 616 1487 651 fusum
1512 616 1548 652 in
1575 616 1691 652 cibum

165 700 179 718 a
194 678 286 713 vitae
320 679 483 713 aeternae
509 689 590 713 vere
614 689 654 712 ac
680 676 865 713 efficaciter
889 676 933 712 ad
958 678 1116 712 nostram
1142 675 1290 712 salutem
1317 676 1488 720 exhibeat,
1514 689 1585 713 una
1610 690 1690 714 cum

165 751 283 786 upane
314 742 350 774 et
385 738 512 786 poculo
548 750 688 781 coenae,
723 738 786 774 hoc
823 740 888 780 est,
915 737 999 773 dum
1024 737 1106 785 pani
1132 739 1168 773 et
1193 736 1320 784 poculo
1346 737 1483 774 Coenae
1508 738 1691 786 participa-

165 813 282 843 umus,
316 813 388 836 non
422 802 541 836 autem
575 799 612 835 in
645 811 745 847 pane,
781 812 895 846 neque
929 799 993 835 sub
1027 811 1127 847 pane,
1153 811 1269 846 neque
1295 811 1355 846 per
1379 812 1502 846 panem
1535 800 1693 837 Ministri

165 883 182 901 a
196 861 355 897 manibus
389 860 728 909 apprehendendum,
760 860 924 897 videlicet
950 859 1023 896 sola
1048 859 1126 903 fide,
1152 872 1222 907 qua
1246 860 1284 895 in
1310 860 1447 896 coelum
1472 873 1586 907 usque
1611 862 1690 897 sub-

168 923 298 966 uvecti,
325 922 458 970 Spiritu
485 923 613 958 Sancto
639 925 774 966 autore,
800 922 842 958 ad
868 922 981 958 locum
1009 921 1139 968 alioqui
1167 934 1269 957 verae
1294 924 1436 958 nostrae
1454 934 1532 958 cum
1551 923 1692 959 Christo

165 984 472 1025 uconversationis
512 986 726 1032 praesentes,
752 983 825 1020 illic
850 991 1032 1031 praesente
1058 984 1163 1019 etiam
1191 983 1331 1019 Christo
1360 984 1510 1021 Domino
1535 997 1693 1033 corpore-

166 1057 263 1092 yque
287 1057 327 1081 ac
352 1045 522 1092 sanguine
547 1057 611 1080 suo
638 1057 718 1080 vere
743 1045 919 1081 reficimur
943 1044 986 1080 ad
1013 1044 1122 1080 vitam
1147 1046 1361 1081 aeternam.’'

211 1105 307 1142 Haec
332 1119 396 1142 nos
420 1106 472 1142 ita
497 1106 540 1142 de
565 1105 698 1141 Christi
724 1106 868 1142 Domini
894 1106 930 1141 in
957 1105 1075 1142 Coena
1100 1118 1163 1142 sua
1195 1106 1392 1153 praesentia
1410 1105 1522 1153 deque
1540 1107 1694 1154 corporis

164 1167 249 1202 item
284 1179 324 1204 ac
358 1167 539 1214 sanguinis
575 1167 630 1202 sui
656 1166 870 1202 exhibitione
897 1170 932 1202 et
958 1167 1128 1202 sentimus
1155 1168 1190 1202 et
1216 1166 1390 1203 docemus.
1440 1167 1542 1212 Quod
1568 1168 1596 1203 si
1622 1168 1694 1203 cui-

166 1240 271 1275 quam
308 1229 399 1264 forte
425 1241 444 1264 a
471 1241 553 1264 vero
580 1240 685 1275 scopo
712 1227 894 1263 deflectere
922 1227 975 1263 liic
1002 1227 1076 1263 ullo
1102 1227 1214 1264 adhuc
1239 1228 1342 1264 modo
1369 1228 1560 1271 videamur,
1587 1229 1628 1264 ab
1654 1242 1695 1264 eo

165 1290 265 1326 nobis
299 1303 450 1327 errorem
487 1293 649 1326 nostrum
682 1302 724 1326 ex
758 1289 865 1325 verbo
900 1289 966 1325 Dei
991 1288 1257 1325 commonstrari
1284 1288 1436 1335 petimus
1462 1288 1498 1324 in
1524 1288 1695 1324 charitate

166 1354 203 1387 et
228 1350 397 1387 modestia
424 1350 633 1387 Christ-iana.

213 1413 363 1449 Oramus
387 1416 506 1450 autem
530 1411 797 1460 Amplissimum
823 1411 1089 1458 Magistratum,
1115 1414 1157 1446 ut
1177 1423 1240 1446 nos
1257 1423 1337 1446 cum
1355 1409 1535 1446 doctrinae
1552 1413 1695 1447 nostrae

168 1474 229 1510 hac
264 1474 480 1511 confessione
511 1473 662 1510 libenter
695 1473 785 1510 ferre
817 1472 916 1516 velit,
951 1472 1125 1519 tantisper
1158 1471 1241 1507 dum
1275 1470 1371 1506 aliud
1404 1483 1447 1507 ex
1488 1471 1595 1508 verbo
1630 1471 1696 1508 Dei

172 1536 352 1584 perspicue
377 1535 494 1572 doceri
519 1548 591 1572 non
615 1537 746 1582 potest.
771 1534 999 1571 Francofurti
1026 1534 1065 1569 [2
1094 1533 1183 1569 Maii
1209 1534 1300 1568 1556
1327 1532 1458 1569 lectum
1485 1534 1527 1580 ²).

217 1675 240 1713 ι)
264 1674 313 1707 Se.
336 1674 528 1706 Lutheranis
549 1673 718 1706 ministris.
762 1675 790 1714 2)
813 1674 939 1705 Docent
960 1673 994 1704 id
1021 1673 1155 1715 Franks.
1181 1672 1282 1714 Reliq.
1304 1673 1412 1706 handl.
1436 1673 1460 1706 1.
1482 1672 1564 1705 Beil.
1587 1673 1637 1705 29.

179 1893 243 1930 ΝΟ.
269 1894 350 1933 117.
734 1895 837 1941 [lpogr.
853 1897 876 1928 in
892 1898 963 1932 lrch.
980 1899 1046 1931 Sur.
1064 1899 1121 1938 neg.
1134 1898 1240 1938 nogium,
1255 1898 1280 1933 i.
1295 1908 1320 1939 p.
1336 1898 1373 1933 Π.
1391 1899 1444 1930 liei
1455 1909 1535 1933 nei-s,
1548 1909 1571 1935 o.
1583 1899 1599 1930 l.
1611 1900 1657 1931 628
1666 1909 1692 1940 sq

782 1959 797 1988 G
815 1958 881 1991 eru.
899 1967 922 1991 o.
940 1956 1102 2002 1.1ib.728.]

784 2079 841 2114 Ad
879 2080 1092 2115 BREN'HUM.

226 2200 401 2247 Quoniam
428 2200 500 2236 heri
525 2200 576 2236 ita
600 2199 642 2235 ab
668 2199 816 2235 invicem
843 2199 991 2246 digressi
1017 2211 1150 2243 sumus,
1175 2202 1217 2236 ut
1243 2199 1317 2237 sine
1341 2200 1410 2236 fine
1425 2199 1501 2236 ullo
1518 2200 1706 2237 discessum

177 2262 348 2309 utrinque
380 2261 553 2304 videatur,
579 2260 645 2296 Vir
672 2260 891 2296 Clarissime!
921 2259 1016 2296 volui
1042 2260 1163 2308 paucis
1188 2265 1271 2297 tuae
1296 2261 1532 2309 praestantiae
1557 2261 1708 2298 indicare

178 2322 287 2358 animi
312 2322 382 2358 mei
407 2322 631 2366 sententiam,
657 2324 699 2358 ut
725 2321 821 2357 illam
847 2334 1060 2368 cognoscere
1085 2322 1210 2369 possis.
1238 2322 1358 2369 Igitur
1383 2322 1478 2369 quod
1503 2322 1545 2359 ad
1564 2323 1708 2359 Confes-

178 2383 310 2419 sionem
344 2385 588 2430 Augustanam
622 2382 764 2426 attinet,
800 2383 882 2419 haec
917 2381 1001 2418 mihi
1026 2386 1109 2419 tuae
1134 2382 1415 2420 ratiocinationis
1440 2396 1575 2420 summa
1600 2384 1708 2421 fuisse

179 2444 338 2481 videtur:

232 2505 527 2545 ..confessionem
559 2505 804 2551 Augustanam
835 2503 877 2540 ab
910 2504 953 2540 iis
986 2505 1129 2551 agnosci
1160 2518 1231 2542 non
1263 2518 1376 2553 posse,
1411 2505 1472 2552 qm'
1504 2517 1578 2541 eam
1611 2504 1709 2540 illius

183 2565 538 2612 'interpretationem
564 2578 636 2601 non
662 2564 850 2613 recipiunt,
876 2577 967 2611 quae
991 2577 1051 2612 per
1077 2565 1172 2601 illius
1196 2566 1362 2602 authores
1387 2566 1556 2602 adfertur.
1589 2566 1622 2600 A
1647 2578 1707 2601 no-

183 2625 263 2666 ,bis
295 2639 377 2662 vero
414 2639 484 2662 non
515 2626 622 2674 recipi
656 2638 730 2662 eam
763 2626 1089 2673 interpretationem
1123 2627 1159 2662 in
1194 2639 1298 2663 causa
1329 2627 1392 2663 hac
1425 2626 1710 2669 Sacramentaria,

184 2687 315 2728 ,ouius
348 2689 490 2724 nomine
515 2700 730 2724 accusamur.
779 2687 928 2723 Frustra
952 2687 1064 2734 igitur
1088 2688 1271 2735 praetendi
1295 2701 1315 2724 a
1340 2688 1440 2729 nobis
1464 2688 1709 2733 Augustanam

183 2747 490 2791 ‚Confessionenn
520 2746 594 2784 sed.v
617 2749 735 2796 potius
768 2747 821 2783 illi
845 2760 907 2795 per
932 2760 996 2783 nos
1021 2747 1097 2783 fieri
1121 2748 1296 2792 iniuriam,
1323 2749 1405 2784 dum
1431 2759 1505 2783 eam
1531 2747 1567 2782 in
1592 2749 1709 2794 patro-

184 2808 338 2850 ncinium
363 2812 505 2845 nostrae
529 2809 710 2845 doctrinae
736 2809 874 2845 trahere
900 2821 1078 2853 conamur,
1105 2812 1142 2846 et
1167 2813 1285 2846 tamen
1311 2822 1382 2847 non
1406 2807 1601 2855 recipimus,
1620 2821 1712 2856 quae

184 2869 253 2914 ‚ab
279 2871 353 2911 eius
378 2870 584 2910 authoribus
610 2870 781 2923 adfertur,
807 2870 904 2906 illius
930 2870 1283 2917 interpretationem!
1287 2873 1295 2886 '
