1830 3147
807 110 874 148 ⁵61
1327 105 1393 155 [A.
1422 107 1466 142 D.
1491 104 1604 153 1543]

71 219 213 267 upende
238 220 347 268 igitur
372 219 540 255 talentum
568 221 681 261 tunm,
706 220 769 255 tibi
798 220 831 256 in
858 219 974 255 divina
1000 218 1198 265 cognitione
1224 216 1475 256 concreditum,
1500 214 1603 250 illud-

71 292 165 327 uqne
189 280 224 316 in
251 280 377 327 populo
402 279 466 315 tibi
491 279 676 315 commisso
703 279 852 315 Domino
877 279 953 315 Deo
978 282 1041 313 tuo
1066 279 1256 314 foenerare.
1284 277 1409 323 Cogita
1435 275 1498 311 tibi
1516 275 1599 315 dici,

67 340 260 388 uquicquid
294 339 451 386 Regibus
486 352 506 375 a
539 339 724 386 Prophetis
758 340 839 376 oliin
877 338 1040 375 mandato
1075 338 1141 374 Dei
1172 337 1303 374 dictum
1330 336 1470 383 legitur.
1519 335 1602 372 Non

66 400 304 436 ndetulissent
328 399 372 436 ad
398 411 493 447 reges
518 399 683 436 mandata
711 399 781 436 ulla
805 398 1001 448 Prophetae
1027 402 1086 434 aut
1111 398 1251 444 Angeli,
1275 398 1376 433 etiam
1403 397 1438 432 in
1465 395 1600 442 religio-

68 462 149 497 unis
181 473 297 501 eausa.
321 461 352 496 si
375 460 468 496 illins
493 471 576 496 cura
600 460 644 496 ad
671 461 786 507 Reges
812 474 880 496 non
908 460 1106 508 pertineret.
1155 459 1278 506 Neque
1303 457 1417 494 David
1444 469 1526 492 sane
1550 455 1601 491 di-

64 524 222 559 axisset:
257 523 306 558 Ec
337 534 423 557 nunc
454 522 639 569 inlelle'yile
662 535 771 569 reyes,
798 524 922 558 servite
948 523 1095 562 Domino,
1121 521 1364 567 apprehendite
1387 518 1598 564 disciplinam

66 587 168 625 uelo„
196 596 236 619 ne
260 584 390 628 quando
415 584 587 618 irascatur
612 585 771 619 Dominus
795 586 829 618 et
846 585 1013 630 pereatis.
1053 582 1108 619 Ad
1136 594 1208 617 eam
1238 581 1344 627 igitur
1372 580 1470 616 nair·
1496 580 1601 625 perti-

66 655 174 679 unere
207 655 323 679 curam
358 643 548 691 religioniS,
585 647 621 679 et
655 644 728 680 eius
763 644 912 691 parti-,im
938 655 1011 679 essc
1037 655 1078 678 ex
1104 642 1287 677 volumate
1314 640 1379 676 Dei
1405 640 1492 675 lianc
1517 643 1599 675 ante

63 704 206 741 nomnia
230 716 444 752 promovere,
472 704 574 752 idque
601 705 713 740 facere
738 717 808 741 non
834 704 1024 742 secundnm
1049 703 1222 739 humanae
1237 702 1428 749 sapientiae
1441 700 1598 741 consilia,

60 766 148 801 used
180 764 370 801 secundum
401 765 541 800 verbum
580 765 656 806 Dei,
694 777 804 812 neque
830 765 920 801 enim
947 764 1043 800 iuxta
1069 764 1217 798 humana
1240 761 1382 798 consilia
1408 760 1598 796 iudicatum

61 841 77 858 a
92 826 132 862 iri
165 826 246 862 olim
273 826 436 867 homines,
462 830 520 861 sed
546 838 734 861 sermonem
761 825 894 861 Christi
919 825 961 861 ad
996 837 1058 861 nos
1093 823 1245 860 delatum
1272 823 1418 858 indicem
1442 822 1594 857 omnium

61 891 249 923 anostrum
283 888 437 923 futurum
466 887 498 922 in
525 886 580 922 die
606 887 805 927 novissimo,
834 887 948 933 itaque
975 886 1024 922 sic
1051 884 1196 932 principi
1220 883 1430 930 iungendum
1458 893 1598 917 munere

63 961 168 991 usuo,
203 950 232 984 si
268 948 367 995 fungi
393 948 453 983 illo
478 948 606 994 cupiat,
634 952 672 982 ut
699 947 773 982 Deo
799 947 864 994 ipsi
887 959 922 982 se
948 947 1082 994 probet.
1132 946 1229 982 Haec
1257 957 1337 980 vero
1362 957 1397 980 se
1424 942 1599 990 haudqua-

61 1023 192 1058 nqnam
225 1010 432 1056 scripturum
469 1010 586 1050 fuisse,
615 1009 650 1044 ni
676 1009 853 1054 cognitum
879 1007 1020 1044 haberet
1044 1008 1151 1054 ipsius
1177 1007 1212 1042 in
1239 1007 1400 1053 pietatem
1427 1005 1595 1044 studium,

62 1072 156 1107 nimo
181 1073 347 1107 confisum
374 1083 421 1112 se,
447 1070 551 1117 probe
575 1070 827 1105 intellecturam
855 1069 961 1112 illam,
987 1068 1088 1104 officii
1113 1068 1165 1104 sui
1191 1080 1277 1109 esse,
1302 1067 1452 1102 fideliler
1478 1078 1594 1101 mone-

60 1145 135 1172 ure.
169 1144 257 1180 quae
291 1136 365 1167 tum
397 1131 440 1167 ad
472 1131 590 1178 ipsius,
620 1135 693 1166 tum
719 1130 763 1166 ad
789 1130 955 1165 ecclesiae
981 1129 1127 1166 salutem
1155 1130 1241 1165 sciat
1267 1129 1451 1175 pertinere,
1477 1131 1512 1161 et
1540 1127 1597 1161 be-

62 1195 191 1241 unigne
226 1206 361 1242 qnoque
395 1193 482 1228 hanc
509 1205 607 1228 snam
635 1192 669 1228 in
695 1191 875 1227 scribendo
900 1191 1094 1227 libertatem
1122 1202 1197 1225 esse
1214 1194 1453 1237 accepturam.
1489 1188 1598 1223 Perfi-

62 1255 171 1291 udum
207 1268 241 1290 se
267 1255 352 1296 fore,
379 1254 415 1290 ni
440 1254 580 1293 faceret,
611 1258 784 1298 praestare
810 1255 937 1291 aulem.
963 1252 1133 1298 ingratum
1169 1263 1271 1298 quam
1305 1249 1478 1285 infidelem
1504 1259 1594 1287 esse,

60 1321 194 1363 aratque
229 1315 366 1351 interim
400 1326 550 1361 sperare,
587 1313 721 1348 etiamsi
755 1324 872 1359 parum
911 1316 1031 1358 gratus
1064 1311 1156 1358 apud
1192 1311 1277 1346 alios
1313 1313 1494 1357 propterea
1533 1309 1594 1350 sit-²,

59 1375 181 1423 atquod
216 1387 286 1411 non
322 1374 406 1410 salis
440 1378 540 1420 grata
577 1373 748 1420 loquatur,
783 1376 895 1407 tamen
918 1372 1007 1418 apud
1036 1372 1144 1418 ipsam
1171 1371 1343 1417 ingratum
1368 1369 1499 1406 idcirco
1524 1381 1593 1405 non

61 1452 77 1469 u
92 1439 259 1472 futurum.
309 1436 412 1470 Certe
452 1435 571 1471 secisse
609 1446 644 1469 se
671 1433 760 1481 qnod
788 1433 959 1474 debuerit,
984 1433 1011 1468 si
1041 1445 1154 1479 parum
1185 1432 1342 1472 feliciter,
1368 1435 1481 1465 tamen
1506 1429 1595 1465 bona

60 1498 174 1534 ande:
197 1498 317 1533 offerre
343 1509 378 1531 sc
405 1508 543 1543 operam
571 1508 663 1530 suam
692 1497 829 1540 paratae
859 1494 932 1528 Deo
960 1494 1066 1539 inagis
1082 1492 1233 1534 obedire,
1260 1505 1363 1539 quam
1383 1491 1596 1526 hominibus:

59 1574 75 1590 u
89 1558 289 1604 ceteroquin
321 1557 555 1592 dimissionem
589 1567 719 1602 rogare.
773 1555 952 1590 Postremo
987 1554 1118 1601 precari
1152 1566 1187 1588 se
1220 1554 1251 1588 ei
1274 1566 1292 1588 a
1327 1553 1399 1587 Deo
1425 1551 1591 1598 Spiritum

59 1634 76 1651 u
91 1621 271 1658 Sanctum,
299 1619 357 1665 qni
381 1617 508 1664 dirigat
532 1616 675 1652 consilia
700 1619 734 1650 et
759 1616 912 1650 actiones
939 1616 1011 1650 eins
1037 1615 1071 1650 in
1097 1613 1240 1661 gloriam
1267 1612 1417 1648 eiusdem
1445 1611 1593 1647 nominis

59 1684 124 1714 act
148 1679 312 1715 ecclesiae
336 1678 645 1714 aedificationem.”
699 1676 737 1722 [8
766 1677 854 1722 Aug.
880 1676 989 1721 1543]

102 1792 128 1829 ¹)
149 1791 252 1828 Anna,
285 1789 383 1821 vidua
416 1789 561 1820 Eunonis
595 1788 639 1820 11.
684 1788 711 1828 2)
737 1788 873 1819 Initium
906 1786 1002 1818 huius
1035 1787 1096 1828 Ep.
1121 1786 1210 1818 deest
1244 1788 1275 1817 et
1298 1784 1425 1816 nonnisi
1449 1783 1598 1815 oratione

54 1846 186 1888 obliqua
218 1847 334 1878 bonam
365 1845 571 1887 superstitem
605 1845 673 1876 eius
706 1847 832 1886 partem
865 1843 1029 1881 habemus,
1064 1854 1159 1885 quam
1181 1842 1335 1873 historiae
1359 1852 1433 1873 suae
1456 1840 1594 1872 inseruit

55 1904 211 1936 Emmius.
234 1903 469 1945 Responsoriae
492 1904 602 1933 Annae
626 1901 792 1943 Epistolae
815 1900 975 1931 habentur
999 1901 1030 1931 in
1056 1901 1227 1936 MEINERS,
1248 1899 1369 1940 Ooslfr.
1389 1896 1594 1937 Kercleyesclz.

56 1960 82 1992 Ι.
106 1960 166 1991 249
191 1970 237 2000 sq.
281 1958 376 2001 Quod
399 1960 507 1990 monet
531 1958 703 1989 Gerdesins
734 1957 816 1988 hanc
846 1956 906 1998 Ep.
931 1956 1161 1997 autographam
1186 1956 1218 1986 in
1242 1954 1369 1985 scriniis
1391 1953 1484 1985 Emd.
1507 1951 1594 1989 Eccl.

57 2015 224 2053 asservari,
247 2015 342 2046 huius
379 2014 490 2046 scrinii
522 2013 712 2056 perquisitio
735 2013 868 2044 minime
891 2013 1070 2044 confirmat.
1113 2011 1214 2042 Adest
1238 2013 1343 2042 autem
1366 2009 1427 2051 Ep.
1452 2008 1490 2041 de
1512 2006 1595 2039 libro

54 2071 191 2102 Interim
221 2070 260 2102 ad
289 2071 415 2101 Annam
443 2069 649 2101 Comitissam
678 2068 762 2107 data,
794 2078 931 2110 quacum
965 2068 1046 2099 hanc
1084 2069 1227 2098 nostram
1251 2064 1464 2108 proculdubio
1488 2064 1612 2094 confu-·

55 2127 172 2158 derunt
194 2125 267 2158 falsi
289 2126 378 2157 illius
401 2125 511 2157 nuncii
534 2127 671 2157 autores.

55 2336 118 2372 N0.
145 2337 205 2372 12.
1224 2333 1330 2378 [Gerd.
1350 2344 1374 2366 s.
1396 2344 1421 2365 a.
1445 2329 1494 2367 llb.
1513 2330 1593 2378 iiim]

548 2456 606 2494 Ad
632 2457 856 2495 DRUSILLAM
882 2458 1099 2494 Srssmenn.

99 2581 207 2622 Quod
242 2582 304 2618 tibi
343 2582 391 2618 ita
422 2593 499 2618 sero
532 2582 687 2618 remittat
722 2594 872 2628 pannum
909 2584 1006 2616 tuum
1045 2580 1173 2616 lineum
1206 2588 1294 2613 uxor
1318 2588 1407 2616 mea,
1433 2585 1531 2611 soror
1557 2575 1590 2611 in

55 2644 203 2679 Domino
228 2642 448 2679 charissima!
478 2643 512 2678 in
537 2653 640 2678 causa
664 2641 697 2677 id
723 2642 800 2683 fuit,
824 2640 916 2689 quod
942 2641 971 2676 is
997 2640 1158 2681 nuncius,
1185 2638 1243 2686 qui
1267 2637 1365 2673 illum
1393 2635 1435 2672 ad
1460 2648 1520 2671 nos
1540 2639 1591 2671 at·

53 2705 147 2746 iniit,
182 2704 224 2740 ad
260 2716 324 2739 vos
355 2703 517 2750 deinceps
556 2715 714 2738 reversus
751 2715 819 2738 non
846 2706 908 2738 est.
957 2702 1004 2737 Et
1029 2713 1082 2737 me
1107 2700 1239 2748 aliquot
1264 2698 1385 2735 diebus
1414 2710 1483 2734 una
1511 2709 1588 2733 cum

53 2777 156 2800 uxore
191 2777 265 2801 mea
300 2764 379 2801 hinc
413 2764 534 2800 abesse
560 2763 727 2811 oportuit,
755 2775 901 2810 eumque
928 2763 999 2798 lieri
1025 2773 1169 2809 vespere
1195 2759 1426 2800 rediissemus,
1453 2759 1590 2794 curavit

56 2837 134 2860 mox
157 2836 243 2861 uxor
269 2837 342 2861 mea
369 2828 406 2860 ut
431 2824 494 2860 tibi
520 2824 767 2860 remitteretur.
792 2824 910 2871 Atque
939 2834 1024 2858 uxor
1047 2821 1185 2870 quidem
1211 2821 1410 2856 crassiorem
1434 2831 1585 2866 pannum

50 2886 147 2923 illum
182 2890 366 2934 acceptura
400 2888 494 2923 esset
526 2886 561 2922 in
594 2898 691 2922 usum
726 2897 854 2928 meum,
887 2885 915 2921 si
950 2884 1129 2932 aliquanto
1166 2884 1268 2920 citius
1294 2882 1420 2919 allatus
1447 2881 1586 2920 fnisset,

103 2947 153 2985 ΙΙ.
1392 2943 1436 2978 36
