<?xml version="1.0" encoding="UTF-8"?>
<!DOCTYPE html PUBLIC "-//W3C//DTD XHTML 1.0 Transitional//EN"
    "http://www.w3.org/TR/xhtml1/DTD/xhtml1-transitional.dtd">
<html xmlns="http://www.w3.org/1999/xhtml" xml:lang="en" lang="en">
 <head>
  <title>
</title>
<meta http-equiv="Content-Type" content="text/html;charset=utf-8" />
  <meta name='ocr-system' content='tesseract 3.04.00' />
  <meta name='ocr-capabilities' content='ocr_page ocr_carea ocr_par ocr_line ocrx_word'/>
</head>
<body>
  <div class='ocr_page' id='page_1' title='image "./operatameditaqua02lask_0318.png"; bbox 0 0 1830 3147; ppageno 0'>
   <div class='ocr_carea' id='block_1_1' title="bbox 77 242 244 317">
    <p class='ocr_par' dir='ltr' id='par_1_1' title="bbox 77 242 244 317">
     <span class='ocr_line' id='line_1_1' title="bbox 80 242 214 276; baseline 0.022 -3"><span class='ocrx_word' id='word_1_1' title='bbox 80 242 157 273; x_wconf 82' lang='lat' dir='ltr'>Gen.</span> <span class='ocrx_word' id='word_1_2' title='bbox 184 243 214 276; x_wconf 89' lang='lat'>3.</span> 
     </span>
     <span class='ocr_line' id='line_1_2' title="bbox 77 285 244 317; baseline 0.012 -2"><span class='ocrx_word' id='word_1_3' title='bbox 77 286 190 317; x_wconf 81' lang='lat' dir='ltr'>Roma.</span> <span class='ocrx_word' id='word_1_4' title='bbox 215 285 244 317; x_wconf 86' lang='lat'>5.</span> 
     </span>
    </p>
   </div>
   <div class='ocr_carea' id='block_1_2' title="bbox 79 508 306 540">
    <p class='ocr_par' dir='ltr' id='par_1_2' title="bbox 79 508 306 540">
     <span class='ocr_line' id='line_1_3' title="bbox 79 508 306 540; baseline 0 -1"><span class='ocrx_word' id='word_1_5' title='bbox 79 508 177 540; x_wconf 86' lang='lat' dir='ltr'>Hebr.</span> <span class='ocrx_word' id='word_1_6' title='bbox 204 508 232 539; x_wconf 81' lang='lat'>6.</span> <span class='ocrx_word' id='word_1_7' title='bbox 258 508 306 540; x_wconf 91' lang='grc'>10.</span> 
     </span>
    </p>
   </div>
   <div class='ocr_carea' id='block_1_3' title="bbox 80 836 214 868">
    <p class='ocr_par' dir='ltr' id='par_1_3' title="bbox 80 836 214 868">
     <span class='ocr_line' id='line_1_4' title="bbox 80 836 214 868; baseline 0.022 -3"><span class='ocrx_word' id='word_1_8' title='bbox 80 836 159 867; x_wconf 85' lang='lat' dir='ltr'><strong>Gen.</strong></span> <span class='ocrx_word' id='word_1_9' title='bbox 186 836 214 868; x_wconf 87' lang='lat'>5.</span> 
     </span>
    </p>
   </div>
   <div class='ocr_carea' id='block_1_4' title="bbox 83 953 236 985">
    <p class='ocr_par' dir='ltr' id='par_1_4' title="bbox 83 953 236 985">
     <span class='ocr_line' id='line_1_5' title="bbox 83 953 236 985; baseline 0.013 -2"><span class='ocrx_word' id='word_1_10' title='bbox 83 953 162 984; x_wconf 88' lang='lat' dir='ltr'><strong>Gen.</strong></span> <span class='ocrx_word' id='word_1_11' title='bbox 186 953 236 985; x_wconf 91' lang='grc'>11.</span> 
     </span>
    </p>
   </div>
   <div class='ocr_carea' id='block_1_5' title="bbox 78 1078 259 1237">
    <p class='ocr_par' dir='ltr' id='par_1_5' title="bbox 78 1078 259 1154">
     <span class='ocr_line' id='line_1_6' title="bbox 78 1078 233 1111; baseline 0.006 -2"><span class='ocrx_word' id='word_1_12' title='bbox 78 1078 160 1110; x_wconf 84' lang='lat' dir='ltr'>Gen.</span> <span class='ocrx_word' id='word_1_13' title='bbox 184 1080 233 1111; x_wconf 83' lang='lat'>46.</span> 
     </span>
     <span class='ocr_line' id='line_1_7' title="bbox 119 1120 259 1154; baseline 0.021 -3"><span class='ocrx_word' id='word_1_14' title='bbox 119 1120 211 1154; x_wconf 83' lang='lat' dir='ltr'>Para.</span> <span class='ocrx_word' id='word_1_15' title='bbox 230 1122 259 1154; x_wconf 84' lang='grc'>6.</span> 
     </span>
    </p>

    <p class='ocr_par' dir='ltr' id='par_1_6' title="bbox 81 1162 233 1195">
     <span class='ocr_line' id='line_1_8' title="bbox 81 1162 233 1195; baseline 0.02 -3"><span class='ocrx_word' id='word_1_16' title='bbox 81 1162 182 1195; x_wconf 73' lang='lat' dir='ltr'>Exod.</span> <span class='ocrx_word' id='word_1_17' title='bbox 206 1165 233 1195; x_wconf 84' lang='lat'>6.</span> 
     </span>
    </p>

    <p class='ocr_par' dir='ltr' id='par_1_7' title="bbox 81 1204 256 1237">
     <span class='ocr_line' id='line_1_9' title="bbox 81 1204 256 1237; baseline 0.017 -3"><span class='ocrx_word' id='word_1_18' title='bbox 81 1204 181 1237; x_wconf 74' lang='lat' dir='ltr'>Exod.</span> <span class='ocrx_word' id='word_1_19' title='bbox 206 1207 256 1237; x_wconf 81' lang='lat'>20.</span> 
     </span>
    </p>
   </div>
   <div class='ocr_carea' id='block_1_6' title="bbox 80 1353 342 1429">
    <p class='ocr_par' dir='ltr' id='par_1_8' title="bbox 80 1353 342 1429">
     <span class='ocr_line' id='line_1_10' title="bbox 80 1353 342 1403; baseline -0.011 -16"><span class='ocrx_word' id='word_1_20' title='bbox 80 1353 216 1403; x_wconf 77' lang='lat' dir='ltr'>Duratio</span> <span class='ocrx_word' id='word_1_21' title='bbox 235 1353 342 1385; x_wconf 86' lang='lat' dir='ltr'>Eccle-</span> 
     </span>
     <span class='ocr_line' id='line_1_11' title="bbox 80 1408 156 1429; baseline 0 -1"><span class='ocrx_word' id='word_1_22' title='bbox 80 1408 104 1428; x_wconf 72' lang='grc' dir='ltr'>ει</span> <span class='ocrx_word' id='word_1_23' title='bbox 111 1408 156 1429; x_wconf 85' lang='lat' dir='ltr'>ae.</span> 
     </span>
    </p>
   </div>
   <div class='ocr_carea' id='block_1_7' title="bbox 79 1481 230 1597">
    <p class='ocr_par' dir='ltr' id='par_1_9' title="bbox 79 1481 230 1597">
     <span class='ocr_line' id='line_1_12' title="bbox 79 1481 205 1512; baseline 0 0"><span class='ocrx_word' id='word_1_24' title='bbox 79 1481 153 1512; x_wconf 71' lang='lat' dir='ltr'>Esa.</span> <span class='ocrx_word' id='word_1_25' title='bbox 176 1482 205 1512; x_wconf 85' lang='lat'>9.</span> 
     </span>
     <span class='ocr_line' id='line_1_13' title="bbox 82 1523 217 1556; baseline 0 -2"><span class='ocrx_word' id='word_1_26' title='bbox 82 1523 164 1554; x_wconf 84' lang='lat' dir='ltr'>Dan.</span> <span class='ocrx_word' id='word_1_27' title='bbox 188 1523 217 1556; x_wconf 83' lang='lat'>7.</span> 
     </span>
     <span class='ocr_line' id='line_1_14' title="bbox 83 1565 230 1597; baseline 0 -1"><span class='ocrx_word' id='word_1_28' title='bbox 83 1565 179 1597; x_wconf 84' lang='lat' dir='ltr'>Luce.</span> <span class='ocrx_word' id='word_1_29' title='bbox 202 1565 230 1596; x_wconf 90' lang='grc'>1.</span> 
     </span>
    </p>
   </div>
   <div class='ocr_carea' id='block_1_8' title="bbox 82 1670 330 1703">
    <p class='ocr_par' dir='ltr' id='par_1_10' title="bbox 82 1670 330 1703">
     <span class='ocr_line' id='line_1_15' title="bbox 82 1670 330 1703; baseline -0.008 0"><span class='ocrx_word' id='word_1_30' title='bbox 82 1672 155 1703; x_wconf 86' lang='lat' dir='ltr'>Una</span> <span class='ocrx_word' id='word_1_31' title='bbox 176 1670 330 1702; x_wconf 79' lang='lat' dir='ltr'>Ecclesia.</span> 
     </span>
    </p>
   </div>
   <div class='ocr_carea' id='block_1_9' title="bbox 88 2638 231 2713">
    <p class='ocr_par' dir='ltr' id='par_1_11' title="bbox 88 2638 231 2713">
     <span class='ocr_line' id='line_1_16' title="bbox 88 2638 231 2670; baseline 0.007 -1"><span class='ocrx_word' id='word_1_32' title='bbox 88 2638 178 2669; x_wconf 87' lang='lat' dir='ltr'>Ioan.</span> <span class='ocrx_word' id='word_1_33' title='bbox 202 2638 231 2670; x_wconf 90' lang='lat'>1.</span> 
     </span>
     <span class='ocr_line' id='line_1_17' title="bbox 88 2679 222 2713; baseline 0 -2"><span class='ocrx_word' id='word_1_34' title='bbox 88 2680 170 2711; x_wconf 76' lang='lat' dir='ltr'>Heb.</span> <span class='ocrx_word' id='word_1_35' title='bbox 194 2679 222 2713; x_wconf 84' lang='lat'>7.</span> 
     </span>
    </p>
   </div>
   <div class='ocr_carea' id='block_1_10' title="bbox 90 2763 278 2795">
    <p class='ocr_par' dir='ltr' id='par_1_12' title="bbox 90 2763 278 2795">
     <span class='ocr_line' id='line_1_18' title="bbox 90 2763 278 2795; baseline 0.005 -1"><span class='ocrx_word' id='word_1_36' title='bbox 90 2763 106 2794; x_wconf 92' lang='grc'><strong>1</strong></span> <span class='ocrx_word' id='word_1_37' title='bbox 132 2764 206 2794; x_wconf 88' lang='lat' dir='ltr'>Cor.</span> <span class='ocrx_word' id='word_1_38' title='bbox 230 2764 278 2795; x_wconf 81' lang='grc'>10.</span> 
     </span>
    </p>
   </div>
   <div class='ocr_carea' id='block_1_11' title="bbox 361 71 1265 108">
    <p class='ocr_par' dir='ltr' id='par_1_13' title="bbox 361 71 1265 108">
     <span class='ocr_line' id='line_1_19' title="bbox 361 71 1265 108; baseline 0.002 -2"><span class='ocrx_word' id='word_1_39' title='bbox 361 71 433 107; x_wconf 82' lang='lat'>298</span> <span class='ocrx_word' id='word_1_40' title='bbox 868 78 981 108; x_wconf 77' lang='lat' dir='ltr'>coNF.</span> <span class='ocrx_word' id='word_1_41' title='bbox 1011 79 1120 107; x_wconf 78' lang='lat' dir='ltr'>Ech.</span> <span class='ocrx_word' id='word_1_42' title='bbox 1148 78 1265 108; x_wconf 77' lang='lat' dir='ltr'>LoNn.</span> 
     </span>
    </p>
   </div>
   <div class='ocr_carea' id='block_1_12' title="bbox 360 179 1773 1903">
    <p class='ocr_par' dir='ltr' id='par_1_14' title="bbox 360 179 1773 1903">
     <span class='ocr_line' id='line_1_20' title="bbox 362 179 1769 231; baseline 0 -14"><span class='ocrx_word' id='word_1_43' title='bbox 362 193 452 218; x_wconf 88' lang='lat' dir='ltr'>voce</span> <span class='ocrx_word' id='word_1_44' title='bbox 479 193 544 218; x_wconf 84' lang='lat' dir='ltr'>sua</span> <span class='ocrx_word' id='word_1_45' title='bbox 569 180 616 218; x_wconf 80' lang='lat' dir='ltr'>ad</span> <span class='ocrx_word' id='word_1_46' title='bbox 645 193 684 218; x_wconf 93' lang='lat' dir='ltr'>se</span> <span class='ocrx_word' id='word_1_47' title='bbox 709 180 911 224; x_wconf 82' lang='lat' dir='ltr'>revocavit,</span> <span class='ocrx_word' id='word_1_48' title='bbox 939 180 1024 218; x_wconf 84' lang='lat' dir='ltr'>data</span> <span class='ocrx_word' id='word_1_49' title='bbox 1052 180 1107 217; x_wconf 91' lang='lat' dir='ltr'>illi</span> <span class='ocrx_word' id='word_1_50' title='bbox 1134 180 1381 231; x_wconf 81' lang='lat' dir='ltr'>promissione</span> <span class='ocrx_word' id='word_1_51' title='bbox 1409 179 1573 226; x_wconf 87' lang='lat' dir='ltr'>seminis,</span> <span class='ocrx_word' id='word_1_52' title='bbox 1600 179 1705 218; x_wconf 88' lang='lat' dir='ltr'>euius</span> <span class='ocrx_word' id='word_1_53' title='bbox 1732 180 1769 218; x_wconf 90' lang='lat' dir='ltr'>vi</span> 
     </span>
     <span class='ocr_line' id='line_1_21' title="bbox 362 243 1770 296; baseline 0 -14"><span class='ocrx_word' id='word_1_54' title='bbox 362 258 404 282; x_wconf 88' lang='lat' dir='ltr'>ac</span> <span class='ocrx_word' id='word_1_55' title='bbox 439 244 575 282; x_wconf 87' lang='lat' dir='ltr'>merito</span> <span class='ocrx_word' id='word_1_56' title='bbox 610 244 690 295; x_wconf 88' lang='lat' dir='ltr'>ipse</span> <span class='ocrx_word' id='word_1_57' title='bbox 727 257 811 282; x_wconf 91' lang='lat' dir='ltr'>cum</span> <span class='ocrx_word' id='word_1_58' title='bbox 849 257 917 282; x_wconf 89' lang='lat' dir='ltr'>suo</span> <span class='ocrx_word' id='word_1_59' title='bbox 956 244 1096 281; x_wconf 84' lang='lat' dir='ltr'>semine</span> <span class='ocrx_word' id='word_1_60' title='bbox 1124 248 1220 282; x_wconf 88' lang='lat' dir='ltr'>esset</span> <span class='ocrx_word' id='word_1_61' title='bbox 1247 245 1396 283; x_wconf 88' lang='lat' dir='ltr'>futurus</span> <span class='ocrx_word' id='word_1_62' title='bbox 1423 244 1583 296; x_wconf 85' lang='lat' dir='ltr'>populus</span> <span class='ocrx_word' id='word_1_63' title='bbox 1611 243 1693 290; x_wconf 89' lang='lat' dir='ltr'>Dei,</span> <span class='ocrx_word' id='word_1_64' title='bbox 1720 248 1770 290; x_wconf 87' lang='lat' dir='ltr'>et,</span> 
     </span>
     <span class='ocr_line' id='line_1_22' title="bbox 362 308 1769 360; baseline 0 -14"><span class='ocrx_word' id='word_1_65' title='bbox 362 321 576 360; x_wconf 82' lang='lat' dir='ltr'>quanquam</span> <span class='ocrx_word' id='word_1_66' title='bbox 611 308 724 346; x_wconf 91' lang='lat' dir='ltr'>morti</span> <span class='ocrx_word' id='word_1_67' title='bbox 752 321 818 360; x_wconf 87' lang='lat' dir='ltr'>per</span> <span class='ocrx_word' id='word_1_68' title='bbox 843 311 1038 360; x_wconf 88' lang='lat' dir='ltr'>peccatum</span> <span class='ocrx_word' id='word_1_69' title='bbox 1069 321 1152 346; x_wconf 87' lang='lat' dir='ltr'>cum</span> <span class='ocrx_word' id='word_1_70' title='bbox 1180 308 1320 347; x_wconf 86' lang='lat' dir='ltr'>semine</span> <span class='ocrx_word' id='word_1_71' title='bbox 1348 321 1414 346; x_wconf 89' lang='lat' dir='ltr'>suo</span> <span class='ocrx_word' id='word_1_72' title='bbox 1444 308 1630 346; x_wconf 89' lang='lat' dir='ltr'>subiectus</span> <span class='ocrx_word' id='word_1_73' title='bbox 1659 311 1769 352; x_wconf 84' lang='lat' dir='ltr'>esset,</span> 
     </span>
     <span class='ocr_line' id='line_1_23' title="bbox 362 372 1768 425; baseline 0 -15"><span class='ocrx_word' id='word_1_74' title='bbox 362 373 481 411; x_wconf 87' lang='lat' dir='ltr'>Deum</span> <span class='ocrx_word' id='word_1_75' title='bbox 528 377 651 411; x_wconf 86' lang='lat' dir='ltr'>tamen</span> <span class='ocrx_word' id='word_1_76' title='bbox 683 372 755 410; x_wconf 89' lang='lat' dir='ltr'>sibi</span> <span class='ocrx_word' id='word_1_77' title='bbox 780 373 856 411; x_wconf 89' lang='lat' dir='ltr'>iam</span> <span class='ocrx_word' id='word_1_78' title='bbox 883 378 919 411; x_wconf 87' lang='lat' dir='ltr'>et</span> <span class='ocrx_word' id='word_1_79' title='bbox 946 372 1079 410; x_wconf 91' lang='lat' dir='ltr'>semini</span> <span class='ocrx_word' id='word_1_80' title='bbox 1108 386 1174 410; x_wconf 87' lang='lat' dir='ltr'>suo</span> <span class='ocrx_word' id='word_1_81' title='bbox 1201 373 1406 425; x_wconf 90' lang='lat' dir='ltr'>propitium</span> <span class='ocrx_word' id='word_1_82' title='bbox 1432 377 1584 425; x_wconf 88' lang='lat' dir='ltr'>propter</span> <span class='ocrx_word' id='word_1_83' title='bbox 1608 373 1768 424; x_wconf 88' lang='lat' dir='ltr'>promis-</span> 
     </span>
     <span class='ocr_line' id='line_1_24' title="bbox 363 437 1771 489; baseline -0.001 -14"><span class='ocrx_word' id='word_1_84' title='bbox 363 451 445 475; x_wconf 87' lang='lat' dir='ltr'>sum</span> <span class='ocrx_word' id='word_1_85' title='bbox 487 437 581 476; x_wconf 92' lang='lat' dir='ltr'>illud</span> <span class='ocrx_word' id='word_1_86' title='bbox 626 451 751 476; x_wconf 89' lang='lat' dir='ltr'>semen</span> <span class='ocrx_word' id='word_1_87' title='bbox 787 437 952 482; x_wconf 86' lang='lat' dir='ltr'>haberet,</span> <span class='ocrx_word' id='word_1_88' title='bbox 986 443 1247 489; x_wconf 77' lang='lat' dir='ltr'>praeterquam</span> <span class='ocrx_word' id='word_1_89' title='bbox 1282 437 1314 475; x_wconf 90' lang='lat' dir='ltr'>si</span> <span class='ocrx_word' id='word_1_90' title='bbox 1349 441 1496 475; x_wconf 87' lang='lat' dir='ltr'>tantum</span> <span class='ocrx_word' id='word_1_91' title='bbox 1535 437 1771 483; x_wconf 88' lang='lat' dir='ltr'>beneficium,</span> 
     </span>
     <span class='ocr_line' id='line_1_25' title="bbox 362 500 1769 553; baseline -0.001 -14"><span class='ocrx_word' id='word_1_92' title='bbox 362 502 549 540; x_wconf 88' lang='lat' dir='ltr'>destinato</span> <span class='ocrx_word' id='word_1_93' title='bbox 577 502 781 553; x_wconf 87' lang='lat' dir='ltr'>rebelliquc</span> <span class='ocrx_word' id='word_1_94' title='bbox 808 505 1022 552; x_wconf 88' lang='lat' dir='ltr'>contemptu</span> <span class='ocrx_word' id='word_1_95' title='bbox 1052 515 1118 539; x_wconf 92' lang='lat' dir='ltr'>suo</span> <span class='ocrx_word' id='word_1_96' title='bbox 1148 514 1308 546; x_wconf 86' lang='lat' dir='ltr'>rursum,</span> <span class='ocrx_word' id='word_1_97' title='bbox 1335 506 1399 539; x_wconf 88' lang='lat' dir='ltr'>aut</span> <span class='ocrx_word' id='word_1_98' title='bbox 1425 501 1592 553; x_wconf 81' lang='lat' dir='ltr'>ipsemet,</span> <span class='ocrx_word' id='word_1_99' title='bbox 1621 505 1684 538; x_wconf 88' lang='lat' dir='ltr'>aut</span> <span class='ocrx_word' id='word_1_100' title='bbox 1700 500 1769 538; x_wconf 88' lang='lat' dir='ltr'>ali-</span> 
     </span>
     <span class='ocr_line' id='line_1_26' title="bbox 362 565 1772 617; baseline -0.001 -13"><span class='ocrx_word' id='word_1_101' title='bbox 362 567 446 617; x_wconf 90' lang='lat' dir='ltr'>quis</span> <span class='ocrx_word' id='word_1_102' title='bbox 483 579 502 604; x_wconf 94' lang='lat' dir='ltr'>e</span> <span class='ocrx_word' id='word_1_103' title='bbox 537 579 606 604; x_wconf 90' lang='lat' dir='ltr'>suo</span> <span class='ocrx_word' id='word_1_104' title='bbox 643 567 783 604; x_wconf 87' lang='lat' dir='ltr'>semine</span> <span class='ocrx_word' id='word_1_105' title='bbox 819 579 841 603; x_wconf 86' lang='lat' dir='ltr'>a</span> <span class='ocrx_word' id='word_1_106' title='bbox 877 579 955 604; x_wconf 84' lang='lat' dir='ltr'>sese</span> <span class='ocrx_word' id='word_1_107' title='bbox 991 566 1232 617; x_wconf 86' lang='lat' dir='ltr'>propulisset.</span> <span class='ocrx_word' id='word_1_108' title='bbox 1286 566 1333 603; x_wconf 90' lang='lat' dir='ltr'>In</span> <span class='ocrx_word' id='word_1_109' title='bbox 1370 567 1454 603; x_wconf 88' lang='lat' dir='ltr'>Ada</span> <span class='ocrx_word' id='word_1_110' title='bbox 1480 566 1598 615; x_wconf 81' lang='lat' dir='ltr'>igitur</span> <span class='ocrx_word' id='word_1_111' title='bbox 1625 565 1707 617; x_wconf 89' lang='lat' dir='ltr'>ipso</span> <span class='ocrx_word' id='word_1_112' title='bbox 1736 570 1772 603; x_wconf 85' lang='lat' dir='ltr'>ct</span> 
     </span>
     <span class='ocr_line' id='line_1_27' title="bbox 363 620 1770 682; baseline -0.001 -14"><span class='ocrx_word' id='word_1_113' title='bbox 363 620 482 677; x_wconf 66' lang='lat' dir='ltr'>Hera,</span> <span class='ocrx_word' id='word_1_114' title='bbox 511 643 601 668; x_wconf 89' lang='lat' dir='ltr'>voce</span> <span class='ocrx_word' id='word_1_115' title='bbox 629 630 698 668; x_wconf 90' lang='lat' dir='ltr'>Dei</span> <span class='ocrx_word' id='word_1_116' title='bbox 726 631 880 676; x_wconf 87' lang='lat' dir='ltr'>vocatis,</span> <span class='ocrx_word' id='word_1_117' title='bbox 909 630 1030 682; x_wconf 89' lang='lat' dir='ltr'>coepit</span> <span class='ocrx_word' id='word_1_118' title='bbox 1060 644 1144 668; x_wconf 89' lang='lat' dir='ltr'>vera</span> <span class='ocrx_word' id='word_1_119' title='bbox 1172 631 1239 668; x_wconf 86' lang='lat' dir='ltr'>illa</span> <span class='ocrx_word' id='word_1_120' title='bbox 1267 630 1336 668; x_wconf 91' lang='lat' dir='ltr'>Dei</span> <span class='ocrx_word' id='word_1_121' title='bbox 1364 630 1545 677; x_wconf 86' lang='lat' dir='ltr'>Ecclesia,</span> <span class='ocrx_word' id='word_1_122' title='bbox 1574 630 1662 668; x_wconf 91' lang='lat' dir='ltr'>dum</span> <span class='ocrx_word' id='word_1_123' title='bbox 1682 643 1770 681; x_wconf 87' lang='lat' dir='ltr'>pro·</span> 
     </span>
     <span class='ocr_line' id='line_1_28' title="bbox 360 694 1771 745; baseline 0 -13"><span class='ocrx_word' id='word_1_124' title='bbox 360 695 535 733; x_wconf 85' lang='lat' dir='ltr'>missioni</span> <span class='ocrx_word' id='word_1_125' title='bbox 560 694 720 733; x_wconf 87' lang='lat' dir='ltr'>Divinae</span> <span class='ocrx_word' id='word_1_126' title='bbox 748 695 793 733; x_wconf 88' lang='lat' dir='ltr'>de</span> <span class='ocrx_word' id='word_1_127' title='bbox 821 696 949 732; x_wconf 80' lang='lat' dir='ltr'>futuro</span> <span class='ocrx_word' id='word_1_128' title='bbox 977 694 1132 732; x_wconf 86' lang='lat' dir='ltr'>salutari</span> <span class='ocrx_word' id='word_1_129' title='bbox 1161 696 1302 733; x_wconf 89' lang='lat' dir='ltr'>semine</span> <span class='ocrx_word' id='word_1_130' title='bbox 1329 695 1587 733; x_wconf 87' lang='lat' dir='ltr'>credidissent.</span> <span class='ocrx_word' id='word_1_131' title='bbox 1628 695 1771 745; x_wconf 84' lang='lat' dir='ltr'>Estque</span> 
     </span>
     <span class='ocr_line' id='line_1_29' title="bbox 363 759 1772 811; baseline 0 -14"><span class='ocrx_word' id='word_1_132' title='bbox 363 760 509 798; x_wconf 90' lang='lat' dir='ltr'>demum</span> <span class='ocrx_word' id='word_1_133' title='bbox 547 760 593 797; x_wconf 90' lang='lat' dir='ltr'>ab</span> <span class='ocrx_word' id='word_1_134' title='bbox 631 759 714 798; x_wconf 89' lang='lat' dir='ltr'>Ada</span> <span class='ocrx_word' id='word_1_135' title='bbox 750 759 833 811; x_wconf 90' lang='lat' dir='ltr'>ipso</span> <span class='ocrx_word' id='word_1_136' title='bbox 870 760 916 797; x_wconf 88' lang='lat' dir='ltr'>ad</span> <span class='ocrx_word' id='word_1_137' title='bbox 953 759 1054 797; x_wconf 85' lang='lat' dir='ltr'>Mosi</span> <span class='ocrx_word' id='word_1_138' title='bbox 1090 772 1210 810; x_wconf 90' lang='lat' dir='ltr'>usque</span> <span class='ocrx_word' id='word_1_139' title='bbox 1245 765 1413 810; x_wconf 85' lang='lat' dir='ltr'>tempora</span> <span class='ocrx_word' id='word_1_140' title='bbox 1448 763 1663 811; x_wconf 77' lang='lat' dir='ltr'>perpetuata</span> <span class='ocrx_word' id='word_1_141' title='bbox 1692 760 1772 797; x_wconf 89' lang='lat' dir='ltr'>sine</span> 
     </span>
     <span class='ocr_line' id='line_1_30' title="bbox 362 823 1769 874; baseline -0.001 -12"><span class='ocrx_word' id='word_1_142' title='bbox 362 824 439 862; x_wconf 89' lang='lat' dir='ltr'>ulla</span> <span class='ocrx_word' id='word_1_143' title='bbox 467 824 751 874; x_wconf 80' lang='lat' dir='ltr'>interruptione.</span> <span class='ocrx_word' id='word_1_144' title='bbox 781 823 971 862; x_wconf 84' lang='lat' dir='ltr'>Nimirum</span> <span class='ocrx_word' id='word_1_145' title='bbox 999 827 1084 861; x_wconf 90' lang='lat' dir='ltr'>ante</span> <span class='ocrx_word' id='word_1_146' title='bbox 1112 828 1270 861; x_wconf 89' lang='lat' dir='ltr'>mortem</span> <span class='ocrx_word' id='word_1_147' title='bbox 1296 824 1401 861; x_wconf 87' lang='lat' dir='ltr'>Adae</span> <span class='ocrx_word' id='word_1_148' title='bbox 1419 824 1490 861; x_wconf 87' lang='lat' dir='ltr'>fuit</span> <span class='ocrx_word' id='word_1_149' title='bbox 1509 823 1769 862; x_wconf 86' lang='lat' dir='ltr'>Mathusalem.</span> 
     </span>
     <span class='ocr_line' id='line_1_31' title="bbox 364 888 1772 939; baseline -0.001 -13"><span class='ocrx_word' id='word_1_150' title='bbox 364 889 528 926; x_wconf 87' lang='lat' dir='ltr'>Rursum</span> <span class='ocrx_word' id='word_1_151' title='bbox 556 894 642 926; x_wconf 86' lang='lat' dir='ltr'>ante</span> <span class='ocrx_word' id='word_1_152' title='bbox 670 888 781 926; x_wconf 87' lang='lat' dir='ltr'>huius</span> <span class='ocrx_word' id='word_1_153' title='bbox 809 893 966 926; x_wconf 88' lang='lat' dir='ltr'>mortem</span> <span class='ocrx_word' id='word_1_154' title='bbox 995 888 1067 926; x_wconf 87' lang='lat' dir='ltr'>fuit</span> <span class='ocrx_word' id='word_1_155' title='bbox 1094 888 1220 934; x_wconf 88' lang='lat' dir='ltr'>Noah,</span> <span class='ocrx_word' id='word_1_156' title='bbox 1248 888 1312 939; x_wconf 87' lang='lat' dir='ltr'>qui</span> <span class='ocrx_word' id='word_1_157' title='bbox 1341 889 1426 925; x_wconf 89' lang='lat' dir='ltr'>Sem</span> <span class='ocrx_word' id='word_1_158' title='bbox 1453 888 1530 926; x_wconf 90' lang='lat' dir='ltr'>filio</span> <span class='ocrx_word' id='word_1_159' title='bbox 1550 900 1616 925; x_wconf 92' lang='lat' dir='ltr'>suo</span> <span class='ocrx_word' id='word_1_160' title='bbox 1641 888 1772 926; x_wconf 86' lang='lat' dir='ltr'>Eccle-</span> 
     </span>
     <span class='ocr_line' id='line_1_32' title="bbox 365 952 1771 1003; baseline 0 -13"><span class='ocrx_word' id='word_1_161' title='bbox 365 953 440 991; x_wconf 81' lang='lat' dir='ltr'>siae</span> <span class='ocrx_word' id='word_1_162' title='bbox 469 954 677 991; x_wconf 83' lang='lat' dir='ltr'>doctrinam</span> <span class='ocrx_word' id='word_1_163' title='bbox 706 953 818 990; x_wconf 90' lang='lat' dir='ltr'>fidem</span> <span class='ocrx_word' id='word_1_164' title='bbox 847 966 889 990; x_wconf 89' lang='lat' dir='ltr'>ac</span> <span class='ocrx_word' id='word_1_165' title='bbox 919 966 1042 990; x_wconf 89' lang='lat' dir='ltr'>curam</span> <span class='ocrx_word' id='word_1_166' title='bbox 1072 953 1237 1003; x_wconf 85' lang='lat' dir='ltr'>reliquit.</span> <span class='ocrx_word' id='word_1_167' title='bbox 1291 953 1330 990; x_wconf 94' lang='lat' dir='ltr'>Is</span> <span class='ocrx_word' id='word_1_168' title='bbox 1359 966 1445 990; x_wconf 91' lang='lat' dir='ltr'>vero</span> <span class='ocrx_word' id='word_1_169' title='bbox 1476 952 1651 990; x_wconf 81' lang='lat' dir='ltr'>Abrahae</span> <span class='ocrx_word' id='word_1_170' title='bbox 1677 958 1771 991; x_wconf 87' lang='lat' dir='ltr'>tem-</span> 
     </span>
     <span class='ocr_line' id='line_1_33' title="bbox 363 1017 1770 1069; baseline 0 -14"><span class='ocrx_word' id='word_1_171' title='bbox 363 1031 454 1069; x_wconf 90' lang='lat' dir='ltr'>pora</span> <span class='ocrx_word' id='word_1_172' title='bbox 482 1018 620 1066; x_wconf 76' lang='lat' dir='ltr'>attigit,</span> <span class='ocrx_word' id='word_1_173' title='bbox 647 1017 813 1068; x_wconf 86' lang='lat' dir='ltr'>adeoque</span> <span class='ocrx_word' id='word_1_174' title='bbox 841 1020 900 1066; x_wconf 83' lang='lat'>(5)</span> <span class='ocrx_word' id='word_1_175' title='bbox 929 1031 1004 1055; x_wconf 87' lang='lat' dir='ltr'>non</span> <span class='ocrx_word' id='word_1_176' title='bbox 1034 1022 1119 1055; x_wconf 87' lang='lat' dir='ltr'>ante</span> <span class='ocrx_word' id='word_1_177' title='bbox 1148 1017 1263 1054; x_wconf 83' lang='lat' dir='ltr'>Iacob</span> <span class='ocrx_word' id='word_1_178' title='bbox 1291 1021 1457 1068; x_wconf 86' lang='lat' dir='ltr'>tempora</span> <span class='ocrx_word' id='word_1_179' title='bbox 1486 1031 1504 1055; x_wconf 89' lang='lat' dir='ltr'>e</span> <span class='ocrx_word' id='word_1_180' title='bbox 1533 1017 1625 1055; x_wconf 84' lang='lat' dir='ltr'>vivis</span> <span class='ocrx_word' id='word_1_181' title='bbox 1645 1031 1770 1055; x_wconf 83' lang='lat' dir='ltr'>exces-</span> 
     </span>
     <span class='ocr_line' id='line_1_34' title="bbox 366 1081 1773 1133; baseline -0.001 -13"><span class='ocrx_word' id='word_1_182' title='bbox 366 1083 428 1120; x_wconf 85' lang='lat' dir='ltr'>sit.</span> <span class='ocrx_word' id='word_1_183' title='bbox 466 1083 583 1119; x_wconf 89' lang='lat' dir='ltr'>Porro</span> <span class='ocrx_word' id='word_1_184' title='bbox 613 1095 697 1120; x_wconf 90' lang='lat' dir='ltr'>cum</span> <span class='ocrx_word' id='word_1_185' title='bbox 727 1082 840 1119; x_wconf 83' lang='lat' dir='ltr'>Iacob</span> <span class='ocrx_word' id='word_1_186' title='bbox 868 1082 908 1119; x_wconf 92' lang='lat' dir='ltr'>in</span> <span class='ocrx_word' id='word_1_187' title='bbox 937 1083 1149 1133; x_wconf 76' lang='lat' dir='ltr'>Aegyptum</span> <span class='ocrx_word' id='word_1_188' title='bbox 1179 1081 1370 1119; x_wconf 85' lang='lat' dir='ltr'>descendit</span> <span class='ocrx_word' id='word_1_189' title='bbox 1396 1082 1530 1120; x_wconf 83' lang='lat' dir='ltr'>Kahad</span> <span class='ocrx_word' id='word_1_190' title='bbox 1549 1082 1648 1120; x_wconf 88' lang='lat' dir='ltr'>filius</span> <span class='ocrx_word' id='word_1_191' title='bbox 1668 1082 1773 1128; x_wconf 88' lang='lat' dir='ltr'>Levi,</span> 
     </span>
     <span class='ocr_line' id='line_1_35' title="bbox 366 1146 1771 1198; baseline 0 -14"><span class='ocrx_word' id='word_1_192' title='bbox 366 1147 431 1198; x_wconf 90' lang='lat' dir='ltr'>qui</span> <span class='ocrx_word' id='word_1_193' title='bbox 458 1151 585 1197; x_wconf 86' lang='lat' dir='ltr'>postea</span> <span class='ocrx_word' id='word_1_194' title='bbox 614 1148 768 1184; x_wconf 89' lang='lat' dir='ltr'>Amram</span> <span class='ocrx_word' id='word_1_195' title='bbox 795 1151 935 1197; x_wconf 84' lang='lat' dir='ltr'>patrem</span> <span class='ocrx_word' id='word_1_196' title='bbox 968 1146 1066 1183; x_wconf 91' lang='lat' dir='ltr'>Mosi</span> <span class='ocrx_word' id='word_1_197' title='bbox 1094 1147 1237 1195; x_wconf 82' lang='lat' dir='ltr'>genuit.</span> <span class='ocrx_word' id='word_1_198' title='bbox 1282 1147 1350 1184; x_wconf 90' lang='lat' dir='ltr'>Per</span> <span class='ocrx_word' id='word_1_199' title='bbox 1381 1146 1523 1184; x_wconf 89' lang='lat' dir='ltr'>Mosem</span> <span class='ocrx_word' id='word_1_200' title='bbox 1544 1152 1663 1183; x_wconf 86' lang='lat' dir='ltr'>autem</span> <span class='ocrx_word' id='word_1_201' title='bbox 1686 1147 1771 1184; x_wconf 81' lang='lat' dir='ltr'>data</span> 
     </span>
     <span class='ocr_line' id='line_1_36' title="bbox 365 1209 1772 1261; baseline 0 -13"><span class='ocrx_word' id='word_1_202' title='bbox 365 1211 424 1248; x_wconf 77' lang='lat' dir='ltr'>lex</span> <span class='ocrx_word' id='word_1_203' title='bbox 454 1211 499 1248; x_wconf 90' lang='lat' dir='ltr'>ad</span> <span class='ocrx_word' id='word_1_204' title='bbox 530 1210 719 1248; x_wconf 85' lang='lat' dir='ltr'>Christum</span> <span class='ocrx_word' id='word_1_205' title='bbox 747 1223 864 1261; x_wconf 91' lang='lat' dir='ltr'>usque</span> <span class='ocrx_word' id='word_1_206' title='bbox 892 1224 975 1247; x_wconf 85' lang='lat' dir='ltr'>cum</span> <span class='ocrx_word' id='word_1_207' title='bbox 1001 1210 1078 1247; x_wconf 90' lang='lat' dir='ltr'>suis</span> <span class='ocrx_word' id='word_1_208' title='bbox 1108 1209 1328 1247; x_wconf 82' lang='lat' dir='ltr'>ceremoniis</span> <span class='ocrx_word' id='word_1_209' title='bbox 1356 1210 1514 1249; x_wconf 86' lang='lat' dir='ltr'>duravit.</span> <span class='ocrx_word' id='word_1_210' title='bbox 1554 1210 1602 1247; x_wconf 89' lang='lat' dir='ltr'>Et</span> <span class='ocrx_word' id='word_1_211' title='bbox 1630 1211 1772 1248; x_wconf 86' lang='lat' dir='ltr'>Christi</span> 
     </span>
     <span class='ocr_line' id='line_1_37' title="bbox 366 1275 1771 1326; baseline -0.001 -14"><span class='ocrx_word' id='word_1_212' title='bbox 366 1275 520 1313; x_wconf 88' lang='lat' dir='ltr'>Domini</span> <span class='ocrx_word' id='word_1_213' title='bbox 554 1275 830 1313; x_wconf 84' lang='lat' dir='ltr'>administratio</span> <span class='ocrx_word' id='word_1_214' title='bbox 865 1289 930 1326; x_wconf 89' lang='lat' dir='ltr'>per</span> <span class='ocrx_word' id='word_1_215' title='bbox 969 1275 1172 1325; x_wconf 81' lang='lat' dir='ltr'>Apostolos</span> <span class='ocrx_word' id='word_1_216' title='bbox 1201 1275 1348 1312; x_wconf 88' lang='lat' dir='ltr'>demum</span> <span class='ocrx_word' id='word_1_217' title='bbox 1379 1275 1574 1312; x_wconf 79' lang='lat' dir='ltr'>observata</span> <span class='ocrx_word' id='word_1_218' title='bbox 1603 1276 1771 1313; x_wconf 85' lang='lat' dir='ltr'>nondum</span> 
     </span>
     <span class='ocr_line' id='line_1_38' title="bbox 366 1338 1771 1390; baseline -0.001 -13"><span class='ocrx_word' id='word_1_219' title='bbox 366 1339 535 1385; x_wconf 84' lang='lat' dir='ltr'>cessavit,</span> <span class='ocrx_word' id='word_1_220' title='bbox 562 1352 682 1389; x_wconf 86' lang='lat' dir='ltr'>neque</span> <span class='ocrx_word' id='word_1_221' title='bbox 710 1352 853 1376; x_wconf 86' lang='lat' dir='ltr'>cessare</span> <span class='ocrx_word' id='word_1_222' title='bbox 879 1344 1015 1389; x_wconf 81' lang='lat' dir='ltr'>potest,</span> <span class='ocrx_word' id='word_1_223' title='bbox 1043 1339 1107 1376; x_wconf 89' lang='lat' dir='ltr'>sed</span> <span class='ocrx_word' id='word_1_224' title='bbox 1127 1343 1182 1376; x_wconf 89' lang='lat' dir='ltr'>est</span> <span class='ocrx_word' id='word_1_225' title='bbox 1203 1338 1380 1375; x_wconf 85' lang='lat' dir='ltr'>duratura</span> <span class='ocrx_word' id='word_1_226' title='bbox 1397 1338 1435 1376; x_wconf 91' lang='lat' dir='ltr'>in</span> <span class='ocrx_word' id='word_1_227' title='bbox 1455 1343 1659 1384; x_wconf 83' lang='lat' dir='ltr'>aeternum,</span> <span class='ocrx_word' id='word_1_228' title='bbox 1679 1353 1771 1390; x_wconf 91' lang='lat' dir='ltr'>qua-</span> 
     </span>
     <span class='ocr_line' id='line_1_39' title="bbox 365 1402 1772 1454; baseline -0.001 -13"><span class='ocrx_word' id='word_1_229' title='bbox 365 1408 474 1442; x_wconf 86' lang='lat' dir='ltr'>tenus</span> <span class='ocrx_word' id='word_1_230' title='bbox 510 1403 682 1454; x_wconf 87' lang='lat' dir='ltr'>equidem</span> <span class='ocrx_word' id='word_1_231' title='bbox 711 1403 885 1452; x_wconf 81' lang='lat' dir='ltr'>Regnum</span> <span class='ocrx_word' id='word_1_232' title='bbox 915 1402 1058 1440; x_wconf 88' lang='lat' dir='ltr'>Christi</span> <span class='ocrx_word' id='word_1_233' title='bbox 1087 1407 1142 1440; x_wconf 88' lang='lat' dir='ltr'>est</span> <span class='ocrx_word' id='word_1_234' title='bbox 1170 1416 1327 1451; x_wconf 75' lang='lat' dir='ltr'>regnum</span> <span class='ocrx_word' id='word_1_235' title='bbox 1353 1403 1522 1440; x_wconf 84' lang='lat' dir='ltr'>omnium</span> <span class='ocrx_word' id='word_1_236' title='bbox 1550 1404 1772 1447; x_wconf 88' lang='lat' dir='ltr'>seculorum,</span> 
     </span>
     <span class='ocr_line' id='line_1_40' title="bbox 368 1467 1773 1519; baseline 0.001 -14"><span class='ocrx_word' id='word_1_237' title='bbox 368 1481 487 1519; x_wconf 87' lang='lat' dir='ltr'>neque</span> <span class='ocrx_word' id='word_1_238' title='bbox 514 1468 601 1505; x_wconf 90' lang='lat' dir='ltr'>ullis</span> <span class='ocrx_word' id='word_1_239' title='bbox 627 1481 791 1518; x_wconf 89' lang='lat' dir='ltr'>unquam</span> <span class='ocrx_word' id='word_1_240' title='bbox 821 1472 1030 1518; x_wconf 81' lang='lat' dir='ltr'>temporum</span> <span class='ocrx_word' id='word_1_241' title='bbox 1057 1467 1197 1504; x_wconf 83' lang='lat' dir='ltr'>finibus</span> <span class='ocrx_word' id='word_1_242' title='bbox 1224 1467 1367 1504; x_wconf 87' lang='lat' dir='ltr'>includi</span> <span class='ocrx_word' id='word_1_243' title='bbox 1393 1470 1528 1518; x_wconf 87' lang='lat' dir='ltr'>potest.</span> <span class='ocrx_word' id='word_1_244' title='bbox 1565 1468 1699 1518; x_wconf 76' lang='lat' dir='ltr'>Neque</span> <span class='ocrx_word' id='word_1_245' title='bbox 1717 1474 1773 1506; x_wconf 89' lang='lat' dir='ltr'>est</span> 
     </span>
     <span class='ocr_line' id='line_1_41' title="bbox 366 1531 1772 1582; baseline -0.001 -12"><span class='ocrx_word' id='word_1_246' title='bbox 366 1533 439 1570; x_wconf 89' lang='lat' dir='ltr'>alia</span> <span class='ocrx_word' id='word_1_247' title='bbox 476 1546 575 1571; x_wconf 90' lang='lat' dir='ltr'>nunc</span> <span class='ocrx_word' id='word_1_248' title='bbox 612 1532 753 1570; x_wconf 86' lang='lat' dir='ltr'>Christi</span> <span class='ocrx_word' id='word_1_249' title='bbox 790 1531 944 1570; x_wconf 89' lang='lat' dir='ltr'>Domini</span> <span class='ocrx_word' id='word_1_250' title='bbox 981 1531 1160 1576; x_wconf 81' lang='lat' dir='ltr'>Ecclesia,</span> <span class='ocrx_word' id='word_1_251' title='bbox 1188 1545 1299 1582; x_wconf 88' lang='lat' dir='ltr'>quam</span> <span class='ocrx_word' id='word_1_252' title='bbox 1329 1531 1418 1569; x_wconf 89' lang='lat' dir='ltr'>olim</span> <span class='ocrx_word' id='word_1_253' title='bbox 1447 1532 1516 1570; x_wconf 92' lang='lat' dir='ltr'>sub</span> <span class='ocrx_word' id='word_1_254' title='bbox 1545 1532 1772 1570; x_wconf 85' lang='lat' dir='ltr'>Patriarchis</span> 
     </span>
     <span class='ocr_line' id='line_1_42' title="bbox 367 1595 1771 1647; baseline -0.001 -12"><span class='ocrx_word' id='word_1_255' title='bbox 367 1603 402 1635; x_wconf 80' lang='lat' dir='ltr'>et</span> <span class='ocrx_word' id='word_1_256' title='bbox 432 1597 539 1635; x_wconf 89' lang='lat' dir='ltr'>Mose</span> <span class='ocrx_word' id='word_1_257' title='bbox 566 1602 656 1643; x_wconf 84' lang='lat' dir='ltr'>erat,</span> <span class='ocrx_word' id='word_1_258' title='bbox 684 1597 829 1634; x_wconf 85' lang='lat' dir='ltr'>etiamsi</span> <span class='ocrx_word' id='word_1_259' title='bbox 857 1597 978 1633; x_wconf 88' lang='lat' dir='ltr'>cultus</span> <span class='ocrx_word' id='word_1_260' title='bbox 1006 1596 1135 1634; x_wconf 84' lang='lat' dir='ltr'>Divini</span> <span class='ocrx_word' id='word_1_261' title='bbox 1164 1595 1333 1645; x_wconf 81' lang='lat' dir='ltr'>symbola</span> <span class='ocrx_word' id='word_1_262' title='bbox 1361 1600 1471 1647; x_wconf 88' lang='lat' dir='ltr'>atque</span> <span class='ocrx_word' id='word_1_263' title='bbox 1490 1598 1671 1635; x_wconf 82' lang='lat' dir='ltr'>elementa</span> <span class='ocrx_word' id='word_1_264' title='bbox 1689 1611 1771 1634; x_wconf 87' lang='lat' dir='ltr'>mu-</span> 
     </span>
     <span class='ocr_line' id='line_1_43' title="bbox 367 1650 1770 1711; baseline -0.001 -13"><span class='ocrx_word' id='word_1_265' title='bbox 367 1666 444 1698; x_wconf 89' lang='lat' dir='ltr'>tata</span> <span class='ocrx_word' id='word_1_266' title='bbox 472 1674 573 1698; x_wconf 91' lang='lat' dir='ltr'>nunc</span> <span class='ocrx_word' id='word_1_267' title='bbox 594 1650 665 1711; x_wconf 84' lang='lat' dir='ltr'>per</span> <span class='ocrx_word' id='word_1_268' title='bbox 693 1660 882 1697; x_wconf 86' lang='lat' dir='ltr'>Christum</span> <span class='ocrx_word' id='word_1_269' title='bbox 914 1659 1129 1698; x_wconf 86' lang='lat' dir='ltr'>habeamus.</span> <span class='ocrx_word' id='word_1_270' title='bbox 1168 1660 1359 1697; x_wconf 78' lang='lat' dir='ltr'>Postrema,</span> <span class='ocrx_word' id='word_1_271' title='bbox 1387 1660 1486 1697; x_wconf 87' lang='lat' dir='ltr'>enim</span> <span class='ocrx_word' id='word_1_272' title='bbox 1505 1660 1626 1698; x_wconf 88' lang='lat' dir='ltr'>cultus</span> <span class='ocrx_word' id='word_1_273' title='bbox 1646 1660 1770 1697; x_wconf 89' lang='lat' dir='ltr'>Divini</span> 
     </span>
     <span class='ocr_line' id='line_1_44' title="bbox 366 1724 1773 1777; baseline -0.001 -14"><span class='ocrx_word' id='word_1_274' title='bbox 366 1739 453 1777; x_wconf 88' lang='lat' dir='ltr'>pars</span> <span class='ocrx_word' id='word_1_275' title='bbox 489 1730 577 1763; x_wconf 91' lang='lat' dir='ltr'>sunt</span> <span class='ocrx_word' id='word_1_276' title='bbox 612 1725 714 1762; x_wconf 90' lang='lat' dir='ltr'>illius</span> <span class='ocrx_word' id='word_1_277' title='bbox 751 1724 920 1774; x_wconf 79' lang='lat' dir='ltr'>symbola</span> <span class='ocrx_word' id='word_1_278' title='bbox 958 1729 994 1761; x_wconf 91' lang='lat' dir='ltr'>et</span> <span class='ocrx_word' id='word_1_279' title='bbox 1029 1724 1396 1767; x_wconf 80' lang='lat' dir='ltr'>e1e1nenta‚tantu1n</span> <span class='ocrx_word' id='word_1_280' title='bbox 1423 1725 1528 1762; x_wconf 85' lang='lat' dir='ltr'>abest</span> <span class='ocrx_word' id='word_1_281' title='bbox 1555 1730 1596 1762; x_wconf 89' lang='lat' dir='ltr'>ut</span> <span class='ocrx_word' id='word_1_282' title='bbox 1623 1729 1773 1776; x_wconf 87' lang='lat' dir='ltr'>propter</span> 
     </span>
     <span class='ocr_line' id='line_1_45' title="bbox 368 1789 1771 1841; baseline 0 -13"><span class='ocrx_word' id='word_1_283' title='bbox 368 1805 496 1829; x_wconf 87' lang='lat' dir='ltr'>eorum</span> <span class='ocrx_word' id='word_1_284' title='bbox 537 1790 796 1830; x_wconf 81' lang='lat' dir='ltr'>mutationem.</span> <span class='ocrx_word' id='word_1_285' title='bbox 841 1803 863 1826; x_wconf 87' lang='lat' dir='ltr'>a</span> <span class='ocrx_word' id='word_1_286' title='bbox 900 1789 1050 1826; x_wconf 87' lang='lat' dir='ltr'>Christo</span> <span class='ocrx_word' id='word_1_287' title='bbox 1086 1789 1304 1839; x_wconf 84' lang='lat' dir='ltr'>praesertim</span> <span class='ocrx_word' id='word_1_288' title='bbox 1340 1790 1564 1834; x_wconf 88' lang='lat' dir='ltr'>institutam,</span> <span class='ocrx_word' id='word_1_289' title='bbox 1610 1790 1771 1841; x_wconf 79' lang='lat' dir='ltr'>aliquam</span> 
     </span>
     <span class='ocr_line' id='line_1_46' title="bbox 369 1853 1190 1903; baseline -0.001 -10"><span class='ocrx_word' id='word_1_290' title='bbox 369 1855 620 1894; x_wconf 72' lang='lat' dir='ltr'>Ecclesiarum</span> <span class='ocrx_word' id='word_1_291' title='bbox 649 1854 900 1892; x_wconf 78' lang='lat' dir='ltr'>diversitatem</span> <span class='ocrx_word' id='word_1_292' title='bbox 930 1853 1190 1903; x_wconf 75' lang='lat' dir='ltr'>imaginemur.</span> 
     </span>
    </p>
   </div>
   <div class='ocr_carea' id='block_1_13' title="bbox 370 2306 1772 2870">
    <p class='ocr_par' dir='ltr' id='par_1_15' title="bbox 370 2306 1772 2870">
     <span class='ocr_line' id='line_1_47' title="bbox 421 2306 1771 2356; baseline -0.003 -11"><span class='ocrx_word' id='word_1_293' title='bbox 421 2307 602 2345; x_wconf 85' lang='lat' dir='ltr'>Doctrina</span> <span class='ocrx_word' id='word_1_294' title='bbox 640 2311 675 2344; x_wconf 91' lang='lat' dir='ltr'>et</span> <span class='ocrx_word' id='word_1_295' title='bbox 709 2307 802 2344; x_wconf 89' lang='lat' dir='ltr'>fides</span> <span class='ocrx_word' id='word_1_296' title='bbox 838 2310 980 2344; x_wconf 84' lang='lat' dir='ltr'>mutata</span> <span class='ocrx_word' id='word_1_297' title='bbox 1017 2310 1134 2344; x_wconf 89' lang='lat' dir='ltr'>mutat</span> <span class='ocrx_word' id='word_1_298' title='bbox 1170 2306 1390 2348; x_wconf 82' lang='lat' dir='ltr'>Ecclesiam,</span> <span class='ocrx_word' id='word_1_299' title='bbox 1426 2319 1519 2356; x_wconf 85' lang='lat' dir='ltr'>quae</span> <span class='ocrx_word' id='word_1_300' title='bbox 1557 2319 1639 2343; x_wconf 87' lang='lat' dir='ltr'>cum</span> <span class='ocrx_word' id='word_1_301' title='bbox 1669 2306 1771 2342; x_wconf 82' lang='lat' dir='ltr'>nulla</span> 
     </span>
     <span class='ocr_line' id='line_1_48' title="bbox 371 2370 1770 2424; baseline -0.003 -14"><span class='ocrx_word' id='word_1_302' title='bbox 371 2386 415 2410; x_wconf 84' lang='lat' dir='ltr'>ex</span> <span class='ocrx_word' id='word_1_303' title='bbox 451 2377 555 2424; x_wconf 87' lang='lat' dir='ltr'>parte</span> <span class='ocrx_word' id='word_1_304' title='bbox 591 2375 735 2410; x_wconf 86' lang='lat' dir='ltr'>mutata</span> <span class='ocrx_word' id='word_1_305' title='bbox 771 2371 818 2408; x_wconf 89' lang='lat' dir='ltr'>sit</span> <span class='ocrx_word' id='word_1_306' title='bbox 854 2384 1020 2421; x_wconf 88' lang='lat' dir='ltr'>prorsus,</span> <span class='ocrx_word' id='word_1_307' title='bbox 1053 2370 1117 2408; x_wconf 85' lang='lat' dir='ltr'>sed</span> <span class='ocrx_word' id='word_1_308' title='bbox 1152 2371 1337 2408; x_wconf 81' lang='lat' dir='ltr'>illustrata</span> <span class='ocrx_word' id='word_1_309' title='bbox 1372 2371 1508 2421; x_wconf 86' lang='lat' dir='ltr'>potius,</span> <span class='ocrx_word' id='word_1_310' title='bbox 1545 2383 1608 2420; x_wconf 89' lang='lat' dir='ltr'>per</span> <span class='ocrx_word' id='word_1_311' title='bbox 1643 2383 1770 2407; x_wconf 85' lang='lat' dir='ltr'>eorum</span> 
     </span>
     <span class='ocr_line' id='line_1_49' title="bbox 371 2434 1770 2485; baseline -0.003 -10"><span class='ocrx_word' id='word_1_312' title='bbox 371 2437 537 2475; x_wconf 89' lang='lat' dir='ltr'>omnium</span> <span class='ocrx_word' id='word_1_313' title='bbox 576 2436 844 2474; x_wconf 79' lang='lat' dir='ltr'>exhibitionem</span> <span class='ocrx_word' id='word_1_314' title='bbox 880 2436 919 2472; x_wconf 89' lang='lat' dir='ltr'>in</span> <span class='ocrx_word' id='word_1_315' title='bbox 957 2436 1120 2480; x_wconf 86' lang='lat' dir='ltr'>Christo,</span> <span class='ocrx_word' id='word_1_316' title='bbox 1157 2448 1250 2485; x_wconf 88' lang='lat' dir='ltr'>quae</span> <span class='ocrx_word' id='word_1_317' title='bbox 1278 2435 1367 2471; x_wconf 84' lang='lat' dir='ltr'>olim</span> <span class='ocrx_word' id='word_1_318' title='bbox 1393 2435 1429 2472; x_wconf 90' lang='lat' dir='ltr'>in</span> <span class='ocrx_word' id='word_1_319' title='bbox 1459 2434 1770 2485; x_wconf 71' lang='lat' dir='ltr'>promissionibus</span> 
     </span>
     <span class='ocr_line' id='line_1_50' title="bbox 370 2498 1772 2551; baseline -0.003 -12"><span class='ocrx_word' id='word_1_320' title='bbox 370 2502 507 2539; x_wconf 88' lang='lat' dir='ltr'>tradita</span> <span class='ocrx_word' id='word_1_321' title='bbox 551 2500 856 2551; x_wconf 83' lang='lat' dir='ltr'>expectabantur,</span> <span class='ocrx_word' id='word_1_322' title='bbox 900 2500 1243 2550; x_wconf 81' lang='lat' dir='ltr'>expectationisque</span> <span class='ocrx_word' id='word_1_323' title='bbox 1279 2499 1389 2536; x_wconf 88' lang='lat' dir='ltr'>huius</span> <span class='ocrx_word' id='word_1_324' title='bbox 1425 2512 1511 2535; x_wconf 89' lang='lat' dir='ltr'>suae</span> <span class='ocrx_word' id='word_1_325' title='bbox 1546 2498 1666 2548; x_wconf 85' lang='lat' dir='ltr'>typica</span> <span class='ocrx_word' id='word_1_326' title='bbox 1706 2512 1772 2536; x_wconf 86' lang='lat' dir='ltr'>sua</span> 
     </span>
     <span class='ocr_line' id='line_1_51' title="bbox 373 2562 1771 2615; baseline -0.001 -13"><span class='ocrx_word' id='word_1_327' title='bbox 373 2565 541 2615; x_wconf 70' lang='lat' dir='ltr'>symbola</span> <span class='ocrx_word' id='word_1_328' title='bbox 570 2570 680 2615; x_wconf 90' lang='lat' dir='ltr'>atque</span> <span class='ocrx_word' id='word_1_329' title='bbox 707 2565 886 2602; x_wconf 86' lang='lat' dir='ltr'>elementa</span> <span class='ocrx_word' id='word_1_330' title='bbox 915 2564 1116 2607; x_wconf 84' lang='lat' dir='ltr'>habebant,</span> <span class='ocrx_word' id='word_1_331' title='bbox 1143 2564 1194 2601; x_wconf 86' lang='lat' dir='ltr'>ita</span> <span class='ocrx_word' id='word_1_332' title='bbox 1221 2564 1371 2600; x_wconf 88' lang='lat' dir='ltr'>illorum</span> <span class='ocrx_word' id='word_1_333' title='bbox 1400 2562 1568 2605; x_wconf 81' lang='lat' dir='ltr'>mutatio,</span> <span class='ocrx_word' id='word_1_334' title='bbox 1586 2576 1679 2613; x_wconf 88' lang='lat' dir='ltr'>quae</span> <span class='ocrx_word' id='word_1_335' title='bbox 1696 2577 1771 2600; x_wconf 87' lang='lat' dir='ltr'>rem</span> 
     </span>
     <span class='ocr_line' id='line_1_52' title="bbox 371 2626 1770 2678; baseline -0.001 -12"><span class='ocrx_word' id='word_1_336' title='bbox 371 2630 534 2667; x_wconf 85' lang='lat' dir='ltr'>futuram</span> <span class='ocrx_word' id='word_1_337' title='bbox 562 2628 851 2674; x_wconf 85' lang='lat' dir='ltr'>adumbrabant,</span> <span class='ocrx_word' id='word_1_338' title='bbox 879 2631 1122 2678; x_wconf 85' lang='lat' dir='ltr'>posteaquam</span> <span class='ocrx_word' id='word_1_339' title='bbox 1150 2641 1207 2664; x_wconf 87' lang='lat' dir='ltr'>res</span> <span class='ocrx_word' id='word_1_340' title='bbox 1234 2627 1313 2678; x_wconf 86' lang='lat' dir='ltr'>ipsa</span> <span class='ocrx_word' id='word_1_341' title='bbox 1341 2639 1383 2663; x_wconf 86' lang='lat' dir='ltr'>ac</span> <span class='ocrx_word' id='word_1_342' title='bbox 1411 2626 1545 2663; x_wconf 86' lang='lat' dir='ltr'>veritas</span> <span class='ocrx_word' id='word_1_343' title='bbox 1563 2626 1600 2663; x_wconf 90' lang='lat' dir='ltr'>in</span> <span class='ocrx_word' id='word_1_344' title='bbox 1623 2627 1770 2664; x_wconf 83' lang='lat' dir='ltr'>Christo</span> 
     </span>
     <span class='ocr_line' id='line_1_53' title="bbox 371 2690 1770 2737; baseline -0.002 -7"><span class='ocrx_word' id='word_1_345' title='bbox 371 2692 537 2730; x_wconf 84' lang='lat' dir='ltr'>exhibita</span> <span class='ocrx_word' id='word_1_346' title='bbox 582 2697 689 2735; x_wconf 85' lang='lat' dir='ltr'>esset,</span> <span class='ocrx_word' id='word_1_347' title='bbox 735 2705 812 2729; x_wconf 89' lang='lat' dir='ltr'>non</span> <span class='ocrx_word' id='word_1_348' title='bbox 857 2691 945 2728; x_wconf 86' lang='lat' dir='ltr'>fecit</span> <span class='ocrx_word' id='word_1_349' title='bbox 990 2704 1132 2729; x_wconf 85' lang='lat' dir='ltr'>cessare</span> <span class='ocrx_word' id='word_1_350' title='bbox 1170 2695 1327 2729; x_wconf 86' lang='lat' dir='ltr'>veterem</span> <span class='ocrx_word' id='word_1_351' title='bbox 1366 2690 1670 2737; x_wconf 79' lang='lat' dir='ltr'>Eccle-(6)siam,</span> <span class='ocrx_word' id='word_1_352' title='bbox 1707 2691 1770 2728; x_wconf 85' lang='lat' dir='ltr'>sed</span> 
     </span>
     <span class='ocr_line' id='line_1_54' title="bbox 372 2753 1772 2805; baseline -0.002 -11"><span class='ocrx_word' id='word_1_353' title='bbox 372 2757 524 2794; x_wconf 90' lang='lat' dir='ltr'>eandem</span> <span class='ocrx_word' id='word_1_354' title='bbox 564 2756 772 2793; x_wconf 86' lang='lat' dir='ltr'>doctrinam</span> <span class='ocrx_word' id='word_1_355' title='bbox 813 2768 856 2792; x_wconf 89' lang='lat' dir='ltr'>ac</span> <span class='ocrx_word' id='word_1_356' title='bbox 892 2755 1001 2792; x_wconf 87' lang='lat' dir='ltr'>fidem</span> <span class='ocrx_word' id='word_1_357' title='bbox 1039 2754 1204 2792; x_wconf 87' lang='lat' dir='ltr'>inductis</span> <span class='ocrx_word' id='word_1_358' title='bbox 1241 2754 1294 2791; x_wconf 87' lang='lat' dir='ltr'>rei</span> <span class='ocrx_word' id='word_1_359' title='bbox 1330 2754 1402 2790; x_wconf 85' lang='lat' dir='ltr'>iam</span> <span class='ocrx_word' id='word_1_360' title='bbox 1439 2753 1640 2797; x_wconf 82' lang='lat' dir='ltr'>exhibitae,</span> <span class='ocrx_word' id='word_1_361' title='bbox 1678 2767 1772 2805; x_wconf 88' lang='lat' dir='ltr'>quae</span> 
     </span>
     <span class='ocr_line' id='line_1_55' title="bbox 377 2816 1614 2870; baseline -0.002 -12"><span class='ocrx_word' id='word_1_362' title='bbox 377 2824 486 2858; x_wconf 86' lang='lat' dir='ltr'>antea</span> <span class='ocrx_word' id='word_1_363' title='bbox 514 2819 793 2870; x_wconf 80' lang='lat' dir='ltr'>expectabatur,</span> <span class='ocrx_word' id='word_1_364' title='bbox 822 2818 1003 2869; x_wconf 80' lang='lat' dir='ltr'>symbolis</span> <span class='ocrx_word' id='word_1_365' title='bbox 1030 2822 1141 2868; x_wconf 85' lang='lat' dir='ltr'>atque</span> <span class='ocrx_word' id='word_1_366' title='bbox 1168 2817 1371 2861; x_wconf 81' lang='lat' dir='ltr'>elementis,</span> <span class='ocrx_word' id='word_1_367' title='bbox 1398 2816 1614 2855; x_wconf 81' lang='lat' dir='ltr'>illustravit.</span> 
     </span>
    </p>
   </div>
  </div>
 </body>
</html>
