1830 3147
181 161 228 195 20

182 269 314 306 merito
350 268 555 318 opponant.
613 263 747 315 Neque
776 263 932 301 dubium
960 271 1069 308 essct,
1098 262 1209 300 facilc
1235 261 1365 301 induci
1393 274 1501 314 posse
1531 260 1723 300 doctrinae

185 332 471 372 consensionem
498 328 833 381 (quemadmodum
862 327 941 366 eius
968 328 1023 366 rei
1051 340 1153 379 spem
1179 327 1347 366 Bucerus
1367 326 1457 365 olim
1474 326 1515 364 in
1536 329 1725 365 conventu

185 396 520 436 Schmalcaldiensi
556 394 751 443 faciebat),
780 393 812 432 si
837 397 981 445 praeter
1018 394 1280 443 Augustanam
1318 392 1593 431 confessionem
1629 390 1726 430 nihil

182 463 405 513 exigeretur.
457 464 509 499 At
546 472 632 498 vero
669 460 831 497 Catones
864 459 987 497 nostri
1023 471 1102 496 rem
1140 459 1216 496 suis
1244 458 1500 508 farraginibus
1527 456 1725 506 indignam

181 528 290 578 plane
327 539 407 564 6556
442 527 589 576 putant,
626 523 658 561 si
695 524 751 562 vel
787 523 905 574 pilum
942 535 1060 560 unum
1096 522 1144 559 ab
1172 535 1215 560 eo
1245 521 1453 569 discedant,
1488 521 1589 572 quod
1625 521 1725 558 facta

182 593 281 629 inter
306 604 389 635 sese
417 589 698 641 conspiratione
725 587 907 626 tuendum
946 587 1018 625 sibi
1057 587 1170 625 semel
1204 600 1278 639 quo
1306 587 1387 626 iure
1414 600 1562 638 quaque
1589 585 1728 624 iniuria

181 659 434 706 sumpserunt,
471 653 716 704 destitutique
743 652 948 703 scripturae
975 651 1172 703 praesidiis
1208 664 1357 689 causam
1394 665 1498 689 suam
1528 641 1726 688 calumniis

180 725 215 758 et
242 719 453 757 maledictis
481 717 655 756 fulciunt.
696 717 893 755 Venantur
922 729 1052 754 omnes
1079 720 1209 754 nostra
1237 716 1468 767 depravandi
1496 715 1727 762 occasiones,

178 790 220 822 ut
256 785 396 836 populo
435 797 503 822 suo
533 782 613 832 (cui
650 786 868 820 nostrorum
896 781 1065 819 omnium
1092 780 1293 819 lectionem
1319 780 1569 828 interdicunt)
1595 780 1725 818 fucum

180 850 335 896 faciant,
370 861 440 887 nos
477 848 576 886 inter
610 860 680 885 nos
717 860 796 885 non
834 845 1060 890 consentire,
1088 858 1131 883 eo
1160 845 1261 896 quod
1289 859 1402 883 unam
1431 849 1541 896 atque
1568 843 1725 882 eandem

181 929 258 953 rem
287 915 388 953 varie
415 913 655 965 explicemus,
683 912 790 964 quasi
817 925 904 950 vero
934 924 1011 950 non
1038 911 1127 949 inde
1146 911 1386 962 potissimum
1406 914 1567 957 constet,
1587 908 1725 947 firmis-

179 980 314 1017 simam
340 981 386 1030 (y
416 978 476 1026 7¹’)
505 977 793 1015 consensionem
821 990 912 1022 esse,
940 977 1019 1021 ubi,
1045 989 1084 1014 re
1113 975 1212 1014 varie
1231 975 1411 1027 exposita,
1435 974 1565 1013 eadem
1586 973 1726 1012 nihilo-

179 1045 303 1082 minus
333 1043 532 1091 sententia,
558 1049 595 1081 ct
622 1042 774 1094 quidem
801 1042 907 1080 iuxta
935 1055 1043 1080 usum
1072 1054 1115 1079 ac
1142 1045 1305 1079 mentem
1345 1040 1563 1092 scripturae,
1588 1039 1726 1077 unani·

178 1110 289 1148 miter
324 1109 506 1147 retinetur
543 1113 579 1146 ct
617 1107 906 1159 comprobatur:
935 1106 1112 1145 nimirum
1148 1106 1220 1143 hoc
1257 1105 1460 1144 artificiose
1488 1104 1645 1150 faciunt,
1673 1107 1725 1149 ut,

181 1175 271 1213 dum
320 1188 386 1212 sua
424 1188 462 1212 56
497 1174 656 1225 probare
691 1186 770 1210 non
806 1185 917 1224 posse
951 1171 1093 1217 vident,
1119 1184 1190 1209 nos
1226 1171 1352 1208 nescio
1383 1170 1487 1208 cuius
1517 1168 1725 1208 discordiae

181 1238 413 1284 insimulent,
448 1251 495 1276 ne
531 1250 636 1276 suam
664 1236 776 1274 nobis
812 1249 962 1273 causam
990 1234 1198 1286 approbare
1226 1238 1421 1284 cogantur.
1476 1233 1537 1271 Ad
1565 1232 1725 1271 eundem

180 1318 268 1343 vcro
304 1304 457 1342 modum
496 1304 607 1341 etiam
646 1303 806 1354 culpam,
841 1302 881 1339 in
918 1314 990 1352 qua
1026 1301 1175 1351 ipsimet
1212 1299 1378 1343 haerent,
1406 1299 1558 1337 reiicere
1585 1298 1625 1336 in
1654 1311 1724 1336 nos

180 1374 377 1409 conantur.
436 1369 577 1407 Dicunt
613 1382 677 1419 per
704 1381 773 1405 nos
802 1366 937 1405 violari
963 1366 1075 1404 fidem
1105 1365 1307 1404 verborum
1336 1365 1489 1410 Christi,
1517 1377 1612 1415 quae
1638 1376 1725 1415 pas-

179 1435 250 1473 sim
278 1434 459 1472 solemnia
489 1447 626 1472 coenae
667 1446 730 1471 seu
759 1430 1053 1470 consecrationis
1082 1430 1194 1469 verba
1223 1433 1417 1475 vocantur,
1444 1442 1487 1467 6ο
1515 1428 1618 1480 quod
1645 1431 1725 1466 tro-

179 1514 268 1552 pum
295 1500 334 1538 in
362 1500 438 1537 illis
468 1503 688 1545 statuamus,
716 1502 881 1536 veterum
917 1496 989 1534 hac
1024 1496 1066 1534 in
1101 1499 1205 1547 parte
1242 1495 1542 1533 orthodoxorum
1569 1494 1724 1532 Patrum

182 1567 351 1605 omnium
380 1566 594 1604 doctrinam
620 1565 816 1616 ipsamque
844 1562 935 1600 adeo
966 1561 1172 1612 scripturae
1199 1560 1366 1612 phrasim
1390 1558 1524 1599 secuti.
1551 1558 1633 1610 Ipsi
1660 1571 1723 1596 ve-

182 1647 237 1679 ro,
274 1646 358 1671 cum
395 1631 508 1670 verba
543 1631 609 1668 illa
647 1629 853 1668 clarissima
888 1632 923 1666 et
961 1626 1121 1679 proinde
1148 1625 1247 1664 nude
1275 1639 1318 1663 ac
1355 1625 1574 1676 simpliciter
1609 1636 1725 1674 expo-

185 1698 313 1738 nanda
352 1711 444 1744 esse,
479 1701 521 1735 ut
559 1700 708 1742 sonant,
744 1707 866 1746 neque
902 1693 1015 1731 ullius
1057 1692 1158 1743 tropi
1193 1691 1357 1730 remedio
1395 1704 1502 1741 egere
1544 1692 1724 1742 perpetuo

186 1764 359 1805 clament,
397 1768 461 1801 aut
494 1762 639 1799 nullam
674 1760 828 1798 interim
866 1759 1021 1797 omnino
1058 1757 1234 1795 adferunt
1262 1756 1620 1807 interpretationem3
1647 1757 1725 1799 aut,

186 1830 217 1867 si
246 1842 358 1879 quam
384 1828 573 1873 adferunt,
609 1826 697 1863 huic
732 1825 845 1862 talem
874 1837 964 1862 sane
990 1827 1139 1874 tropum
1168 1821 1347 1860 adhibere
1374 1824 1571 1870 coguntur,
1598 1832 1663 1871 qm
1690 1822 1727 1857 et

184 1894 224 1932 in
253 1894 449 1945 scripturis
476 1905 622 1944 pugnas
651 1894 748 1929 serat
775 1894 810 1928 et
837 1889 926 1927 fidei
962 1887 1172 1938 Analogiae
1209 1890 1391 1938 repugnet
1427 1890 1463 1924 et
1488 1886 1530 1923 in
1550 1885 1723 1922 universa

191 1959 389 2010 scriptura,
414 1958 454 1995 in
484 1956 596 1995 simili
623 1958 669 2007 (γ
699 1956 757 2003 8²²)
785 1954 1025 2005 potissimum
1052 1955 1289 2003 argumento,
1318 1950 1606 1989 commonstrari
1633 1963 1724 1988 nus-

185 2037 297 2075 quam
325 2023 459 2075 possit.
515 2020 627 2060 Quod
658 2019 689 2058 si
716 2020 769 2057 ita
796 2022 885 2057 sunt
913 2018 1010 2056 clara
1038 2031 1082 2055 ac
1108 2017 1316 2068 perspicua,
1346 2016 1506 2067 denique
1533 2018 1569 2053 et
1597 2014 1724 2053 facilia

186 2088 300 2126 verba
338 2086 478 2125 Christi
514 2085 681 2131 Domini,
717 2087 755 2122 ut
783 2097 826 2121 ea
853 2083 953 2121 nude
980 2096 1023 2120 ac
1052 2081 1283 2133 simpliciter,
1312 2084 1353 2119 ut
1382 2084 1532 2125 sonant,
1568 2083 1605 2117 et
1632 2080 1725 2117 citra

189 2154 301 2191 ullius
337 2152 437 2203 tropi
464 2150 671 2189 remedium
701 2148 839 2200 exponi
867 2150 1049 2199 oporteat,
1076 2145 1392 2198 quemadmodum
1418 2146 1459 2184 id
1484 2144 1605 2197 plenis
1633 2144 1726 2183 buc-

190 2218 241 2255 cis
276 2218 430 2262 iactant,
468 2229 532 2254 eur
567 2228 644 2253 non
679 2227 794 2252 unam
829 2212 961 2251 saltem
999 2211 1163 2263 aliquam
1200 2211 1349 2249 illorum
1377 2209 1724 2261 interpretationem

190 2282 322 2321 ordine
359 2295 425 2320 suo
462 2282 566 2320 iuxta
613 2279 781 2330 singulas
817 2291 947 2317 eorum
982 2277 1185 2330 particulas
1220 2278 1430 2329 proferunt,
1464 2290 1558 2328 quae
1585 2279 1621 2314 et
1647 2280 1726 2314 tro-

192 2361 279 2399 pum
307 2347 454 2385 nullum
481 2346 656 2385 admittat
697 2350 733 2383 et
761 2344 976 2382 unanimem
1002 2343 1120 2381 totius
1148 2343 1355 2394 scripturae
1383 2354 1608 2380 consensum
1634 2340 1725 2379 reti-

189 2417 276 2450 neat
310 2416 346 2450 et
384 2410 677 2449 delitescentiam
720 2409 888 2460 ipsorum
924 2408 1035 2446 simul
1071 2407 1183 2446 etiam
1221 2411 1359 2446 statuat
1402 2410 1467 2444 aut
1503 2406 1725 2444 confirmet?

188 2476 504 2527 quemadmodum
539 2489 560 2513 a
596 2475 707 2512 nobis
744 2474 791 2512 ad
827 2472 1109 2525 approbandam
1144 2475 1313 2510 nostram
1350 2470 1560 2510 doctrinam
1586 2470 1724 2522 pluries

188 2532 334 2578 'factum
361 2554 441 2578 esse
469 2542 524 2588 (et
552 2539 702 2591 quidem
730 2539 831 2576 facta
859 2537 1027 2575 omnium
1056 2537 1167 2575 simul
1197 2538 1526 2575 Sacramentorum
1554 2535 1724 2574 collatio-

190 2608 255 2654 ne)
292 2618 427 2655 negare
463 2605 635 2655 equidem
671 2616 749 2641 non
783 2606 954 2654 possunt.
1008 2601 1238 2640 Iamdudum
1275 2613 1364 2639 sane
1391 2600 1438 2638 ab
1466 2600 1541 2638 illis
1578 2600 1650 2638 hoc
1686 2600 1726 2638 in

192 2669 295 2707 omni
331 2669 511 2706 charitate
547 2681 590 2706 ac
628 2667 812 2706 modestia
849 2666 1062 2704 Christiana
1098 2666 1430 2717 petiimus,⁴atque
1465 2665 1558 2703 adeo
1596 2664 1644 2702 ab
1681 2677 1724 2702 6ο

191 2735 273 2786 ipso
311 2734 449 2772 fartore
484 2733 722 2785 peculiariter
759 2732 986 2782 collegisque
1021 2731 1140 2782 ipsius
1177 2730 1366 2777 omnibus,
1400 2729 1486 2768 data
1522 2729 1570 2767 ad
1597 2742 1726 2767 omnes

192 2800 303 2838 simul
338 2800 424 2837 illos
460 2812 502 2837 ea
538 2798 776 2850 potissimum
804 2797 848 2835 de
875 2810 915 2835 re
941 2800 1071 2835 nostra
1098 2797 1268 2848 epistola,
1305 2795 1369 2847 qui
1407 2808 1445 2834 se
1471 2808 1574 2834 nunc
1601 2798 1726 2846 (pror-

191 2878 253 2903 sus
289 2864 519 2914 Euangelice
547 2863 708 2912 scilicet)
738 2862 990 2901 Martinianae
1017 2862 1143 2901 nescio
1173 2861 1280 2900 cuius
1316 2860 1507 2899 Ecclesiae
1533 2860 1724 2898 Pastorem

186 2943 266 2969 esse
292 2931 498 2986 profitetur.
556 2929 626 2967 Sed
656 2929 688 2966 ei
717 2928 848 2976 religio
877 2927 947 2965 fuit
976 2932 1102 2965 nostra
1133 2927 1189 2965 vel
1220 2926 1329 2965 semel
1358 2925 1552 2976 inspicere,
1582 2924 1639 2962 eui
1667 2924 1726 2961 in-
