1830 3147
230 134 293 181 [A.
319 133 364 170 D.
389 134 500 181 1549]
961 134 1030 171 626

236 241 425 278 elationem
460 241 502 278 ab
537 240 596 277 illa
621 241 769 287 {rursum
795 241 1008 286 excidamus,
1041 241 1144 278 Rom.
1172 242 1229 286 11,
1262 254 1302 279 ac
1327 254 1477 287 rursum,
1504 243 1585 280 dum
1614 245 1770 280 nostram

236 306 274 341 in
301 305 443 341 Christo
470 303 788 340 reconciliationem
814 305 946 340 certam
972 303 1047 340 fore
1072 305 1239 348 testatur,
1266 303 1294 339 si
1320 304 1357 340 in
1381 304 1460 348 fide,
1486 304 1523 341 in
1548 317 1619 352 qua
1635 307 1771 342 010011-

235 366 407 410 stitimus,
441 378 703 414 permaneamus
739 364 846 413 (Coll.
872 365 926 412 1),
959 366 1068 412 atque
1100 364 1178 402 aliis
1204 365 1308 401 huius
1334 365 1471 412 generis
1498 365 1645 402 infinitis
1671 365 1771 402 testi·

237 428 374 465 moniis.
408 415 585 474 Quorsum
611 426 703 463 enim
729 426 901 463 attineret
926 428 989 462 aut
1014 426 1201 463 admonere
1226 439 1270 463 ne
1295 439 1368 474 (1110
1394 427 1496 464 1110ᾰο
1518 427 1692 471 excidant,
1709 431 1774 463 aut

238 489 520 537 perseverantiae
546 488 751 525 conditione
775 487 972 535 astringere
998 499 1068 532 005,
1094 488 1155 534 (1111
1181 500 1202 523 3
1225 487 1291 525 fide
1317 492 1354 525 et
1378 487 1524 536 proinde
1541 488 1583 524 ab
1601 487 1773 524 electione

240 564 386 598 quoque
419 550 576 587 excidere
610 562 682 586 non
715 549 876 597 possint?
926 548 1169 595 Quaerebatur
1199 552 1379 596 praeterea
1413 549 1455 585 ab
1488 548 1567 585 istis
1592 548 1774 585 electionis

241 612 381 649 divinae
419 611 754 660 propugnatoribus,
796 623 881 646 num
925 610 1051 654 Adam,
1091 610 1295 658 priusquam
1336 615 1526 659 peccasset,
1565 610 1699 647 electus
1730 609 1775 646 ad

239 673 348 709 vitam
386 673 504 717 fuerit,
540 685 603 709 nec
636 685 690 708 ne.
737 671 870 718 Negari
905 684 973 708 non
1009 671 1131 719 potuit
1155 670 1305 709 electum
1331 672 1451 716 fuisse,
1487 670 1774 719 quandoquidem

238 736 383 769 sanctus
408 736 444 770 et
470 733 678 770 immortalis
702 732 746 769 ad
771 733 881 769 vitam
906 731 1138 780 proculdubio
1165 735 1342 783 aeternam
1362 733 1528 770 conditus
1546 736 1632 769 erat.
1659 732 1772 778 Quae·

238 794 382 830 rebatur
407 807 561 839 rursum,
585 807 631 831 an
655 807 738 831 vere
762 807 784 831 a
808 794 1001 831 sanctitate
1027 796 1063 831 et
1088 794 1356 831 immortalitate
1374 794 1514 831 51131113
1530 794 1675 841 vitaque
1688 793 1773 829 adeo

237 858 380 892 aeterna
412 856 570 892 excidere
601 855 733 903 potuit.
792 855 836 892 Id
861 868 1005 903 quoque
1030 856 1150 902 negari
1175 868 1248 892 non
1272 856 1404 904 potuit,
1430 868 1509 891 nam
1534 854 1625 891 malo
1652 866 1771 890 omnes

238 920 362 954 nostro
394 918 579 954 didicimus
613 917 712 953 illum
744 929 783 954 re
809 929 891 954 vera
929 916 1099 953 excidisse
1125 919 1162 953 et
1187 916 1333 965 proinde
1358 916 1519 953 excidere
1544 927 1687 963 quoque
1712 926 1773 963 po-

237 979 362 1016 tuisse.
410 979 500 1015 Inde
535 979 647 1026 igitur
672 978 962 1023 concludebatur,
988 981 1024 1016 et
1048 991 1113 1015 nos
1141 979 1219 1026 (qui
1246 991 1366 1015 omnes
1391 978 1483 1014 idem
1508 990 1587 1014 cum
1613 976 1692 1014 Ada
1716 988 1774 1012 su-

237 1044 330 1089 mus)
357 1041 400 1078 ad
426 1041 575 1078 eundem
601 1041 744 1077 modum
770 1040 978 1079 electionem
1004 1043 1160 1077 nostram
1187 1053 1290 1088 posse
1314 1053 1376 1088 per
1394 1039 1677 1076 incredulitatem
1694 1038 1773 1074 irri-

236 1108 309 1139 tam
334 1104 371 1139 in
396 1102 497 1139 nobis
522 1103 608 1150 ipsis
634 1102 759 1146 facere,
785 1102 829 1138 ad
855 1115 960 1150 quem
985 1102 1126 1138 modum
1153 1101 1263 1138 Adam
1291 1101 1572 1148 transgressione
1596 1099 1693 1136 illam
1711 1110 1774 1135 sua

238 1163 374 1200 irritam
414 1164 527 1200 facere
552 1163 673 1210 potuit
698 1166 734 1200 et
760 1163 855 1207 fecit,
882 1183 929 1191 —-
954 1175 1070 1210 neque
1095 1175 1179 1198 vero
1205 1162 1283 1198 ideo
1309 1162 1440 1198 mutari
1465 1161 1671 1198 electionem
1697 1159 1778 1203 Dei,

242 1225 336 1270 quod
362 1237 425 1261 nos
458 1224 499 1260 ab
526 1224 587 1260 illa
612 1224 770 1261 excidere
794 1225 982 1273 possimus.
1013 1224 1142 1271 Neque
1167 1224 1258 1260 0111111
1283 1223 1512 1259 incredulitas
1537 1224 1670 1266 nostra,
1696 1232 1774 1257 eva-

237 1289 320 1323 cuat
354 1286 458 1322 fidem
490 1289 527 1322 et
559 1286 788 1322 veracitatem
823 1286 901 1329 Dei,
936 1285 995 1322 sed
1030 1285 1200 1322 hactenus
1234 1297 1299 1321 nos
1333 1285 1441 1332 elegit
1474 1284 1571 1320 Deus
1596 1283 1706 1319 Pater
1730 1281 1774 1317 ad

236 1347 348 1384 vitam
373 1350 551 1384 aeternam
576 1347 613 1382 in
639 1347 793 1391 Christo,
821 1349 998 1394 quatenus
1023 1359 1087 1382 nos
1111 1359 1172 1393 per
1196 1345 1298 1382 illum
1325 1345 1391 1381 sibi
1408 1344 1682 1382 reconciliandos
1702 1355 1776 1379 esse

237 1408 354 1445 scivit.
379 1409 457 1444 Iam
482 1407 617 1445 Paulus
643 1408 814 1445 hactenus
839 1420 904 1444 nos
929 1420 989 1455 per
1016 1407 1197 1443 Christum
1222 1407 1259 1442 in
1285 1419 1430 1454 corpore
1456 1405 1568 1443 carnis
1594 1418 1677 1443 suae
1694 1404 1772 1442 Deo

238 1470 340 1506 Patri
372 1469 620 1506 reconciliatos
654 1481 730 1506 esse
755 1469 859 1506 docet
886 1468 990 1516 (Coll.
1018 1469 1067 1515 1),
1101 1471 1278 1515 quatenus
1303 1467 1340 1503 in
1365 1467 1431 1502 fide
1455 1466 1546 1502 firmi
1572 1470 1608 1503 et
1633 1467 1775 1503 stabiles

237 1543 492 1579 permanemus,
525 1542 642 1577 neque
675 1542 695 1565 a
729 1542 790 1578 spe
815 1528 1003 1576 Evangelii
1029 1528 1124 1575 quod
1149 1527 1351 1564 audivimus
1376 1527 1607 1563 dimovemur.
1657 1526 1777 1574 Igitur

236 1605 301 1629 nos
335 1593 505 1629 hactenus
541 1592 715 1628 duntaxat
746 1591 878 1628 electos
912 1603 998 1634 esse,
1033 1593 1210 1637 quatenus
1235 1590 1273 1625 in
1297 1589 1365 1625 fide
1389 1588 1575 1636 Evangelii
1599 1600 1776 1636 permane-

236 1667 326 1698 mus,
358 1667 473 1701 neque
510 1653 717 1690 electionem
751 1652 817 1689 Dei
848 1651 992 1696 mutari,
1024 1651 1161 1687 etiamsi
1191 1664 1256 1688 nos
1288 1663 1348 1698 per
1375 1654 1532 1686 nostram
1557 1649 1774 1697 impietatem

237 1717 279 1752 ab
305 1716 365 1752 1113
391 1717 603 1753 excidamus.
630 1716 719 1751 Inde
745 1727 827 1751 vero
853 1717 976 1762 postca
1001 1713 1221 1760 subsequuta
1239 1716 1293 1750 est
1311 1712 1483 1761 quaestio,
1508 1725 1553 1748 311
1577 1724 1638 1759 per
1663 1710 1774 1758 quod-

240 1779 294 1816 vis
319 1779 454 1826 peccati
479 1791 591 1825 genus
616 1791 636 1815 a
662 1780 784 1814 nostra
810 1777 984 1814 electione
1009 1777 1222 1820 excidamus,
1248 1776 1341 1812 unde
1367 1775 1507 1810 demum
1531 1773 1587 1821 agi
1612 1776 1775 1820 coeptum

242 1842 297 1876 est
332 1840 374 1876 de
399 1842 625 1888 peccatorum
651 1838 854 1875 discrimine
881 1840 916 1874 et
941 1837 1158 1882 remissione,
1184 1837 1340 1884 mihique
1365 1835 1401 1872 id
1426 1834 1562 1881 negotii
1587 1834 1709 1869 datum
1734 1836 1778 1869 ut

240 1914 315 1938 eam
350 1901 546 1938 doctrinam
580 1900 835 1937 conscriberem
870 1912 975 1947 quam
1012 1904 1097 1936 tuae
1122 1898 1325 1936 celsitudini
1351 1896 1504 1940 exhibui,
1529 1896 1684 1942 haecque
1709 1895 1779 1930 fuit

241 1963 376 2000 occasio
403 1962 593 1999 tradendae
618 1961 819 1999 istiusmodi
845 1961 1037 1998 doctrinae.
1087 1962 1194 1998 Nunc
1220 1959 1322 1996 venio
1348 1958 1391 1995 ad
1416 1970 1467 2006 ea,
1493 1969 1645 2005 quorum
1670 1956 1777 1993 ratio-

241 2037 322 2061 nem
347 2018 522 2061 celsitudo
549 2026 613 2060 tua
637 2023 674 2060 in
700 2023 862 2060 doctrina
885 2023 963 2071 ipsa
987 2023 1159 2071 postulat.
1186 2023 1231 2059 In
1257 2021 1372 2058 verbis
1398 2018 1631 2068 praecationis
1657 2017 1779 2053 Domi-

242 2087 340 2124 nicae
373 2086 517 2134 perinde
551 2088 606 2122 cst
640 2085 715 2122 sive
751 2084 880 2128 debita,
914 2085 989 2121 sive
1023 2084 1162 2129 delicta,
1189 2084 1263 2121 sive
1288 2084 1431 2131 peccata
1455 2086 1577 2117 nostra
1601 2078 1702 2115 nobis
1727 2091 1778 2116 re-

243 2147 342 2183 mitti
365 2151 536 2194 petamus.
574 2146 672 2192 Quae
697 2145 790 2182 enim
808 2145 1012 2182 Matthaeus
1039 2143 1300 2191 ὀφειλήματα
1326 2143 1407 2190 (1100
1432 2143 1485 2177 051
1510 2139 1642 2187 debita)
1661 2141 1777 2183 vocat,

244 2219 283 2243 ea
315 2206 433 2242 Lucas
465 2206 504 2242 in
536 2204 655 2242 eadem
681 2204 868 2241 Dominica
892 2203 1115 2253 praecatione
1142 2201 1352 2250 ἁμαρτίας,
1374 2201 1454 2250 (11οο
1473 2202 1527 2237 051
1543 2200 1701 2247 peecata)
1720 2211 1777 2247 ap·
1797 2211 1800 2213 ’

244 2267 364 2315 pellat.
390 2267 438 2304 Et
464 2268 669 2304 Matthaeus
696 2267 769 2315 ipse
793 2279 877 2303 mox
902 2268 984 2315 post
1008 2263 1241 2313 praecationis
1266 2264 1369 2300 finem
1396 2262 1510 2300 veluti
1535 2273 1571 2297 50
1587 2261 1703 2309 ipsum
1722 2273 1779 2297 ex-

247 2339 392 2374 ponens,
425 2338 515 2373 quae
548 2331 653 2362 antea
685 2325 805 2361 debita
830 2328 1031 2368 vocaverat,
1057 2335 1139 2359 mox
1157 2321 1468 2369 παραπτώματα
1495 2321 1576 2368 (1100
1594 2325 1649 2356 est
1665 2323 1777 2356 trans-

246 2389 444 2436 gressiones
470 2401 532 2425 seu
557 2387 702 2435 delicta)
729 2386 891 2435 appellat,
918 2386 1001 2421 dum
1027 2384 1099 2422 ait:
1126 2382 1270 2432 proinde
1296 2383 1325 2418 si
1351 2382 1555 2419 remiseritis
1581 2379 1778 2418 hominibus

246 2450 545 2497 transgressiones
579 2462 642 2486 seu
676 2448 805 2485 delicta
838 2448 1007 2496 ipsorum,
1041 2446 1200 2482 remittet
1236 2450 1272 2482 et
1303 2443 1364 2480 illa
1396 2443 1496 2480 vobis
1528 2443 1637 2479 Pater
1661 2443 1779 2478 vester

245 2512 418 2556 caelestis,
444 2514 481 2548 et
506 2523 596 2559 (11130
621 2510 670 2547 ibi
694 2512 906 2557 sequuntur.
955 2508 1061 2544 Unde
1087 2520 1129 2544 ex
1154 2519 1267 2554 aequo
1293 2508 1346 2542 est
1372 2505 1406 2541 in
1435 2504 1619 2541 Dominica
1643 2515 1778 2550 praeca-

247 2573 354 2616 tione,
387 2573 461 2609 sive
492 2571 592 2608 nobis
626 2571 755 2615 debIta,
791 2570 868 2607 sive
893 2569 1032 2613 delicta,
1058 2569 1132 2605 sive
1157 2572 1298 2615 peccata
1323 2566 1458 2624 remitti
1481 2567 1652 2613 petamus.
1702 2563 1779 2599 Scio

248 2634 303 2670 hic
337 2633 373 2669 in
406 2645 493 2670 voce
525 2634 629 2669 debiti
663 2632 822 2679 argutari
848 2631 1030 2679 quosdam,
1056 2629 1115 2666 sed
1141 2642 1212 2677 quo
1238 2629 1273 2665 id
1297 2628 1443 2665 consilio
1469 2626 1610 2668 faciant,
1635 2624 1702 2672 ipsi
1727 2624 1777 2660 vi-

249 2694 376 2731 derint.
428 2695 533 2731 Certe
565 2694 649 2731 haec
682 2706 809 2730 vocum
845 2692 938 2741 apud
969 2691 1215 2738 Evangelistas
1248 2690 1398 2727 variatio
1430 2690 1595 2730 testatur,
1632 2685 1712 2722 illos
1737 2686 1780 2722 (10

250 2756 349 2792 verbi
382 2756 486 2792 huius
525 2756 692 2797 '‘debiti”
728 2755 882 2803 pondere
918 2753 1005 2790 nihil
1038 2753 1222 2800 cogitasse,
1257 2754 1300 2787 ut
1325 2749 1464 2786 interim
1490 2752 1636 2791 taceam,
1662 2748 1778 2783 minus

250 2817 390 2864 proprie
432 2830 495 2853 nos
529 2817 641 2864 loqui,
675 2817 759 2853 dum
791 2816 910 2852 debita
941 2817 1063 2851 nostra
1096 2814 1196 2850 nobis
1228 2825 1248 2849 a
1281 2813 1357 2848 Deo
1390 2809 1581 2848 condonari
1615 2809 1779 2857 petimus,

252 2890 358 2925 quam
383 2878 412 2914 si
437 2880 579 2926 peccata
604 2891 667 2914 seu
692 2878 821 2914 delicta
845 2876 979 2913 remitti
1005 2875 1236 2924 postulemus.
1285 2874 1411 2920 Neque
1437 2871 1527 2908 enim
1553 2873 1695 2918 peccata
1719 2882 1780 2906 no-

251 2942 325 2976 stra
357 2939 523 2975 debemus
548 2939 636 2981 Deo,
668 2941 710 2973 ut
736 2951 776 2973 ea
800 2937 912 2972 instar
937 2936 1055 2972 debita
1081 2946 1316 2977 numeremuS,
1342 2933 1402 2969 scd
1427 2931 1528 2968 fidem
1552 2931 1720 2980 pietatem
1746 2932 1782 2966 et
