1830 3147
819 137 889 173 565
1350 136 1415 182 [A.
1439 136 1486 172 D.
1511 135 1623 182 1543]

88 249 317 284 ministerium
349 260 420 283 non
452 247 577 282 volunt
608 259 810 294 agnoscere,
850 260 907 283 eos
941 248 1026 284 nihil
1063 260 1201 294 prorsus
1234 257 1345 294 neque
1378 245 1424 281 ad
1448 244 1623 281 Christum

88 321 199 356 neque
224 309 267 345 ad
293 309 367 344 eius
392 307 582 344 Ecclesiam
609 309 793 355 pertinere.
829 308 892 344 Est
915 309 1006 344 enim
1032 308 1225 344 certissima
1248 307 1369 354 regula
1392 306 1523 342 Christi
1547 306 1621 347 illa,

92 373 160 410 Qui
179 383 238 406 non
264 371 446 405 crediderit
469 371 749 405 condenznabz'lur.
796 371 846 406 Et
870 374 1005 405 tantum
1028 370 1128 405 abest
1152 373 1192 405 ut
1216 369 1340 405 salutis
1364 369 1622 416 promissionem

89 433 133 467 ad
166 435 304 468 coetum
340 431 520 477 impiorum
548 433 732 467 transferre
760 444 909 479 unquam
936 431 1116 471 voluerim,
1143 435 1182 467 ut
1206 431 1270 468 hoc
1294 432 1459 478 imprimis
1485 431 1622 467 nomine

88 505 159 529 non
196 493 280 528 bene
313 492 367 528 hic
391 491 528 527 audiam
555 492 646 539 apud
672 492 849 539 imperitos
875 492 1042 540 quosdam
1068 493 1199 539 gratiae
1222 493 1418 531 iactatores.
1445 492 1538 540 quod
1562 491 1625 527 do-

88 565 196 595 ceam,
229 552 472 599 promissiones
510 553 573 588 Dei
605 553 648 588 ad
675 557 931 599 contemptores
957 565 1068 600 neque
1092 553 1301 599 pertinuisse
1326 566 1489 600 unquam,
1514 565 1624 600 neque

89 626 190 662 posse
224 613 364 649 omnino
397 614 579 660 pertinere.
628 614 770 661 Loquor
803 619 919 649 autem
957 615 999 650 de
1024 626 1065 649 eo
1090 618 1304 661 contemptu,
1329 615 1388 662 qui
1413 614 1562 650 delatam
1588 614 1624 650 in

89 674 228 710 Christo
259 673 406 709 salntem
443 674 573 720 spernit
608 674 825 720 blasphemat
857 678 893 709 et
918 676 1022 710 ridet.
1071 673 1149 710 Imo
1175 687 1256 710 vero
1281 675 1345 711 hoe
1371 676 1482 722 ipsum
1508 674 1625 712 discri-

89 748 182 775 men,
213 734 306 782 quod
339 738 378 770 tu
412 735 502 771 inter
527 747 599 776 eos,
629 736 689 783 qui
714 748 834 773 vocem
862 736 926 771 Dei
951 747 1026 771 sese
1051 736 1291 782 patefacientis
1316 735 1477 778 audiunt,
1505 739 1542 771 et
1565 736 1624 784 qui

88 796 181 831 illam
215 798 454 838 contemnunt,
489 797 712 831 statuendum
746 808 822 831 esse
859 799 974 843 putas,
1012 796 1077 833 hoc
1110 797 1224 843 ipsum
1249 797 1446 839 discrimen,
1470 797 1624 845 inquam,

89 857 186 898 facit,
213 860 252 891 ut
279 856 360 892 mihi
394 856 513 891 videor
543 868 607 902 ego
632 856 674 892 de
700 857 853 892 omnium
879 857 1007 904 ubique
1033 857 1217 892 infantium
1243 857 1357 892 salute
1382 857 1469 893 bene
1484 869 1621 904 sperare

88 929 201 963 posse,
237 916 379 956 nedum,
415 921 454 951 ut
487 918 523 952 in
556 916 644 952 hanc
676 914 920 963 cogitationem
956 917 1116 962 delapsus
1142 918 1206 953 sim
1231 930 1273 953 ex
1299 917 1370 953 ulla
1395 917 1622 953 admiratione

90 978 288 1014 innumerae
313 977 407 1014 illius
435 977 678 1019 multitudinis,
705 990 806 1026 quam
831 979 865 1014 in
890 991 988 1014 suam
1014 979 1122 1025 ipsius
1146 979 1331 1026 perniciem
1357 980 1440 1014 ferri
1464 982 1540 1014 toto
1556 982 1624 1014 ter-

90 1051 203 1075 rarum
230 1039 311 1075 orbe
335 1039 502 1074 videmus.
550 1039 652 1074 Hanc
679 1039 834 1087 equidem
859 1052 992 1086 semper
1017 1040 1214 1076 statuebam
1238 1041 1392 1076 damnari
1417 1041 1512 1077 iusto
1536 1040 1626 1076 iudi-

90 1099 144 1135 cio
178 1100 254 1140 Dei,
298 1111 408 1146 neque
443 1104 558 1135 tamen
589 1099 763 1135 conditam
791 1112 866 1135 esse
890 1112 909 1135 a
937 1101 1011 1136 Deo
1036 1101 1079 1136 ad
1103 1105 1260 1136 aeternas
1286 1102 1454 1141 miserias.
1481 1102 1541 1149 qui
1566 1114 1625 1137 ne-

93 1160 218 1195 minem
244 1172 264 1194 a
288 1172 348 1195 sua
374 1160 528 1195 excludit
564 1161 685 1206 gratia,
719 1163 754 1195 et
780 1161 976 1196 universum
1002 1162 1038 1197 in
1063 1161 1200 1197 Adamo
1226 1162 1421 1197 mortalium
1446 1174 1556 1209 genus
1582 1161 1626 1197 ad

92 1220 241 1255 salntem
274 1219 430 1256 condidit
467 1220 683 1267 nominisque
716 1221 770 1256 sui
804 1222 948 1266 gloriam
985 1222 1222 1263 immortalem,
1247 1222 1308 1258 sed
1333 1223 1566 1258 voluntarium
1592 1223 1627 1258 in

92 1294 131 1316 ea
166 1280 388 1315 multitudine
423 1285 657 1326 contemptum
693 1279 861 1322 damnari,
898 1287 937 1317 ut
969 1282 1051 1318 dum
1083 1282 1234 1318 oblatam
1271 1283 1416 1329 gratiam
1453 1282 1626 1317 destinata

91 1340 270 1375 voluntate
303 1340 507 1381 contemnit,
540 1339 583 1375 ab
617 1340 676 1375 illa
712 1353 794 1376 sanc
827 1342 979 1381 excidat,
1012 1341 1073 1377 sed
1107 1342 1244 1377 interim
1279 1342 1331 1377 vel
1365 1342 1474 1377 invita
1497 1342 1626 1388 gloriae

93 1401 158 1436 Dei
183 1401 324 1442 serviat,
351 1413 391 1436 ac
417 1413 604 1447 poenarum
630 1405 850 1437 aeternarum
877 1403 1115 1449 magnitudine
1140 1407 1299 1446 testetur,
1313 1403 1426 1439 Deum
1441 1404 1627 1439 Dominum

92 1474 191 1497 suum
227 1474 315 1503 esse,
350 1474 452 1509 quem
487 1467 525 1497 ut
562 1462 702 1498 Patrem
740 1463 1076 1510 indulgentissimum
1111 1464 1288 1500 oblataiu
1313 1464 1454 1501 Christo
1478 1465 1629 1500 Domino

93 1523 205 1558 salute
237 1535 424 1569 agnoscere
459 1523 611 1559 nolebat.
662 1524 847 1558 Caeterum
883 1528 921 1559 ut
956 1524 1033 1561 huic
1067 1524 1281 1561 multitudini
1317 1526 1465 1561 infantes
1491 1538 1628 1573 quoque

91 1583 322 1624 includamus,
348 1583 382 1618 id
409 1595 490 1618 vero
517 1596 585 1618 non
608 1584 657 1618 ita
684 1583 765 1619 mihi
790 1584 904 1624 facile,
933 1588 973 1619 ut
998 1585 1148 1631 ingenue
1174 1598 1291 1620 verum
1327 1586 1448 1626 fatear,
1475 1597 1494 1620 e
1519 1586 1628 1632 scrip-

93 1643 179 1678 turis
204 1642 403 1688 praesertim
430 1641 633 1688 persuadere
659 1642 771 1677 adbuc
798 1655 946 1687 possum,
971 1643 1040 1678 imo
1066 1655 1145 1678 vero
1169 1642 1343 1679 diversum
1371 1643 1452 1679 mihi
1465 1644 1628 1689 colligere

94 1715 195 1750 posse
241 1702 373 1738 videor.
423 1702 491 1738 Sed
538 1707 662 1743 tamen,
700 1703 746 1738 mi
792 1702 969 1749 Philippei
1008 1703 1156 1738 libenter
1200 1704 1254 1739 hic
1297 1716 1419 1752 sequar
1461 1704 1626 1740 iudicium

95 1767 206 1804 tuum,
242 1766 277 1799 et
314 1771 533 1811 posteaquam
574 1767 611 1799 tu
648 1763 779 1798 iudicas
813 1763 930 1798 utilem
973 1777 1041 1799 non
1077 1765 1148 1800 sore
1184 1777 1276 1801 nunc
1316 1778 1391 1800 eam
1433 1765 1627 1801 doctrinam

94 1826 123 1860 si
158 1828 346 1871 urgeretur,
382 1836 441 1860 ero
482 1828 517 1860 et
552 1837 616 1871 ego
647 1824 700 1861 hic
737 1825 898 1872 deinceps
938 1830 1067 1866 mutus,
1100 1826 1210 1861 donee
1245 1825 1279 1861 id
1313 1827 1405 1862 inter
1438 1839 1501 1861 nos
1525 1826 1628 1861 semel

93 1886 282 1934 aliquando
318 1886 372 1921 vel
406 1898 532 1928 eoram,
566 1885 659 1933 quod
700 1886 846 1921 maxime
877 1887 1036 1933 optarim,
1070 1887 1124 1924 vel
1156 1900 1216 1935 per
1247 1888 1363 1924 literas
1398 1889 1627 1924 excutiamus.

94 1947 170 1993 Ego
205 1948 294 1982 enim
331 1947 413 1982 dum
446 1950 481 1982 et
520 1946 664 1992 plurima
698 1953 733 1981 et
767 1948 885 1982 eadem
921 1948 1049 1983 eximia
1081 1949 1173 1983 dona
1205 1949 1270 1984 Dei
1296 1949 1331 1984 in
1356 1953 1391 1984 te
1414 1950 1566 1990 intueor,
1595 1954 1628 1985 te

94 2021 200 2042 unum
237 2020 312 2042 esse
342 2008 444 2042 etiam
481 2011 599 2042 statuo
624 2007 715 2053 apud
739 2019 841 2055 quem
867 2008 1041 2043 effundere
1066 2008 1207 2044 debeam
1235 2009 1375 2045 omnino
1400 2010 1566 2057 quidquid
1592 2010 1627 2045 in

94 2070 209 2105 animo
245 2081 321 2104 meo
345 2069 601 2103 dubitationum
628 2068 820 2103 oboriatur.
871 2069 917 2104 Et
943 2070 1031 2104 facio
1057 2070 1090 2105 id
1119 2082 1200 2105 sane
1226 2082 1359 2105 summa
1384 2082 1460 2105 eum
1487 2070 1626 2110 fiducia,

95 2134 167 2165 tum
203 2129 372 2169 libertate,
406 2141 446 2164 ea
479 2143 550 2176 spe,
584 2134 622 2164 ut
647 2143 715 2164 non
742 2130 909 2171 dubitem,
936 2135 969 2164 te
997 2132 1059 2166 hoc
1087 2144 1147 2177 pro
1172 2136 1232 2166 tua
1257 2131 1472 2166 humanitate
1499 2143 1627 2178 proque

94 2191 291 2226 Christiana
324 2190 492 2225 charitate
528 2190 606 2225 boni
641 2191 879 2226 consulturum
925 2204 999 2226 esse
1034 2193 1138 2239 inque
1166 2192 1329 2239 optimam
1358 2195 1490 2238 partem
1525 2192 1629 2227 inter-

96 2255 326 2299 pretaturum.

142 2311 197 2346 De
232 2310 349 2345 Caena
386 2309 526 2345 Domini
557 2309 690 2354 gaudeo
724 2311 787 2346 tibi
827 2311 960 2358 probari
995 2314 1147 2347 nostram
1183 2312 1405 2353 sententiam,
1433 2312 1562 2347 utinam
1588 2325 1630 2348 ea

95 2374 162 2409 iam
200 2384 281 2419 paee
319 2372 470 2407 omnium
506 2372 742 2407 Ecclesiarum
787 2372 942 2407 obtinere
976 2372 1113 2408 demum
1141 2374 1261 2419 possit.
1312 2374 1386 2408 Tua
1410 2374 1562 2409 earmina
1585 2374 1627 2410 de

97 2435 199 2470 Mose
232 2434 266 2469 in
305 2444 452 2468 caverna
486 2436 602 2478 petrae
628 2434 821 2468 constituto
846 2446 885 2469 ac
911 2446 1042 2468 rursum
1070 2433 1112 2468 de
1139 2445 1297 2479 pereussa
1325 2446 1384 2480 per
1409 2434 1504 2469 illum
1532 2439 1629 2481 petra

95 2507 219 2540 magna
252 2506 330 2529 cum
365 2493 543 2539 voluptate
578 2492 658 2539 legi.
707 2493 815 2528 Plane
851 2494 901 2529 sie
935 2500 998 2531 est.
1025 2494 1096 2531 Qui
1124 2495 1158 2530 in
1185 2494 1271 2540 legis
1298 2495 1485 2530 ministerio
1512 2496 1631 2542 positi,

93 2557 184 2594 illius
217 2556 366 2592 ministri
398 2555 506 2590 videri
540 2555 676 2595 volunt,
710 2555 759 2590 illi
797 2555 859 2601 ipsi
893 2555 1045 2590 omnium
1081 2556 1284 2601 gravissime
1318 2567 1411 2590 nune
1437 2561 1568 2601 petram
1594 2557 1630 2591 iu

99 2619 259 2655 membris
297 2618 368 2653 suis
404 2617 544 2657 feriunt,
581 2616 663 2651 hacc
699 2628 799 2662 porro
838 2617 906 2652 icta
944 2629 1064 2664 aquam
1107 2616 1329 2652 nihilominus
1362 2616 1487 2657 reddit,
1527 2618 1630 2665 idque

96 2684 196 2715 tanto
228 2679 400 2725 copiosius
434 2682 565 2725 quanto
602 2666 837 2713 vehementius
875 2679 1005 2715 feritur.
1042 2681 1078 2712 et
1102 2677 1199 2712 nulla
1224 2678 1330 2713 maior
1355 2679 1548 2713 consolatio
1574 2679 1630 2714 ha-

97 2739 167 2774 beri
201 2744 326 2786 potest,
358 2751 459 2785 quam
493 2736 574 2772 dum
616 2741 711 2772 certo
737 2737 919 2773 statuimus
946 2737 1079 2784 protegi
1107 2749 1167 2771 nos
1193 2736 1335 2772 dextera
1360 2737 1425 2772 Dei
1452 2742 1633 2785 propterea

96 2799 189 2846 quod
222 2812 284 2834 nos
319 2800 353 2834 in
379 2810 526 2833 caverna
552 2800 669 2843 petrae
697 2796 790 2832 illius
816 2798 980 2837 invictae,
1007 2809 1094 2844 quae
1120 2798 1225 2832 nullis
1252 2801 1434 2833 ventorum
1460 2802 1521 2832 aut
1545 2799 1630 2833 fluc-

96 2864 194 2895 tuum
226 2859 416 2907 quamlibet
440 2858 666 2894 saevientium
693 2858 788 2893 furiis
817 2859 890 2893 loco
917 2870 979 2893 suo
1006 2858 1134 2893 moveri
1162 2862 1287 2902 potest.
1313 2859 1524 2894 constitutos
1552 2870 1625 2892 esse

96 2921 264 2957 videmus.
314 2920 481 2958 Dominus
507 2919 677 2968 adaugeat
703 2919 801 2957 nobis
826 2931 900 2956 eam
927 2918 1042 2962 tidem,
1072 2922 1111 2956 ut
1139 2922 1276 2957 tantum
1302 2919 1394 2957 illius
1420 2919 1624 2957 beneficium
