1830 3147
806 106 873 145 575
1332 103 1394 151 [A.
1421 101 1466 138 D.
1494 101 1603 148 1544]

75 223 244 266 Ecclesia,
278 221 361 258 dum
387 220 438 256 ita
461 218 498 254 in
523 217 611 253 alios
636 216 750 253 severi
775 227 908 258 sumuS,
933 214 1028 250 inter
1053 225 1123 256 eos,
1149 212 1211 259 qui
1236 223 1311 248 sese
1335 210 1379 247 ad
1404 210 1608 258 resipiscen-

73 286 160 322 tiam
194 284 322 321 volunt
354 291 571 329 componere,
606 279 642 315 et
674 277 736 325 qui
771 277 839 313 Dei
863 275 1054 313 Ecclesiam
1089 273 1235 320 eiusque
1267 271 1485 319 disciplinam
1523 283 1607 307 cou-

77 347 256 382 temnunt.

125 406 300 448 Breviter,
335 404 416 451 post
443 400 574 437 multos
600 399 772 436 clamores
798 398 833 435 id
859 396 1000 434 tandem
1027 396 1136 440 effeci,
1161 397 1202 431 ut
1229 394 1328 431 nobis
1355 393 1525 430 ministris
1551 391 1612 428 ad-

78 466 191 503 iuncti
225 465 297 502 sint
332 466 486 510 quatuor
511 462 616 504 cives,
643 460 711 496 viri
736 459 894 506 alioquin
919 469 1056 504 graves,
1083 460 1130 500 et,
1157 459 1329 503 quantum
1354 454 1508 490 iudicare
1532 465 1610 500 pos-

78 540 211 570 sumus,
236 525 378 573 pietatis
404 522 568 566 studiosi,
601 522 663 568 qui
687 534 708 557 a
733 524 811 557 tota
835 519 993 556 Ecclesia
1016 521 1230 566 potestatem
1256 517 1436 554 nobiscum
1462 514 1612 551 habeant

81 590 116 625 in
142 600 255 624 mores
289 585 419 622 civium
446 583 659 630 inquirendi,
689 581 899 618 admonendi
925 592 1126 627 quenquam
1152 579 1208 615 sui
1233 579 1333 622 offici,
1365 581 1402 614 et
1427 577 1471 613 ad
1496 580 1611 613 extre-

79 661 175 685 mum
209 649 314 684 etiam
351 646 494 682 nomine
528 644 641 680 totius
674 643 850 679 Ecclesiae
883 640 1206 678 excommunicandi
1241 639 1433 682 nobiscum,
1468 638 1498 675 si
1523 651 1614 685 quos

79 709 360 747 admonitionum
388 711 588 742 nostrarum
615 707 875 751 contemptores
902 702 1116 738 haberemus.
1149 700 1364 737 Meditamur
1382 700 1503 746 itaque
1521 709 1614 735 nunc

79 769 224 806 formam
250 767 425 816 quandam
451 766 654 814 disciplinae
680 765 715 800 in
742 766 864 800 nostra
881 763 1048 806 Ecclesia,
1082 763 1116 798 in
1136 774 1206 808 qua
1223 760 1472 797 constituenda
1490 772 1615 807 magno

79 830 181 867 nobis
219 831 286 867 erit
320 829 523 865 adiumento
557 825 722 874 Episcopi
758 825 813 860 tui
830 827 859 872 5)
888 824 1109 861 Coloniensis
1136 823 1313 859 ordinatio
1331 824 1375 870 ⁰),
1401 834 1506 869 quam
1532 821 1616 857 mihi

80 893 109 928 is
123 876 277 928 Gabriel
303 890 431 927 attulit
460 895 521 926 tuo
548 889 699 925 nomine.

130 954 167 989 Si
193 952 344 990 tulerint
371 952 484 987 nostri
509 949 727 997 disciplinam
753 948 853 984 iuxta
879 947 1024 985 verbum
1052 948 1131 991 Dei,
1150 946 1326 983 habebunt
1346 958 1398 981 me
1417 945 1618 981 ministrum

84 1026 198 1050 suum.
242 1013 302 1048 Sin
337 1013 454 1048 minus
480 1014 555 1048 tum
583 1009 744 1047 fortassis
770 1013 806 1045 et
834 1022 886 1045 me
911 1009 1119 1056 propellent.
1169 1009 1246 1055 Ego
1273 1009 1364 1044 enim
1391 1007 1480 1043 nulli
1506 1008 1618 1043 sciens

80 1079 117 1109 et
142 1073 264 1110 volens
290 1086 439 1121 parcam,
467 1077 515 1116 ct,
540 1077 582 1107 ut
609 1075 692 1107 sunt
719 1067 1003 1113 ἀνηθοποίητοι
1032 1070 1115 1113 fere,
1141 1083 1276 1112 vereor,
1302 1083 1346 1105 ne
1371 1082 1426 1106 me
1458 1082 1528 1105 non
1557 1068 1618 1104 diu

81 1135 153 1170 sint
179 1133 299 1169 laturi.
336 1134 426 1180 Ego
453 1146 536 1169 vero
562 1133 597 1168 id
624 1133 777 1169 Domino
805 1136 922 1170 totum
947 1132 1128 1179 permitto,
1154 1131 1325 1178 illumque
1352 1144 1424 1174 oro,
1450 1134 1493 1167 ut
1519 1131 1619 1166 mini-

80 1197 227 1232 sterium
263 1208 376 1231 meum
411 1195 541 1241 dirigat
573 1194 616 1230 ad
651 1194 803 1230 nominis
837 1194 949 1230 sancti
983 1193 1039 1228 sui
1072 1192 1220 1239 gloriam
1253 1196 1289 1228 et
1326 1192 1501 1228 Ecclesiae
1536 1203 1619 1227 suae

85 1257 373 1293 aedificationem.
922 1289 925 1291 .

129 1318 258 1361 Vocor,
287 1317 333 1352 mi
360 1316 523 1352 Alberte!
551 1319 586 1352 et
613 1316 753 1362 quidem
780 1314 915 1361 magnis
941 1315 1101 1362 precibus
1127 1327 1147 1350 a
1172 1314 1338 1350 Prussiae
1356 1314 1623 1357 Duee‚homine

84 1383 120 1414 ct
147 1379 204 1426 pio
232 1382 268 1414 et
295 1377 396 1414 nobis
422 1377 488 1413 iam
516 1376 648 1412 dudum
673 1377 796 1412 amico.
834 1376 966 1412 Ternas
994 1377 1060 1412 iam
1086 1376 1128 1411 ab
1154 1376 1216 1411 illo
1243 1388 1348 1423 super
1373 1388 1413 1412 ea
1439 1388 1476 1411 re
1501 1375 1622 1411 literas

79 1439 205 1486 accepi.
232 1438 331 1474 Nihil
357 1441 472 1474 tamen
500 1438 655 1485 polliceri
682 1438 735 1473 illi
761 1439 872 1486 potui,
900 1441 1146 1486 praeterquam
1173 1438 1202 1473 si
1229 1437 1307 1473 hinc
1334 1437 1520 1484 propellar‚
1547 1436 1621 1472 Vo—

82 1500 187 1544 lebat,
214 1505 255 1536 ut
281 1500 334 1536 illi
359 1501 535 1536 mitterem
562 1500 742 1536 doctrinae
768 1513 870 1536 verae
897 1500 1085 1547 epitomen.
1112 1500 1197 1536 Misi
1223 1512 1282 1547 per
1310 1499 1476 1545 Egidium
1502 1499 1623 1535 uxoris

88 1573 184 1597 meae
211 1561 353 1597 fratrem
389 1562 430 1607 ⁷),
465 1561 525 1607 qui
572 1561 615 1596 ad
640 1573 704 1597 nos
729 1561 863 1608 pridem
889 1563 990 1597 totus
1016 1561 1273 1607 commigravit,
1300 1561 1445 1607 eiusque
1470 1560 1624 1596 reditum

82 1622 194 1658 indies
219 1623 287 1657 iam
312 1634 332 1657 a
357 1622 445 1658 duce
472 1625 618 1669 expecto
644 1624 687 1668 s).
737 1623 894 1658 Bucerus
920 1635 974 1659 me
999 1623 1163 1659 hortatus
1189 1625 1255 1666 est,
1281 1628 1323 1658 ut
1348 1635 1402 1658 me
1428 1622 1624 1659 conferrem

82 1683 127 1719 ad
161 1683 407 1719 coloniensem
446 1686 560 1726 tuum,
598 1683 655 1720 vel
693 1686 735 1719 ut
773 1684 929 1720 venirem
955 1684 999 1720 ad
1025 1697 1089 1720 vos
1116 1686 1159 1730 ὓ),
1186 1684 1215 1720 si
1241 1684 1295 1720 hic
1322 1684 1404 1720 mihi
1429 1684 1528 1720 locus
1553 1697 1625 1720 non

81 1749 186 1780 esset.
213 1743 290 1790 Ego
317 1756 412 1787 vero,
439 1744 486 1780 mi
512 1743 678 1780 Alberte!
706 1745 843 1780 etiamsi
869 1744 949 1780 hinc
973 1745 1198 1792 propellerer‚
1224 1758 1296 1782 non
1322 1745 1435 1789 video,
1461 1745 1518 1782 cui
1543 1746 1625 1782 usui

81 1805 139 1841 vel
171 1805 262 1849 istic,
302 1805 357 1841 vel
392 1805 484 1853 apud
523 1805 734 1853 Episcopum
762 1819 871 1843 essem
898 1806 1054 1850 futurus,
1080 1807 1285 1854 praesertim
1311 1820 1390 1843 cum
1416 1807 1538 1855 lingua
1562 1808 1626 1844 hac

80 1866 205 1902 docere
244 1879 316 1902 non
353 1867 496 1914 possim.
548 1867 697 1911 Deinde,
733 1869 762 1903 si
796 1868 906 1915 impar
942 1880 979 1904 es
1013 1868 1174 1905 obeundo
1207 1869 1259 1904 illi
1292 1869 1385 1917 apud
1410 1869 1623 1917 Episcopum

84 1928 233 1971 muneri,
260 1927 555 1974 quemadmodum
581 1928 716 1972 scribis,
743 1929 827 1975 quid
853 1929 908 1965 hic
935 1942 999 1975 ego
1025 1929 1068 1965 de
1094 1943 1148 1966 me
1166 1943 1219 1966 me
1237 1930 1380 1967 obsecro
1402 1931 1620 1977 cogitarem?

86 1987 284 2031 Postremo,
310 1988 402 2024 nosti
430 1987 630 2025 libertatem
657 2003 779 2026 meam.
806 1990 856 2026 Ea
882 2003 976 2026 nunc
1001 2003 1072 2027 non
1098 1991 1212 2027 ubivis
1238 1991 1353 2028 locum
1380 1992 1494 2037 habet,
1520 2005 1626 2039 quam

85 2060 156 2094 ego
190 2051 308 2084 tamen
343 2049 498 2085 omnium
537 2051 721 2086 maximam
757 2051 849 2087 inter
883 2051 1115 2099 Evangelicos
1150 2053 1312 2089 doctores
1345 2058 1465 2089 extare
1498 2054 1624 2091 debere

84 2112 184 2156 puto.
236 2109 302 2145 Sed
334 2110 414 2146 hinc
452 2111 607 2146 nondum
639 2111 827 2159 propellor,
863 2111 999 2148 etiamsi
1033 2126 1104 2149 non
1138 2114 1289 2150 multum
1315 2115 1408 2151 absit
1433 2116 1518 2162 quin
1544 2128 1624 2163 pro-

84 2169 205 2218 pellar,
232 2170 301 2206 nisi
336 2170 432 2217 quod
466 2172 666 2220 Principem
702 2173 784 2208 mihi
821 2174 996 2210 faventem
1032 2174 1151 2219 habeo,
1178 2188 1268 2222 quac
1294 2182 1336 2212 ut
1362 2180 1415 2213 est
1441 2178 1497 2225 pia
1521 2177 1624 2224 plane

83 2235 120 2268 et
155 2232 355 2268 Christiana
393 2232 556 2277 foemina,
592 2234 642 2270 ita
676 2247 740 2277 me,
766 2247 810 2271 ne
834 2247 871 2271 se
897 2234 1063 2279 deseram,
1089 2240 1203 2283 rogat.
1256 2237 1374 2274 Vellet
1399 2237 1458 2274 illa
1483 2238 1625 2285 quidem

84 2293 186 2330 nobis
223 2293 427 2330 adiumento
462 2307 537 2331 esse
570 2295 607 2331 in
646 2296 876 2333 restituendis
914 2297 1092 2341 Ecclesiis,
1131 2298 1190 2334 sed
1224 2299 1280 2334 uti
1305 2303 1359 2335 est
1385 2299 1548 2345 foemina,
1574 2301 1626 2337 ita

85 2355 234 2391 aliorum
267 2355 422 2391 consiliis
458 2356 605 2401 regitur,
641 2368 731 2403 quos
766 2357 832 2394 sibi
869 2358 904 2394 in
939 2358 1244 2395 administratione
1279 2360 1412 2407 reipub.
1438 2362 1626 2400 adiunctos

86 2415 200 2452 habet.
250 2416 318 2452 His
352 2428 437 2452 vero
472 2416 563 2452 nihil
598 2418 714 2454 minus
747 2418 843 2454 cordi
870 2422 934 2462 est,
961 2431 1066 2466 quam
1092 2420 1225 2467 religio,
1252 2424 1287 2456 et
1313 2421 1387 2458 sine
1413 2422 1549 2469 legibus
1574 2425 1626 2460 vi-

86 2487 167 2512 vere
215 2475 360 2519 assueti,
394 2488 437 2512 ne
469 2489 597 2513 nomen
632 2477 771 2523 quidem
811 2478 1014 2526 disciplinae
1052 2479 1182 2516 ferunt.
1232 2481 1268 2516 Si
1303 2481 1383 2517 hinc
1418 2482 1566 2530 pellerer
1590 2487 1628 2520 et

72 2536 206 2572 ‘certus
232 2548 342 2572 essem
370 2539 406 2572 te
433 2537 526 2584 apud
548 2536 760 2585 Episcopum
790 2540 1009 2576 vocationem
1037 2540 1238 2577 habiturum
1266 2555 1350 2586 esse,
1376 2542 1418 2578 ad
1445 2545 1546 2580 cuius
1571 2558 1627 2582 so-

89 2598 252 2634 cietatem
288 2602 324 2633 et
358 2598 431 2644 ipse
465 2611 619 2642 vocarer,
649 2613 718 2635 uon
753 2600 942 2637 abnuerem
980 2602 1110 2645 venire,
1137 2607 1179 2638 ut
1207 2608 1246 2639 tu
1272 2604 1424 2648 doceres,
1452 2618 1516 2652 ego
1544 2619 1627 2644 vero

90 2657 155 2694 tibi
189 2658 392 2695 adiumento
427 2672 548 2703 essem,
585 2662 789 2707 praesertim
822 2662 852 2698 si
877 2675 932 2699 me
957 2675 977 2699 a
1003 2663 1090 2700 duee
1115 2663 1281 2701 Prussiae
1306 2665 1453 2703 liberare
1477 2680 1626 2714 possem,

44 2769 51 2777 x
91 2716 128 2755 in
153 2732 225 2766 quo
251 2720 384 2766 alioqui
421 2721 581 2756 nonnihil
607 2722 718 2758 adhue
744 2723 914 2769 desidero,
940 2725 1035 2771 quod
1062 2725 1223 2772 equidem
1250 2728 1374 2764 testari
1399 2729 1499 2766 illum
1525 2743 1627 2778 opor-

92 2781 198 2823 teret,
228 2781 257 2816 si
284 2793 339 2817 me
365 2781 492 2818 habere
519 2782 638 2819 vellet.

140 2839 213 2875 Mei
248 2841 331 2877 milii
357 2841 394 2877 in
420 2843 533 2890 patria
559 2843 626 2878 iam
652 2843 820 2881 nuncium
847 2846 1058 2883 remiserunt
1083 2848 1258 2886 amicitiae
1282 2850 1394 2886 omnis
1421 2853 1458 2887 et
1483 2864 1628 2889 consue-

91 2898 241 2945 tudinis,
266 2904 308 2937 ut
334 2902 420 2938 nihil
448 2902 544 2940 illinc
570 2904 653 2941 mihi
679 2905 828 2954 amplius
854 2907 901 2943 sit
927 2908 1148 2956 sperandum.
1176 2909 1242 2945 Sed
1269 2923 1333 2957 ego
1360 2911 1474 2948 Deum
1493 2915 1627 2962 patrem
