1830 3147
1529 120 1601 159 255

71 245 148 271 non
176 232 328 270 laudem
353 231 467 270 modo
494 234 558 269 aut
585 230 807 280 dignitatem
834 231 961 277 ullam,
990 229 1053 268 sed
1081 243 1127 269 ne
1153 226 1278 269 l'ocum
1298 231 1451 282 quidem
1471 232 1604 277 ullum,

73 298 153 336 sine
180 297 286 346 gravi
312 296 454 347 alioqui
481 300 715 347 contemptae
743 295 1016 334 benedictionis
1045 296 1192 334 divinae
1228 297 1350 348 culpa,
1385 296 1424 334 in
1461 296 1604 334 Christi

70 361 183 399 etiam
219 360 387 399 Ecclesia
429 359 667 404 obtinuisset,
703 361 734 397 si
772 365 904 398 natura
941 364 1070 398 nostra
1096 361 1135 398 in
1162 361 1283 412 prima
1309 361 1376 398 illa
1403 361 1602 399 creationis

72 439 159 464 suae
192 426 407 475 integritate
439 425 715 476 permansisset.
773 425 880 463 Quae
908 438 994 463 vero
1023 425 1114 463 haec
1141 430 1196 463 est
1224 427 1334 472 ratio,
1361 430 1414 472 ut,
1441 439 1600 477 quorum

71 491 218 529 laudem
254 503 298 528 ac
334 489 556 540 dignitatem
596 490 708 527 nobis
746 489 995 536 commendat,
1021 503 1099 527 non
1125 494 1203 528 tam
1231 490 1402 541 equidem
1431 496 1496 528 aut
1521 491 1602 542 ipsa

72 558 124 593 rei
159 554 379 594 excellentia
414 567 480 605 per
517 567 566 599 se,
601 559 666 592 aut
703 558 853 591 aeterna
889 556 1000 602 (586)
1036 554 1178 605 alioqui
1215 554 1284 592 Dei
1321 567 1477 593 censura
1515 555 1604 600 ulla,

76 634 186 672 quam
213 620 339 671 potius
367 619 508 670 peccati
537 632 580 656 ac
609 620 850 670 corruptelaez
867 624 1017 657 nostrae
1046 619 1250 664 calamitas,
1275 641 1326 648 -
1352 623 1394 657 ut
1423 620 1524 665 haec,
1542 619 1604 657 in-

72 698 196 736 quam,
223 697 307 722 cum
335 684 413 721 eius
431 684 538 721 vitae
573 684 720 733 generis
749 684 932 734 dignitate
960 684 1213 728 conferantur,
1241 684 1378 722 nedum
1407 689 1446 722 ut
1474 685 1507 722 ei
1534 698 1604 722 an-

71 753 296 800 teponantur
313 770 365 778 —
381 748 483 800 quod
502 753 627 786 tamen
648 762 668 786 a
688 749 873 800 plerisque
893 750 1033 787 factum
1050 749 1217 788 videmus
1232 751 1393 802 —quod
1406 755 1440 788 et
1452 758 1602 790 aeterna

73 814 143 852 Dei
179 827 333 853 censura
366 814 406 851 in
450 818 608 852 naturae
651 814 775 851 ad'nuc
819 819 968 852 nostrae
1010 815 1226 864 integritate
1270 817 1523 855 collaudatum
1560 830 1603 855 ac

71 892 217 917 rursum
255 879 294 916 in
335 883 510 930 corrupta
552 879 698 916 demum
728 879 839 917 etiam
867 884 1001 917 natura
1029 883 1157 918 nostra
1184 882 1453 932 praescriptum
1481 886 1517 920 et
1545 887 1603 920 tot

70 948 257 994 praeterea
294 943 482 993 tantisque
519 943 657 980 divinis
693 943 881 992 mysteriis
918 943 1201 982 cohonestatum
1230 946 1604 998 commendatumque

72 1020 151 1045 esse
197 1008 369 1045 constat?
423 1007 621 1045 Quatenus
656 1007 772 1056 igitur
807 1014 956 1045 omnem
992 1008 1103 1046 nobis
1139 1009 1294 1047 omnino
1333 1011 1455 1049 omnis
1491 1011 1602 1050 etiam

73 1071 280 1109 coelibatus
316 1071 543 1109 observandi
578 1071 726 1108 laudem
754 1084 796 1108 ac
825 1071 1045 1121 dignitatem
1085 1073 1228 1123 peperit
1255 1074 1335 1124 ipsa
1362 1076 1506 1125 peccati
1533 1088 1603 1113 no-

75 1136 143 1173 stri
171 1141 393 1187 nostraeque
423 1137 654 1187 corruptelae
683 1136 886 1179 calamitas,
911 1157 962 1164 —
990 1141 1174 1188 quatenus
1192 1138 1280 1175 item
1301 1140 1428 1177 omnia
1450 1153 1603 1192 corrup-

70 1201 164 1239 telae
210 1206 360 1239 nostrae
404 1200 806 1252 incommodorumque
851 1202 898 1240 ab
934 1202 999 1239 illa
1034 1203 1288 1253 profectorum
1326 1205 1488 1243 remedia
1526 1219 1603 1245 non

73 1266 147 1303 alio
184 1270 365 1316 spectant,
401 1279 512 1317 quam
554 1266 601 1303 ad
641 1267 800 1303 amissae
827 1267 969 1317 primae
996 1267 1098 1304 illius
1127 1271 1277 1305 nostrae
1304 1268 1533 1319 integritatis
1560 1283 1604 1308 ac

73 1331 268 1380 dignitatis
313 1331 598 1382 reparationem,
641 1331 682 1369 in
726 1345 800 1382 qua
841 1332 1120 1370 matrimonium
1169 1333 1310 1384 alioqui
1347 1334 1471 1384 ipsum
1514 1335 1604 1373 olim

72 1397 433 1447 praestantissimum
471 1396 510 1434 in
547 1396 657 1434 terris
695 1397 792 1434 vitae
828 1410 946 1446 genus
984 1398 1153 1435 futurum
1188 1403 1279 1443 erat,
1315 1400 1462 1438 etiamsi
1498 1401 1603 1438 illam

74 1474 174 1498 nunc
210 1461 249 1498 in
286 1461 435 1499 Christo
474 1461 637 1498 Domino
666 1461 957 1512 locupletissime
984 1463 1211 1508 restitutam,
1236 1468 1347 1514 atque
1374 1465 1603 1516 amplissimo

73 1531 259 1577 praeterea
286 1526 439 1563 foenore
460 1529 602 1563 auctam
627 1526 840 1571 habeamus,
857 1547 908 1555 —
927 1525 1106 1564 hactenus
1126 1531 1224 1564 certe
1243 1540 1362 1578 neque
1379 1529 1604 1578 virginitatis

73 1590 191 1641 ipsius
238 1603 357 1640 neque
404 1590 514 1627 ullius
561 1589 715 1627 omnino
751 1590 957 1640 quamlibet
1000 1589 1142 1627 laudati
1188 1592 1393 1630 coelibatus
1439 1593 1604 1642 dignitas

75 1668 158 1692 cum
196 1655 306 1692 laude
342 1667 385 1692 ac
423 1654 606 1704 dignitate
633 1656 744 1702 (587)
773 1654 1004 1692 matrimonii
1032 1655 1195 1692 conferri
1222 1656 1300 1693 ullo
1329 1657 1440 1694 modo
1467 1663 1603 1709 potest.

77 1720 127 1758 Et
165 1720 336 1770 proinde,
374 1719 405 1756 si
432 1719 614 1768 originem
644 1720 761 1769 ipsam
789 1718 1022 1756 matrimonii
1051 1732 1131 1756 cum
1160 1720 1419 1759 laudatissimo
1456 1735 1604 1774 quoque

72 1785 184 1822 etiam
213 1785 419 1830 coelibatus
446 1797 580 1834 genere
609 1785 860 1830 conferamus,
886 1784 995 1821 facile
1023 1784 1245 1831 videbimus,
1274 1787 1419 1824 nullum
1447 1789 1602 1827 omnino

74 1849 170 1887 vitae
207 1849 267 1887 hie
303 1854 452 1887 nostrae
487 1862 618 1898 genus,
653 1848 754 1899 quod
790 1848 830 1885 in
868 1861 906 1885 se
943 1853 1011 1892 est,
1048 1849 1290 1887 matrimonio
1339 1851 1487 1900 dignius
1524 1866 1604 1891 esse

74 1913 339 1965 quoquomodo
385 1927 429 1951 cx
474 1914 554 1964 ipsa
601 1912 669 1950 Dei
710 1912 961 1959 institutione,
1005 1913 1149 1950 etiamsi
1194 1915 1305 1952 nobis
1351 1916 1603 1965 virginitatem

73 1979 219 2030 aliaque
254 1979 396 2017 laudati
433 1979 639 2016 coelibatus
675 1991 823 2028 genera,
860 1978 917 2015 vel
951 1978 1142 2016 Ecclesiae
1181 1980 1365 2030 collapsae
1402 1984 1604 2021 necessitas

74 2043 113 2080 in
149 2044 267 2093 ipsius
303 2043 520 2080 ministeriis
557 2043 754 2086 obeundis,
791 2043 849 2080 vel
884 2043 995 2080 etiam
1033 2043 1280 2082 commoditas
1318 2047 1498 2096 quaedam
1533 2049 1604 2086 sub

77 2107 147 2144 hac
175 2108 404 2158 corruptelae
430 2113 580 2145 nostrae
609 2107 767 2153 miseria,
793 2107 992 2156 insigniter
1019 2107 1097 2145 Deo
1133 2108 1216 2158 ipso
1251 2114 1380 2148 autore
1416 2123 1607 2151 commen-

76 2172 149 2210 det.
188 2171 344 2217 Deinde,
371 2172 403 2209 si
429 2172 541 2209 finem
569 2185 718 2222 quoque
744 2172 868 2222 ipsum
895 2172 1125 2209 matrimonii
1153 2177 1371 2223 spectemus,
1398 2175 1484 2213 inde
1512 2190 1607 2228 quo-

74 2249 146 2287 que
181 2235 289 2274 facile
325 2237 529 2287 apparebit,
564 2249 641 2274 non
677 2250 757 2274 esse
792 2237 909 2274 ullum
947 2237 1101 2274 omnino
1130 2238 1167 2274 iu
1195 2239 1303 2276 terris
1333 2240 1482 2288 dignius
1511 2242 1608 2280 vitae

74 2314 192 2351 genus
220 2301 474 2340 matrimonio.
523 2302 614 2339 Cum
644 2302 743 2338 enim
772 2301 872 2339 Deus
898 2301 950 2339 ita
977 2302 1025 2338 ab
1053 2306 1201 2340 aeterna
1231 2304 1433 2350 statuisset,
1459 2310 1501 2343 ut
1540 2320 1608 2356 ge-

76 2379 146 2404 nus
201 2366 407 2403 humanum
459 2379 523 2416 per
576 2365 853 2415 generationem
910 2366 1234 2417 multiplicaretur,
1269 2374 1381 2419 atque
1420 2383 1496 2408 non
1534 2372 1607 2410 vim

76 2429 188 2467 modo
223 2430 358 2480 ipsam,
395 2429 562 2467 divinum
599 2430 709 2480 plane
746 2431 888 2481 alioqui
926 2431 1078 2476 donum,
1106 2431 1170 2469 scd
1206 2431 1378 2470 affectum
1405 2436 1515 2473 etiam
1544 2449 1608 2487 pe-

78 2495 254 2532 culiarem
291 2500 446 2533 naturae
474 2500 624 2532 nostrae
659 2495 785 2533 divina
813 2509 879 2533 sua
907 2496 1165 2534 benedictione
1193 2496 1401 2544 insevisset‚
1427 2521 1477 2528 —
1507 2502 1609 2552 equi-

79 2563 174 2607 dem,
203 2567 242 2600 ut
278 2563 373 2600 nibil
411 2566 465 2600 cst
503 2562 797 2608 convenientius,
832 2562 885 2600 ita
922 2562 1016 2599 nihil
1045 2563 1156 2600 etiam
1185 2568 1240 2600 est
1267 2564 1420 2613 dignius
1449 2566 1611 2609 homine,

77 2639 189 2677 quam
228 2631 280 2664 ut·
303 2631 464 2664 mentem
501 2639 544 2664 ac
578 2627 775 2664 consilium
817 2633 1006 2665 aeternum
1045 2627 1114 2664 Dei
1142 2627 1186 2666 de
1221 2629 1509 2681 multiplicando
1546 2646 1611 2684 per

76 2691 357 2740 generationem
387 2691 550 2728 humano
580 2704 714 2740 genere
743 2697 930 2742 sequatur,
959 2704 1041 2728 cum
1072 2691 1117 2728 ad
1146 2688 1186 2729 id⁴
1212 2695 1429 2743 praesertim
1462 2702 1498 2734 et
1534 2698 1608 2734 vim

78 2755 196 2806 ipsam
233 2760 269 2792 et
305 2757 417 2803 (588)
455 2755 624 2793 affectum
662 2760 816 2793 naturae
855 2769 941 2793 suae
978 2755 1046 2793 Dei
1074 2756 1192 2805 ipsius
1220 2756 1480 2797 benedictione
1516 2760 1610 2798 insi-

79 2824 159 2857 tum
185 2818 238 2856 ita
275 2819 423 2864 habeat,
452 2826 491 2857 ut
519 2832 654 2867 negare
682 2832 757 2857 non
786 2821 916 2870 possit,
945 2833 981 2857 se
1008 2820 1047 2856 in
1077 2819 1148 2857 hoc
1174 2821 1225 2858 ita
1253 2835 1272 2858 a
1304 2822 1382 2860 Deo
1409 2824 1490 2875 ipso
1520 2837 1612 2862 con·

81 2883 199 2921 ditum
228 2883 382 2921 omnino
419 2896 509 2922 esse.
566 2883 718 2934 Alioqui
747 2897 829 2921 cum
859 2883 960 2921 Deus
988 2883 1144 2934 ipsemet
1185 2885 1425 2924 solitudinem
1468 2887 1610 2928 homini
