1830 3147
1564 101 1635 138 185

94 212 255 249 fratrum
282 213 499 249 nostrorum
526 203 759 260 pudefiamus
788 223 852 261 per
879 210 1023 261 peccati
1052 210 1172 248 nostri
1199 210 1444 260 agnitionem,
1464 225 1575 262 quam
1597 215 1637 250 ut

93 280 223 327 postea
259 289 385 314 coram
423 279 503 313 toto
532 274 674 312 mundo
702 275 741 313 in
771 279 973 326 conspectu
1011 274 1080 312 Dei
1114 276 1421 327 Angelorumque
1447 289 1491 314 ac
1519 278 1637 314 Sanc-

95 345 221 378 torum
249 342 360 389 (306)
398 353 553 377 suorum
581 339 751 377 omnium
779 339 874 377 illud
900 338 1012 376 inviti
1050 339 1096 376 ad
1132 345 1321 378 aeternam
1349 346 1517 380 nostram
1548 355 1637 380 con-

98 404 377 442 demnationem
414 417 618 454 agnoscere
657 417 848 453 cogamur,
884 403 1068 454 siquidem
1106 404 1201 442 illud
1237 405 1298 442 hic
1335 419 1538 455 agnoscere
1574 406 1639 444 de·

94 474 306 509 trectemus.
354 469 471 507 Hisce
497 473 533 507 et
561 469 748 507 similibus
777 469 900 507 verbis
929 469 1114 507 excitatur
1141 470 1258 508 frater
1292 471 1356 509 ille
1393 471 1639 511 denunciatus

97 535 143 572 ad
180 534 431 586 peragendam
465 535 566 572 ultro
605 547 648 572 ac
675 535 839 573 libenter
866 534 1057 586 publicam
1084 534 1355 586 poenitentiam
1383 537 1430 574 ad
1458 537 1527 575 Dei
1554 538 1639 587 glo-

97 599 191 637 riam
214 588 255 638 iet
282 599 474 637 Ecclesiae
503 599 815 638 aedificationem.

145 664 206 701 Ad
256 664 500 702 constitutum
538 677 649 715 porro
685 664 857 716 publicae
894 664 1147 715 poenitentiae
1184 664 1281 702 diem
1320 666 1451 704 concio
1488 667 1640 718 publica

94 730 286 782 paululum
331 729 579 775 contrahitur,
624 734 666 767 ut
714 729 836 766 brevis
874 729 1057 780 quaedam
1097 729 1141 767 de
1176 730 1351 780 publicae
1386 732 1641 782 poenitentiae

93 797 307 835 rationibus
334 796 627 835 tractatiuncula
655 796 755 848 apud
784 795 993 833 Ecclesiam
1023 795 1153 833 haberi
1181 796 1313 846 possit.
1366 797 1456 836 Post
1487 799 1640 837 concio-

97 876 182 900 nem
215 862 343 912 igitur,
379 861 565 899 absolutis
592 861 756 912 publicis
785 861 976 898 Ecclesiae
1003 861 1191 912 precibus,
1219 862 1438 913 priusquam
1468 864 1639 903 Psalmus

95 928 326 971 decantetur,
354 927 602 965 Ecclesiastes
630 927 776 964 orditur
799 927 1133 964 tractatiunculam
1163 927 1206 965 de
1233 928 1387 979 publica
1407 930 1639 980 poenitentia

94 993 133 1030 in
180 992 349 1030 Ecclesia
386 991 526 1030 Christi
571 995 684 1042 atque
726 991 828 1029 illius
865 992 990 1029 fontes
1026 992 1066 1029 in
1101 992 1298 1042 scripturis
1336 994 1476 1031 sanctis
1511 995 1641 1045 paucis

94 1062 377 1095 commonstrat.
433 1056 592 1107 Oportet
629 1055 730 1093 enim
765 1056 892 1093 omnia
934 1056 975 1093 in
1014 1056 1156 1093 Christi
1196 1057 1363 1095 Ecclesia
1409 1058 1557 1096 institui
1593 1060 1640 1098 ad

92 1122 194 1160 illius
231 1121 546 1167 aedificationem,
582 1125 619 1159 et
655 1135 732 1159 non
770 1125 826 1159 est
863 1121 936 1158 alia
972 1121 1060 1167 ulla,
1099 1121 1203 1159 iuxta
1241 1122 1408 1169 Paulum,
1450 1124 1640 1173 legitimae

93 1185 364 1223 aedificationis
390 1185 430 1222 in
460 1185 602 1223 Christi
630 1185 799 1224 Ecclesia
827 1186 938 1229 ratio,
965 1199 1078 1237 quam
1107 1191 1160 1231 ut,
1187 1187 1374 1238 quidquid
1402 1189 1558 1227 omnino
1573 1203 1640 1228 ex-

92 1255 215 1289 truere
241 1251 426 1295 volumus,
453 1251 492 1288 id
519 1255 641 1288 totum
668 1251 793 1302 posito
821 1251 896 1288 iam
923 1265 989 1302 per
1016 1252 1224 1303 Prophetas
1253 1256 1288 1290 et
1318 1255 1522 1304 Apostolos
1550 1256 1637 1293 fun-

93 1315 268 1353 damento
315 1318 616 1366 superstruamus
647 1315 690 1364 ¹).
746 1315 886 1353 Fontes
929 1328 1042 1367 porro
1089 1316 1264 1367 publicae
1309 1318 1562 1369 poenitentiae
1596 1320 1637 1358 in

91 1381 157 1419 illo
202 1380 343 1418 Christi
380 1379 534 1417 Domini
569 1379 749 1418 mandato
796 1381 1257 1429 commonstra-(307)bit‚
1294 1396 1368 1433 quo
1403 1383 1641 1435 praecipitur,

92 1449 135 1483 ut
175 1445 240 1496 qui
274 1445 429 1482 fratrem
467 1458 575 1482 suum
613 1458 766 1496 quoquo
803 1445 915 1482 modo
954 1445 1119 1491 offendit,
1154 1446 1211 1483 illi
1239 1460 1277 1484 se
1305 1447 1477 1498 protinus
1505 1462 1639 1487 recon-

95 1509 207 1555 ciliet,
241 1509 424 1560 siquidem
463 1510 582 1547 ullum
612 1522 704 1560 opus
740 1523 848 1547 suum
877 1509 1042 1548 Domino
1080 1510 1161 1549 Deo
1189 1515 1341 1560 gratum
1368 1526 1447 1551 esse
1476 1514 1564 1552 velit
1592 1512 1639 1562 2).

95 1574 246 1613 Etenim
274 1573 364 1617 linc
400 1574 588 1618 docemur,
628 1575 659 1612 si
694 1575 820 1625 plures
858 1574 1135 1621 offenderimus,
1180 1577 1306 1628 plures
1344 1591 1494 1629 quoque
1527 1580 1639 1618 nobis

94 1633 394 1678 reconciliandos
429 1653 520 1685 esse,
556 1643 592 1677 et
619 1640 790 1691 proinde,
819 1641 849 1678 si
877 1645 996 1679 totam
1033 1642 1130 1679 forte
1168 1642 1377 1681 Ecclesiam
1407 1648 1472 1681 aut
1502 1645 1638 1683 bonam

91 1704 235 1757 alioqui
271 1705 372 1742 illius
409 1710 549 1756 partem
588 1705 862 1752 offenderimus,
889 1706 960 1744 toti
997 1720 1067 1745 nos
1105 1707 1217 1745 etiam
1245 1708 1439 1747 Ecclesiae
1466 1711 1638 1748 reconci-

89 1771 174 1808 liari
210 1774 394 1823 oportere.
435 1770 629 1814 ,Traditur
663 1784 775 1821 porro
814 1771 925 1809 nobis
961 1772 1103 1810 ibidem
1137 1772 1217 1823 ipse
1243 1773 1378 1811 modus
1406 1774 1518 1812 etiam
1546 1776 1638 1822 eius,

91 1850 203 1887 quam
241 1835 412 1874 Christus
448 1836 619 1887 imperat,
656 1837 988 1881 reconciliationis,
1025 1837 1112 1874 dum
1149 1851 1224 1883 eos,
1261 1852 1355 1889 quos
1404 1839 1639 1885 offendimus,

91 1916 119 1940 a*
140 1901 194 1939 ire
237 1902 388 1952 illisque
433 1902 671 1939 reconciliari
716 1902 901 1941 iubemur.
957 1903 1006 1941 Et
1051 1903 1216 1941 Iacobus
1263 1905 1355 1950 vult,
1398 1908 1440 1942 ut
1489 1907 1635 1958 culpam

91 1965 191 2017 apud
234 1978 298 2003 eos
343 1970 511 2003 nostram
557 1979 808 2015 agnoscamus
852 1967 1073 2018 veniamque
1118 1968 1215 2019 apud
1262 1968 1348 2006 11105
1384 1975 1554 2020 petamus
1591 1975 1636 2021 3).

91 2031 303 2080 Utrumque
329 2030 429 2068 enim
455 2030 496 2068 id
524 2044 596 2068 vox
625 2031 831 2069 confitendi
858 2032 957 2082 apud
985 2032 1170 2070 Iacobum
1192 2034 1465 2084 complectitur.
1496 2036 1637 2085 Quare,

91 2100 133 2133 ut
168 2095 279 2133 nobis
316 2099 404 2133 sunt
437 2095 601 2133 adeundi
644 2096 790 2141 fratres,
827 2110 922 2148 quos
959 2097 1194 2144 offendimus,
1229 2101 1544 2152 agnoscendaque
1581 2108 1636 2141 est

94 2161 205 2200 nobis
247 2160 347 2212 apud
391 2161 477 2198 illos
522 2160 739 2199 offendiculi
776 2163 897 2200 nostri
936 2163 1042 2214 culpa
1080 2167 1115 2201 et
1151 2164 1311 2215 petenda
1349 2166 1470 2212 venia,
1507 2171 1547 2206 ut
1584 2169 1637 2208 eis

92 2226 390 2271 reconciliemur,
425 2248 476 2255 —
510 2226 575 2272 ita,
622 2227 653 2265 si
695 2231 813 2265 totam
859 2229 1024 2279 aliquam
1064 2229 1275 2267 Ecclesiam
1313 2230 1498 2270 bonamve
1533 2233 1637 2274 illius

93 2296 236 2344 partem
273 2291 495 2330 offendimus
524 2292 601 2330 ullo
630 2292 756 2338 modo,
784 2293 904 2344 ipsam
932 2294 1044 2331 nobis
1073 2294 1187 2331 etiam
1215 2295 1422 2334 Ecclesiam
1451 2297 1490 2335 in
1529 2304 1637 2337 coetu

95 2371 161 2395 suo
198 2357 408 2396 adeundam
443 2371 523 2395 esse
556 2358 824 2407 intelligemus,
860 2363 1044 2409 quatenus
1083 2372 1171 2397 sane
1199 2360 1395 2399 universus
1422 2362 1524 2401 illius
1553 2377 1637 2403 coe-

93 2427 154 2461 tus
189 2436 289 2460 unus
321 2422 363 2460 in
401 2422 552 2476 Christo
594 2423 756 2461 Domino
793 2424 905 2460 homo
945 2437 1025 2462 esse
1069 2429 1253 2464 censetur.
1308 2427 1638 2481 Agnoscendaque

93 2489 205 2526 nobis
232 2488 302 2526 erit
329 2487 427 2539 apud
457 2492 577 2526 totam
605 2488 814 2526 Ecclesiam
842 2488 1194 2538 offendi-(308)culi
1222 2491 1344 2528 nostri
1373 2492 1480 2543 culpa
1510 2497 1545 2532 et
1572 2508 1638 2546 pe-

93 2553 206 2592 tenda
243 2553 364 2598 venia,
391 2566 465 2604 qua
493 2556 597 2604 parte
624 2553 727 2590 illam
755 2566 821 2604 per
848 2566 918 2591 nos
947 2553 1124 2592 offensam
1155 2568 1234 2593 esse
1262 2555 1374 2594 nobis
1403 2558 1547 2596 conscii
1575 2572 1639 2597 su·

95 2633 190 2665 mus,
215 2622 259 2657 ut
285 2618 340 2656 illi
368 2619 670 2659 reconciliemur.

145 2684 233 2721 Hoc
269 2697 357 2721 vero
392 2684 530 2734 ipsum,
566 2697 698 2734 nempe
734 2684 972 2722 reconciliari
1009 2685 1056 2722 ad
1093 2698 1175 2723 eum
1205 2686 1359 2724 modum
1387 2687 1547 2726 offensae
1575 2703 1640 2740 per

95 2763 164 2787 nos
199 2750 405 2792 Ecclesiae,
441 2762 510 2787 nos
550 2749 740 2800 publicam
776 2749 1047 2800 poenitentiam
1076 2763 1266 2797 vocamus,
1301 2756 1338 2790 et
1375 2753 1499 2791 fontes
1536 2754 1638 2793 illius

93 2814 134 2851 in
162 2814 357 2865 scripturis
385 2813 500 2851 hosce
529 2817 886 2853 commonstramus.
1278 2808 1282 2825 ‘

141 2901 165 2940 ¹)
188 2900 272 2942 Eph.
293 2902 324 2932 4.
411 2902 436 2941 2)
460 2902 578 2935 Matth.
603 2903 630 2940 5,
717 2902 743 2942 3)
768 2902 856 2936 Iaco.
883 2903 911 2934 5.
