1830 3147
833 103 900 136 ‹303
1357 102 1424 148 [A.
1453 103 1496 138 1).
1524 103 1634 145 1546]

104 220 242 255 prorsus
274 207 433 243 laudibus
467 209 502 242 in
534 207 664 243 Christi
699 207 856 244 Ecclesia
880 208 1035 255 dignum,
1068 210 1117 245 ita
1143 209 1280 245 iuterim
1306 210 1341 246 in
1367 209 1430 246 hac
1456 210 1633 258 signorum

103 280 226 305 caussa
252 267 499 304 hallucinatum
525 279 611 305 esse.
645 267 832 312 Videlicet,
859 281 900 305 ea
924 281 978 306 res
1002 269 1101 306 nobis
1125 269 1334 308 documento
1354 274 1421 314 est,
1441 284 1504 308 nos
1518 285 1639 308 omnes

104 340 179 365 esse
209 329 376 371 homines,
410 329 473 366 hoc
505 332 572 371 est,
610 329 789 365 mendaces
820 330 913 377 quod
951 330 986 366 in
1012 330 1111 367 nobis
1135 331 1274 379 quidem
1301 334 1368 374 est,
1397 335 1438 368 ut
1463 345 1506 369 nc
1534 334 1639 370 ullius

105 390 247 427 omnino
278 390 314 427 in
359 390 457 426 terris
490 390 636 426 hominis
669 392 859 427 autoritate
890 391 1052 434 nitamur,
1088 392 1148 427 sed
1182 394 1330 430 sciamus
1356 394 1506 435 interim,
1543 394 1638 442 ligna

107 453 244 489 foenum
279 462 321 487 ae
353 450 500 498 stipulas
534 450 675 487 humani
707 452 831 488 erroris
867 454 977 488 nostri
1008 452 1241 489 absumendas
1274 454 1414 502 quidem
1451 467 1526 491 esse
1559 456 1639 503 igue

106 511 202 548 verbi
236 511 373 547 Divini:
409 511 470 547 sed
504 523 566 547 nos
600 515 715 548 tamen
741 512 937 549 hauddubie
960 513 1074 549 salvos
1100 514 1188 555 fore,
1215 515 1384 562 tantisper
1409 515 1490 552 dum
1517 516 1639 553 funda-

107 576 223 609 mento
256 575 377 608 nostro
411 572 565 615 nitimur,
599 574 656 610 cui
689 573 849 621 equidem
881 574 995 626 nisum
1022 586 1097 610 esse
1124 574 1316 612 Lutherum
1343 579 1420 612 toto
1446 576 1552 613 cordo
1577 590 1642 614 suo

108 646 208 670 nemo
242 645 367 681 negare
401 637 528 681 potest,
563 638 603 670 ut
636 635 771 671 iuterim
805 647 928 671 aurum
963 647 1115 682 gemmas
1152 640 1188 672 et
1219 640 1400 683 argentum
1426 639 1461 674 in
1486 639 1644 676 doctrina

108 706 171 730 sua
196 696 342 732 taceam.
383 694 485 731 Certe
507 706 663 731 caussam
689 696 951 732 iustificationis
977 700 1114 733 nostrae
1139 709 1199 744 per
1223 697 1402 734 Christum
1427 698 1486 734 ille
1511 699 1641 746 primus

107 759 226 792 nostro
262 755 384 792 seculo
417 757 502 792 mira
538 756 707 793 felicitate
743 757 945 800 illustravit,
985 770 1110 795 arcana
1135 758 1331 806 iniquitatis
1357 760 1568 797 Antichristi
1592 762 1642 797 ita

108 815 254 859 detexit,
279 820 319 853 ut
343 817 458 864 pueris
483 830 620 865 quoque
646 822 730 854 nota
755 818 839 861 sint,
867 830 956 866 quae
981 823 1085 856 antea
1113 823 1249 856 tantum
1276 833 1346 857 non
1370 821 1511 868 perinde
1535 825 1643 869 atque

108 877 203 913 Deus
233 878 306 924 ipse
344 882 421 914 toto
455 879 525 914 sere
559 878 640 915 orbe
671 878 916 921 adorabantur,
950 879 1122 916 Ecclesias
1158 881 1313 917 infinitas
1349 882 1448 918 iuxta
1473 882 1641 920 traditum

107 934 171 971 sibi
206 935 334 972 donum
369 936 535 978 restituit,
571 937 776 973 adversariis
809 937 992 985 Euangelii
1027 938 1157 974 Christi
1192 942 1292 975 tanto
1317 939 1449 987 Spiritu
1475 943 1643 989 tantaque

108 996 307 1032 constantia
331 996 374 1032 ad
401 1001 544 1032 mortem
572 1008 680 1044 usque
706 997 837 1033 restitit
862 1001 902 1034 ut
926 1010 995 1034 non
1021 998 1192 1035 immerito
1216 999 1304 1035 hanc
1329 999 1465 1036 laudem
1481 1001 1641 1038 omnibus

105 1056 182 1092 aliis
207 1057 431 1104 praeripuisse
457 1056 566 1093 videri
591 1058 717 1105 possit:
750 1057 811 1094 sed
845 1059 881 1094 in
914 1059 955 1095 iis
989 1059 1212 1095 nihilominus
1236 1060 1395 1096 omnibus
1421 1061 1521 1097 homo
1547 1067 1637 1105 erat,

108 1116 202 1163 quod
235 1117 374 1164 quidem
406 1116 450 1153 dc
482 1117 584 1154 nobis
616 1122 651 1154 et
682 1130 745 1154 nos
778 1119 873 1155 illius
902 1119 1061 1166 exemplo
1093 1119 1261 1157 admoniti
1298 1125 1465 1169 perpetuo
1489 1123 1642 1170 cogitare

106 1177 284 1214 debemus.
335 1178 396 1214 An
427 1179 462 1214 in
494 1191 557 1214 vos
591 1178 720 1226 aliquid
761 1179 876 1215 denuo
908 1179 1100 1222 adornarit,
1135 1181 1264 1221 neseio,
1297 1181 1382 1218 nihil
1415 1183 1506 1219 enim
1544 1184 1643 1220 huius

108 1238 242 1281 audivi,
261 1237 334 1281 sed,
359 1240 426 1274 etsi
450 1238 533 1286 quid
560 1239 730 1275 eiusmodi
756 1244 860 1281 esset,
883 1244 1059 1287 premetur
1085 1242 1253 1283 fortassis,
1279 1253 1322 1277 ne
1346 1246 1460 1278 exeat·
1496 1244 1640 1281 Interim

106 1300 178 1335 sive
203 1304 390 1347 prematur,
424 1300 498 1336 sive
531 1304 633 1336 excat
658 1301 827 1337 eiusmodi
852 1301 996 1349 aliquid,
1021 1302 1148 1338 vellem
1175 1307 1214 1338 ut
1239 1303 1502 1340 laudatiuneula
1526 1305 1642 1353 aliqua

109 1360 199 1396 tanti
231 1360 294 1396 viri
329 1364 484 1396 vestrum
519 1373 600 1409 erga
634 1361 731 1397 illum
761 1361 945 1398 candorem
982 1365 1088 1411 atquc
1113 1375 1264 1399 amorem
1291 1363 1537 1407 Christianum,
1562 1377 1641 1402 eum

106 1433 231 1457 causae
266 1421 368 1457 huius
401 1422 699 1458 Sacramentariae
733 1423 889 1458 modesta
913 1424 1074 1471 quapiam
1101 1425 1318 1471 exceptione.
1343 1428 1638 1468 contestarcmiui.

108 1482 328 1518 Obturaretis
360 1482 528 1529 singulari
563 1483 627 1519 hoc
661 1482 848 1519 modestiae
874 1490 1007 1520 vestrae
1033 1486 1192 1533 exemplo
1217 1498 1277 1521 ora
1302 1487 1492 1524 multorum
1517 1489 1639 1525 adver·

108 1540 278 1575 sariorum
305 1540 502 1587 Euangelii.
541 1540 633 1586 apud
669 1541 742 1586 pios
779 1552 863 1576 vero
888 1553 1006 1577 omnes
1032 1554 1190 1589 magnam
1217 1543 1336 1588 procul
1362 1544 1467 1581 dubio
1492 1546 1638 1592 gratiam

107 1601 252 1642 iniretis,
285 1605 321 1635 et
352 1599 443 1647 quod
480 1600 689 1646 praecipium
724 1604 789 1641 est,
822 1612 891 1636 non
918 1601 1059 1648 vulgare
1083 1602 1296 1648 integritatis
1322 1608 1458 1640 vestrae
1483 1605 1642 1641 testimo-

107 1662 203 1698 nium
236 1661 419 1697 universae
451 1660 583 1696 Christi
618 1661 797 1697 Ecclesiae
831 1661 975 1697 daretis.
1026 1662 1102 1698 Imo
1136 1662 1171 1698 id
1205 1675 1342 1711 quoque
1366 1665 1548 1701 efficeretis
1574 1667 1640 1702 sor·

108 1723 222 1764 tassis,
264 1726 304 1758 ut
339 1722 427 1758 ratio
466 1722 583 1770 aliqua
623 1721 860 1759 conciliandae
897 1721 1000 1758 huius
1049 1724 1306 1760 controversiae
1343 1726 1640 1763 Sacramentariae

108 1785 236 1821 maiore
277 1795 380 1831 quam
414 1787 517 1819 autea
556 1795 706 1831 unquam
747 1783 866 1819 studio
901 1788 1138 1832 quaereretur,
1185 1797 1273 1832 quae
1307 1785 1444 1833 quidem
1477 1787 1552 1823 sola
1586 1799 1639 1824 res

107 1846 262 1881 sufficere
296 1846 450 1886 deberet,
488 1844 532 1880 ad
564 1845 698 1880 animos
725 1848 859 1880 vestros
884 1844 952 1881 huc
977 1844 1190 1882 excitandos
1242 1847 1340 1885 Quid
1367 1848 1456 1883 enim
1485 1850 1638 1895 optatius

105 1906 259 1943 accidere
291 1911 419 1953 posset,
451 1918 562 1953 vquam
595 1909 636 1942 ut
669 1905 753 1941 haee
788 1906 1024 1941 controversia
1057 1909 1344 1953 componeretur?
1381 1909 1440 1944 Ad
1478 1910 1572 1956 quod
1609 1911 1639 1947 si

106 1967 239 2002 animos
273 1969 406 2002 vestros
442 1978 631 2013 propensos
657 1965 820 2007 viderem,
847 1966 1048 2013 praesertim
1075 1979 1143 2001 una
1168 1978 1247 2002 eum
1273 1971 1390 2004 vestro
1419 1970 1637 2016 magistratu.

105 2027 294 2064 laborarem
332 2039 415 2063 sane
450 2027 561 2062 modis
592 2026 763 2068 omnibus,
798 2026 852 2062 vel
886 2026 978 2074 apud
1012 2027 1261 2073 Lantgravium
1284 2028 1443 2069 Hessiae,
1469 2030 1521 2065 vel
1546 2032 1637 2077 apud

118 2088 276 2124 *lomitem
302 2087 500 2123 Palatinum
526 2087 736 2128 memorum,
771 2098 917 2134 quorum
943 2088 1082 2134 utrique
1108 2089 1200 2124 notis
1227 2100 1317 2129 sum,
1342 2089 1397 2125 vel
1422 2090 1512 2136 apud
1539 2092 1637 2128 Prin-

104 2149 214 2194 cipem
242 2159 355 2183 mcum
389 2147 585 2184 Electorum
619 2147 874 2189 coloniensem,
908 2151 947 2183 ut
982 2148 1190 2195 colloquium
1216 2149 1396 2185 doctorum
1421 2150 1561 2198 aliquod
1587 2153 1638 2188 in-

106 2208 322 2250 stitueretur,
354 2207 395 2242 ad
430 2206 522 2253 quod
557 2220 618 2243 vos
649 2219 787 2255 quoque
825 2208 1041 2244 vocaremini.
1100 2208 1140 2243 ld
1177 2213 1292 2244 tamen
1325 2222 1394 2246 non
1427 2212 1522 2257 prius
1557 2213 1638 2249 mihi

108 2269 301 2306 faciendum
336 2279 409 2303 esse
448 2271 544 2314 puto,
582 2280 684 2315 quam
719 2267 762 2304 de
794 2268 910 2304 animo
947 2272 1062 2304 vestro
1094 2269 1220 2304 certior
1252 2271 1344 2304 flam.
1392 2272 1500 2309 Quod
1533 2273 1562 2308 si
1596 2286 1638 2309 co

103 2329 188 2366 estis
222 2328 347 2370 animo,
384 2340 452 2363 non
484 2327 546 2363 abs
580 2339 616 2364 re
648 2331 751 2368 esset,
783 2332 822 2363 ut
845 2328 1009 2376 aliquam,
1043 2331 1083 2363 ut
1107 2328 1194 2369 dixi,
1221 2329 1368 2366 Lutheri
1390 2330 1635 2368 laudatiuneu-

106 2391 172 2427 lam
203 2401 280 2426 cum
316 2387 519 2435 exceptione
553 2399 696 2424 caussae
723 2389 1018 2424 Sacramentariae
1052 2388 1211 2428 ederetis.
1242 2389 1279 2425 in
1314 2402 1381 2436 qua
1416 2394 1531 2427 tamen
1557 2404 1636 2428 con-

104 2450 256 2488 cordiam
283 2461 344 2485 vos
369 2452 490 2494 optare
517 2449 744 2490 testaremini,
775 2460 885 2496 neque
910 2448 1104 2485 detrectare
1131 2461 1232 2495 super
1257 2461 1297 2484 ca
1320 2461 1355 2485 re
1373 2451 1533 2493 amicum,
1555 2452 1636 2488 libe-

104 2524 180 2548 rum
206 2515 242 2546 et
265 2510 488 2546 christianum
514 2509 742 2555 colloquium.
777 2510 913 2545 Horum
940 2521 1001 2544 vos
1028 2509 1145 2556 paucis
1171 2509 1354 2546 admonere
1381 2511 1486 2554 volui,
1514 2513 1636 2549 fratres

102 2571 139 2607 in
174 2569 325 2605 Domino
356 2567 591 2604 dilectissimi!
624 2573 848 2614 posteaquam
883 2568 982 2603 nobis
1019 2568 1103 2603 bene
1128 2569 1282 2615 agendae
1317 2569 1419 2605 huius
1454 2571 1502 2606 rei
1537 2583 1635 2607 occa-

103 2633 234 2667 sionem
271 2629 420 2666 oblatam
466 2627 720 2675 quodammodo
755 2641 831 2664 esse
869 2628 1038 2664 videmus.
1097 2628 1206 2663 Plura
1243 2641 1336 2665 nunc
1375 2643 1443 2666 non
1481 2644 1633 2678 possum.

101 2693 253 2729 Tantum
289 2703 351 2726 vos
385 2702 480 2737 rogo,
515 2692 555 2724 ut
589 2689 783 2725 Vadiauum
821 2694 978 2726 nostrum
1013 2688 1126 2725 verbis
1163 2690 1246 2725 meis
1272 2702 1333 2738 per
1359 2696 1491 2728 vestras
1515 2693 1634 2730 literas

104 2752 372 2800 diligentissime
396 2755 434 2785 et
457 2750 703 2786 officiosissime
728 2751 902 2787 salutetis.
939 2751 1022 2787 Non
1044 2751 1143 2797 potui
1169 2763 1261 2787 nuuc
1285 2751 1329 2787 ad
1355 2752 1450 2788 illum
1476 2754 1635 2795 seribere,

104 2814 165 2849 sed
191 2814 338 2850 scribam
364 2811 469 2852 brevi,
495 2814 532 2846 ct
555 2811 689 2854 faciam,
714 2811 806 2859 quod
833 2825 852 2848 a
879 2824 931 2847 ine
958 2811 1070 2859 petiit,
1095 2811 1124 2847 si
1142 2811 1314 2848 Dominus
1334 2813 1438 2850 volet.
1467 2814 1634 2853 Salutctis

103 2877 141 2910 et
165 2873 314 2921 reliquos
341 2873 465 2908 fratres
491 2883 620 2908 omnes.
