1830 3147
1585 103 1659 142 179

116 218 322 270 publicum,
348 221 391 256 ut
419 216 552 255 caelari
579 229 655 253 non
684 215 815 266 possit,
843 218 907 252 aut
933 214 985 252 ita
1012 227 1136 263 grave,
1164 219 1205 252 ut
1232 214 1324 252 illud
1344 217 1497 266 propter
1515 215 1656 252 maiora

114 285 282 335 pericula
309 282 462 322 vitanda
490 285 662 333 oporteat
689 281 890 332 publicari.

167 349 226 386 Ex
264 349 321 386 his
360 360 445 385 vero
485 347 660 384 omnibus
698 345 809 383 facile
837 349 892 382 est
919 345 995 382 iam
1024 344 1197 389 videre,
1187 358 1228 382 ln
1255 318 1392 396 quibus
1420 343 1656 396 potissimum

116 415 299 452 consistat
333 413 500 464 privatae
537 411 759 462 disciplinae
787 424 876 448 usus
905 410 941 447 iu
973 413 1106 447 nostra
1134 409 1317 449 Ecclesia.
1348 412 1458 458 (290)
1512 410 1658 460 Nempe

115 479 156 516 in
194 479 456 516 observatione
492 480 624 514 mutua
657 477 754 514 inter
792 477 927 513 fratres
956 474 1147 511 Ecclesiae
1175 487 1305 512 omnes
1333 488 1458 512 earum
1487 474 1659 512 admoni-

115 543 275 589 tionum,
303 548 397 593 quae
424 546 489 580 aut
516 542 563 579 ab
591 554 667 579 uno
697 541 891 578 duobusve
920 539 1070 578 demum
1098 543 1161 577 aut
1188 540 1310 578 tribus
1338 540 1518 578 fratribus
1561 539 1658 591 apud

114 608 261 658 lapsum
289 608 449 658 aliquem
479 608 633 645 fratrem
661 607 756 644 fiunt
783 611 895 657 atque
925 619 968 643 ex
998 605 1215 644 Christiano
1244 610 1395 656 pectore
1421 606 1527 644 iuxta
1557 606 1659 644 verbi

116 673 234 710 divini
269 672 543 724 praescriptum
578 672 885 723 proficiscuntur.
942 672 1004 708 Sic
1039 675 1082 709 ut
1121 684 1199 709 non
1228 684 1291 709 eos
1321 672 1442 709 solum
1469 672 1662 709 admoneri

116 737 164 774 ad
193 737 293 774 hunc
321 737 472 774 modurn
504 740 686 787 oporteat,
713 737 777 787 qui
805 736 1035 786 negligentia
1074 736 1327 774 cessationeve
1354 740 1418 775 aut
1447 742 1659 787 contemptu

116 816 269 840 suorum
307 803 512 840 officiorum
547 807 718 852 peccant,
746 801 809 839 sed
839 802 925 838 illos
953 802 1077 847 etiam,
1106 801 1171 852 qui
1199 801 1360 839 scientes
1389 814 1431 838 ac
1459 801 1661 852 prudentes

115 867 162 905 ad
191 867 281 905 haec
310 868 509 905 connivere
549 867 774 918 silentioque
801 867 865 903 illa
894 879 961 904 suo
990 867 1088 904 alere
1117 867 1299 904 sciuntur.
1355 868 1481 917 Atque
1511 867 1555 904 de
1581 868 1660 917 pri-

116 937 227 970 vatae
251 932 472 983 disciplinae
500 946 571 970 usu
593 937 759 976 tantum,
787 945 899 982 quam
929 931 1100 983 equidem
1130 931 1321 969 observari
1350 935 1509 982 oportet,
1535 932 1660 983 prius-

117 1009 229 1047 quam
267 996 311 1034 ad
351 996 523 1047 publicae
560 996 779 1048 disciplinae
815 1009 927 1034 usum
951 997 1204 1047 perveniatur,
1233 995 1278 1034 de
1305 1009 1378 1047 qua
1405 996 1480 1034 iam
1509 996 1657 1034 demum
1699 1016 1701 1023 v

115 1061 228 1099 etiam
255 1061 432 1108 dicemus,

371 1195 430 1231 De
460 1193 611 1242 public-0
647 1193 876 1243 disciplinae
904 1206 971 1231 usu
999 1193 1039 1231 z‘n
1063 1195 1168 1243 plebe
1196 1194 1402 1233 Ecclesiae.

169 1322 346 1360 Publicae
374 1322 595 1373 disciplinae
622 1336 712 1360 usus
740 1323 778 1360 in
807 1321 914 1373 plebe
941 1322 1133 1360 Ecclesiae
1162 1336 1239 1360 non
1268 1323 1360 1361 alias
1388 1323 1513 1360 locum
1534 1322 1659 1366 habet,

118 1387 190 1425 nisi
225 1392 289 1425 aut
316 1392 401 1439 post
432 1392 662 1439 contemptas
692 1388 855 1438 privatas
885 1388 1162 1426 admonitiones
1191 1401 1334 1434 omnes,
1361 1392 1425 1426 aut
1454 1389 1485 1426 si
1513 1388 1660 1426 facinus

116 1452 168 1490 ita
197 1454 244 1491 sit
271 1453 475 1504 publicum,
502 1458 543 1491 ut
573 1454 708 1491 caelari
737 1467 808 1490 non
842 1453 1003 1504 amplius
1031 1453 1165 1504 possit,
1192 1458 1256 1492 aut
1285 1455 1338 1492 ita
1366 1454 1507 1504 alioqui
1534 1467 1659 1503 grave,

119 1522 159 1555 ut
203 1524 353 1569 propter
390 1519 562 1568 graviora
600 1519 805 1556 multorum
843 1518 1007 1556 totiusve
1044 1519 1237 1557 Ecclesiae
1273 1520 1438 1571 pericula
1474 1519 1660 1570 publicari

117 1584 272 1621 omnino
301 1588 483 1635 oporteat.

170 1649 499 1687 Quemadmodum
537 1652 660 1687 autem
689 1649 856 1700 privatae
886 1648 1243 1700 disci-(291)plinae
1270 1649 1422 1687 initium
1452 1649 1612 1687 sumitur
1640 1663 1659 1687 a

116 1716 271 1767 privatis
307 1717 416 1753 unius
452 1716 550 1767 apud
578 1716 735 1753 alterum
765 1716 892 1753 fratris
922 1715 1257 1761 admonitionibus,
1284 1715 1469 1767 siquidem
1496 1730 1555 1754 res
1581 1717 1660 1767 pri-

117 1782 231 1819 vatim
258 1782 419 1831 transigi
445 1782 575 1833 possit,
601 1803 653 1810 -
671 1782 722 1819 ita
751 1782 924 1832 publicae
945 1781 1165 1833 disciplinae
1182 1782 1334 1820 initium
1357 1783 1517 1820 sumitur
1533 1783 1580 1820 ab
1601 1783 1666 1829 iis,

117 1861 209 1898 quae
236 1847 277 1885 in
307 1847 570 1885 Ministrorum
600 1847 781 1885 duntaxat
808 1860 852 1884 ae
880 1848 1079 1885 Seniorum
1106 1847 1298 1886 Ecclesiae
1327 1853 1433 1886 coetu
1461 1848 1660 1893 habentur,

115 1913 451 1959 admonitionibus,
494 1917 736 1964 posteaquam
773 1914 888 1951 frater
924 1913 1024 1964 apud
1061 1913 1146 1951 illos
1183 1914 1321 1964 aliquis
1357 1918 1553 1952 accusatus
1591 1920 1662 1960 est,

117 1979 181 2029 qui
208 1982 272 2016 aut
298 1979 462 2029 privatas
491 1992 620 2016 omnes
649 1978 925 2016 admonitiones
955 1978 1254 2030 contempsisset,
1282 1984 1345 2017 aut
1371 1979 1567 2030 publicum
1587 1979 1657 2016 ali·

116 2043 217 2094 quod
245 2043 428 2093 flagitium
459 2043 702 2092 designasset,
730 2048 794 2081 aut
821 2043 964 2094 aliquid
992 2044 1177 2081 eiusmodi
1195 2044 1441 2083 commisisset
1460 2045 1656 2082 molitusve

115 2112 225 2153 esset,
261 2109 361 2159 quod
396 2109 476 2146 sine
510 2109 715 2146 multorum
751 2109 942 2160 totiusque
977 2110 1075 2147 forte
1108 2109 1300 2148 Ecclesiae
1335 2111 1501 2161 periculo
1539 2110 1656 2161 premi

120 2173 407 2223 haudquaquam
436 2177 574 2224 posset.

168 2237 296 2275 Habet
331 2250 416 2275 vero
455 2238 604 2288 publica
643 2238 853 2289 disciplina,
891 2238 1205 2289 quemadmodum
1243 2242 1278 2277 et
1315 2240 1471 2290 privata,
1513 2239 1653 2289 gradus

118 2315 218 2346 suos,
255 2315 350 2353 quos
380 2302 571 2340 observari
599 2306 746 2353 oportet
773 2303 813 2340 in
841 2303 1011 2352 legitimo
1039 2316 1111 2340 usu
1138 2303 1269 2353 ipsius,
1297 2308 1338 2341 ut
1366 2304 1493 2342 omnia
1522 2304 1654 2342 ordine

116 2368 156 2405 in
185 2367 352 2405 Ecclesia
381 2368 486 2406 fiant.
538 2367 706 2405 Primum
735 2368 834 2405 enim
863 2368 1031 2406 accusari
1051 2368 1227 2418 legitime
1256 2373 1402 2419 oportet
1440 2369 1507 2407 sub
1544 2371 1652 2420 gravi

118 2446 161 2470 ac
188 2433 261 2471 fide
290 2433 404 2482 digno
434 2433 592 2470 duorum
620 2437 685 2471 aut
712 2433 827 2471 trium
853 2438 896 2471 ut
923 2433 1119 2471 minimum
1148 2434 1364 2472 testimonio
1395 2448 1518 2473 coram
1548 2441 1653 2474 coetu

120 2497 378 2536 Ministrorum
408 2512 451 2536 ac
480 2499 679 2536 Seniorum
707 2498 899 2536 Ecclesiae
927 2512 1002 2546 eos,
1031 2500 1095 2550 qui
1122 2499 1264 2550 publici
1292 2500 1492 2538 ministerii
1519 2501 1651 2540 Eccle-

117 2564 259 2604 siastiei
287 2565 439 2602 nomine
476 2564 651 2613 redargui
686 2565 981 2616 reprehendique
1019 2565 1167 2604 debent.
1221 2565 1379 2611 Deinde,
1407 2567 1471 2617 qui
1498 2567 1550 2605 ita
1577 2568 1651 2606 iam

117 2634 351 2675 accusantur,
387 2630 426 2667 in
463 2630 544 2681 ipso
580 2629 691 2667 etiam
731 2629 993 2668 Ministrorum
1032 2644 1074 2668 ac
1111 2631 1307 2668 Seniorum
1346 2637 1453 2670 coetu
1481 2633 1548 2670 sub
1578 2634 1650 2670 fide

117 2694 257 2733 silentii
291 2695 458 2746 ipsorum
496 2694 716 2745 reprehendi
752 2695 1001 2747 redarguique
1035 2709 1078 2734 ex
1115 2696 1228 2734 verbo
1257 2696 1328 2734 Dei
1354 2697 1406 2735 ita
1435 2697 1583 2744 debent,
1612 2704 1651 2736 ut

118 2759 164 2796 ad
200 2759 498 2810 resipiscentiam
527 2764 561 2796 et
590 2761 701 2806 (292)
731 2760 874 2809 pecc-ati
903 2761 960 2798 sui
988 2760 1220 2809 agnitionem
1250 2761 1363 2799 veluti
1390 2763 1648 2799 manuducan-

116 2827 176 2861 tur
204 2827 240 2861 et
265 2823 485 2861 invitentur.
514 2824 660 2869 Postea,
687 2824 752 2874 qui
780 2824 827 2861 ad
855 2825 956 2863 hunc
982 2825 1135 2863 modum
1165 2829 1252 2863 sunt
1280 2827 1647 2877 reprehensi,agnita

118 2888 259 2940 peccati
294 2888 351 2926 sui
389 2888 509 2939 culpa,
544 2888 648 2926 illam
686 2888 741 2926 vel
771 2889 870 2940 apud
899 2893 1043 2928 coetum
1072 2890 1193 2941 ipsum
1223 2890 1481 2929 Ministroruin
1512 2905 1554 2929 ac
1584 2893 1648 2929 Se-

1427 2956 1500 2995 12*
