1830 3147
580 121 693 150 cour.
726 123 832 150 acci„
862 123 980 151 mm).
1409 116 1481 152 335

124 223 270 262 Deinde
306 223 478 262 Psalmus
513 224 650 275 aliquis
689 237 707 261 a
744 229 826 263 toto
856 229 962 263 coetu
988 225 1154 274 graviter
1179 226 1310 276 lingua
1338 226 1486 276 vulgari

73 289 234 328 canitur.
288 289 378 328 Quo
422 288 596 327 absoluto
639 290 763 340 pergit
811 289 1058 329 Ecclesiastes
1102 291 1151 329 ab
1187 303 1231 329 eo
1279 291 1486 343 scripturae

70 354 169 401 loco,
196 354 264 392 ubi
289 358 478 405 postremo
506 353 688 393 substitit.

533 483 671 521 Oratio
691 487 786 532 post
811 483 1031 523 concionem.

127 629 146 646 ι
160 610 460 649 clementissime
488 612 615 649 Pater!
643 612 823 663 quoniam
851 611 972 649 Filius
990 616 1077 649 tuus
1095 611 1205 649 Iesus
1224 611 1398 651 Christus
1417 612 1486 650 do-

74 676 151 714 cuit
185 677 285 724 (40).
312 675 443 713 beatos
480 688 560 713 esse
596 677 662 728 qui
689 689 767 713 non
804 680 952 714 tantum
987 675 1147 714 audiunt
1183 676 1338 715 verbum
1366 682 1488 721 tuum,

73 741 137 778 sed
175 740 394 778 custodiunt
428 740 539 783 illud,
576 741 766 779 custodire
792 746 917 778 autern
943 740 1038 779 illud
1067 754 1145 778 non
1171 754 1385 792 possumus,
1414 742 1488 780 nisi

73 805 252 843 cordibus
289 805 429 844 nostris
465 811 531 843 tuo
569 805 710 856 Spiritu
738 806 983 851 inscribatur,
1008 811 1045 844 te
1072 819 1117 844 ex
1145 806 1271 844 animo
1299 820 1489 857 rogamus,

72 874 115 907 ut
150 883 171 907 a
207 869 320 907 uobis
358 871 536 907 Satanam
571 882 713 913 arceas,
748 883 795 907 ne
822 870 978 908 verbum
1006 870 1174 908 auditum
1203 871 1316 909 nobis
1343 872 1488 922 eripiat,

71 934 262 985 lapideum
289 939 412 972 autem
441 939 614 973 nostrum
644 947 708 972 cor
735 935 892 980 adimas,
918 948 966 973 ne
991 936 1245 986 pullulascens
1277 937 1356 974 eius
1384 937 1486 974 fruc·

72 1004 133 1036 tus
169 1006 371 1044 exarescat,
415 1012 522 1038 curas
556 999 668 1037 etiam
705 1012 749 1037 ac
777 999 1040 1038 solicitudines
1069 1001 1205 1038 saeculi
1234 1002 1346 1039 huius
1374 1001 1487 1040 suffo-

73 1068 200 1100 cantes
237 1063 392 1100 verbum
427 1068 534 1101 tuum
570 1063 707 1100 animis
744 1063 886 1101 nostris
923 1063 1078 1109 eximas,
1118 1065 1236 1103 facias
1264 1073 1389 1103 autem
1416 1079 1487 1104 nos

73 1132 208 1165 terram
246 1128 398 1171 bonam,
432 1134 473 1166 ut
508 1128 548 1165 in
584 1141 626 1165 ea
664 1128 888 1166 seminatum
923 1128 1075 1166 verbum
1105 1135 1211 1167 tuum
1241 1130 1486 1181 multiplicem

72 1192 239 1230 fructum
275 1192 323 1229 ad
359 1192 524 1229 nominis
558 1192 615 1229 tui
649 1191 811 1241 gloriam
847 1193 1027 1243 proferat,
1061 1206 1128 1244 per
1163 1194 1321 1232 eunden]
1361 1195 1487 1233 Iesiun

73 1256 269 1294 Christum
295 1255 435 1294 Filium
463 1263 584 1301 tuum,
611 1255 819 1294 Dominum
846 1263 1033 1296 nostrum.
1063 1259 1225 1297 Amen.''

124 1451 232 1490 Quae
263 1451 339 1489 iam
376 1457 592 1503 sequuntur,
627 1457 781 1503 excepta
819 1452 1011 1489 communi
1035 1465 1103 1503 pro
1132 1453 1389 1492 necessitabus
1417 1454 1487 1492 Ec-

67 1517 207 1556 clesiae
252 1516 435 1561 oratione,
479 1522 627 1554 tantum
663 1517 796 1555 diebus
832 1516 1046 1555 Dominicis
1083 1517 1123 1556 in
1161 1519 1342 1557 concione
1378 1526 1485 1558 ante-

72 1580 279 1618 meridiana
306 1580 525 1620 recitantur.

124 1645 335 1696 Decalogus
363 1659 410 1684 ex
437 1649 485 1684 20
515 1659 594 1698 cap.
624 1646 761 1685 Exodi.

129 1711 188 1748 Ad
217 1724 327 1761 quem
355 1711 584 1748 audiendum
611 1711 797 1748 excitatur
822 1711 985 1762 populns
1013 1711 1072 1749 his
1101 1712 1244 1752 verbis:

508 1775 683 1813 uAudito
710 1775 849 1825 Legem
877 1775 1056 1814 Domini:

121 1840 204 1889 Ego
240 1839 427 1878 Dominus
462 1839 565 1878 Deus
601 1846 702 1886 tuus,
737 1841 802 1892 qui
829 1840 943 1878 eduxi
970 1846 1008 1879 te
1035 1854 1080 1879 ex
1107 1846 1206 1880 terra
1234 1844 1410 1895 Aegypti,
1437 1845 1483 1883 de

71 1904 183 1942 domo
212 1906 414 1945 servitutis.

120 1970 159 2007 N
163 1983 209 2008 on
240 1970 396 2008 habebis
425 1970 524 2009 Deos
551 1970 694 2009 alienos
723 1984 848 2009 coram
875 1973 971 2011 me.”

121 2162 210 2208 (41)
247 2160 406 2199 Publica
444 2161 579 2200 deinde
614 2164 657 2201 fit
683 2170 922 2215 peccatorum
950 2166 1150 2213 confessio,
1176 2174 1377 2218 praeeunte
1405 2169 1481 2208 Mi-

70 2225 189 2263 nistro
219 2225 334 2264 verbi.

123 2289 330 2328 1Vidimus
358 2290 398 2327 in
423 2289 562 2328 Divina
591 2291 661 2329 hac
687 2293 780 2340 lege,
807 2294 908 2332 velut
936 2294 976 2332 in
1003 2296 1167 2346 specu10‚
1186 2302 1416 2349 quantopere
1435 2313 1479 2337 ac

71 2367 182 2404 quam
222 2354 335 2392 variis
371 2355 493 2392 modis
529 2355 649 2394 Deum
686 2357 827 2395 nostris
865 2358 1012 2396 delictis
1039 2358 1316 2406 offenderimus,
1344 2362 1478 2402 horum

70 2417 196 2469 itaque
231 2419 377 2456 veniam
414 2424 494 2457 toto
523 2424 671 2470 pectore
699 2421 885 2472 supplices
912 2422 960 2460 ab
988 2435 1030 2461 eo
1059 2424 1284 2463 unanimiter
1311 2427 1477 2477 postule-

69 2495 162 2529 mus,
192 2482 262 2520 hoc
290 2483 421 2521 niodo:

123 2611 256 2650 ‚Deus
293 2618 440 2651 aeterne
475 2625 517 2650 ac
552 2613 660 2650 Pater
697 2618 825 2652 noster
861 2614 1166 2654 clementissime!
1202 2619 1476 2668 prosternimus

70 2689 139 2714 nos
167 2682 254 2715 ante
280 2677 456 2715 Divinam
484 2683 586 2715 tuam
615 2677 853 2716 Maiestatem
881 2680 1080 2730 supplices,
1109 2686 1239 2720 contra
1267 2696 1379 2733 quam
1407 2697 1476 2723 nos

67 2741 287 2789 gravissime
323 2755 508 2793 peccasse.
543 2749 669 2793 aperte
703 2756 746 2780 ac
784 2743 865 2781 sine
894 2743 1085 2795 hypocrisi
1113 2745 1287 2792 fatemur,
1314 2748 1406 2787 adeo
1436 2755 1476 2787 ut

69 2817 144 2842 non
172 2804 279 2854 digni
303 2806 421 2844 simus
450 2806 574 2844 vocari
601 2806 670 2844 filii
696 2807 766 2846 tui.
795 2807 895 2845 Nam
924 2814 1184 2860 praeterquam
1205 2811 1307 2862 quod
1327 2812 1368 2850 in
1387 2826 1474 2864 pec-
1496 2821 1573 2854 Luc.
1598 2823 1650 2856 15.

70 2868 162 2906 catis
198 2870 280 2908 nati
321 2872 576 2923 conceptique,
603 2871 651 2908 ad
677 2883 787 2909 omne
814 2871 956 2910 bonum
985 2872 1116 2924 inepti,
1143 2874 1189 2912 ad
1218 2876 1358 2914 malunt
1385 2890 1473 2929 pro-
