1830 3147
759 122 826 156 635
1284 119 1350 165 [A.
1377 118 1422 155 D.
1447 117 1560 164 1549]

34 233 129 268 cient
162 230 274 267 donee
297 230 347 266 eis
371 229 474 266 detur
497 229 590 275 quod
616 229 822 274 promissum
847 231 911 270 est,
936 230 974 264 et
1000 227 1241 274 frequentibus
1267 227 1342 264 istis
1367 228 1498 264 nuntiis
1521 239 1562 265 ae

30 291 157 328 litteris
181 303 236 326 res
261 292 369 338 magis
393 300 435 326 ao
459 289 569 336 magis
595 288 806 335 invulgatur.
854 289 1017 336 ltaque
1042 287 1285 324 celsitudo
1309 292 1386 324 tua
1408 299 1563 324 secum

34 354 137 399 ipsa
169 355 348 387 statuat
372 350 478 399 quid
503 351 656 386 facere
682 350 816 391 velit,
841 351 909 386 cui
936 361 998 386 me
1023 362 1106 396 ego
1133 353 1285 386 totum
1311 349 1565 386 humillime

35 417 78 449 et
103 411 460 448 officiosissime
485 410 772 452 commendo,
797 411 839 446 21
869 411 1097 446 Octobris.

85 470 154 507 Hic
179 471 246 507 iam
271 481 330 505 ero
355 482 415 516 per
440 473 550 505 totam
575 469 720 504 hiemem
744 470 780 505 in
805 470 940 505 Brema.

81 531 192 567 Post
215 531 392 578 scripta
416 529 526 566 haee
552 530 696 565 omnia
723 531 840 576 accepi
863 529 998 566 litteras
1024 530 1188 577 Episcopi
1212 529 1485 566 Cantuariensis.
1513 530 1568 566 De

41 603 124 638 pace
157 603 235 627 cum
272 591 372 638 Rege
397 590 533 626 Galliae
557 590 677 627 scribit
701 589 814 626 adhuc
838 602 908 626 non
934 602 1009 626 esse
1034 590 1225 626 habendam
1250 590 1292 625 ab
1319 590 1446 638 Anglis
1471 602 1566 637 spem

39 651 154 693 ullam,
186 651 267 699 quia
301 663 371 687 non
405 651 550 688 eredunt
583 651 730 697 amplius
755 651 877 688 Gallis.
928 651 999 686 Pro
1021 651 1138 687 oblata
1162 663 1221 698 per
1246 652 1377 688 Ducem
1407 651 1571 688 Prussiae

39 713 118 748 navi
143 724 301 759 magnam
328 711 456 747 habent
481 711 589 759 Angli
613 713 772 759 gratiam,
807 716 852 746 et
874 712 1191 759 gratissimum
1216 712 1380 748 dieunt
1404 713 1471 748 sibi
1496 714 1570 749 fore

37 772 102 809 hoo
126 773 278 808 officium
305 772 415 808 Ducis
442 772 604 807 Prussiae
631 778 709 818 post
735 772 876 807 hiemem
905 778 1125 808 transactam.
1174 771 1302 808 Scribit
1327 777 1569 819 praeterea

38 846 188 870 omnes
224 833 412 869 seditiones
436 832 471 868 in
497 832 628 879 Anglia.
652 832 792 868 sedatas
817 833 882 868 iam
909 845 996 868 esse.
1048 832 1140 879 Ego
1176 837 1322 868 tamen
1359 835 1568 879 putarem

38 894 305 932 cessandum
339 906 408 930 non
438 904 512 929 esse
544 894 580 928 iu
617 894 830 940 procuranda
864 905 946 940 paee
979 895 1069 930 inter
1093 894 1212 930 Gallos
1236 898 1272 930 et
1297 895 1445 942 Anglos‚
1473 899 1566 941 post-

38 968 141 1002 quam
168 955 249 991 Rex
275 954 409 991 Galliae
433 966 454 990 a
480 953 638 990 Bononia
662 953 835 990 discessit.

79 1062 105 1102 ¹)
127 1061 338 1093 Praecedenti
371 1062 448 1094 haec
478 1062 614 1105 epistola
648 1062 773 1094 adiecta
795 1065 874 1094 erat.
916 1063 944 1102 2)
968 1063 1050 1095 Tota
1074 1064 1139 1095 fere
1162 1074 1211 1105 ep.
1234 1063 1365 1095 secretis
1387 1064 1474 1096 notis
1497 1074 1571 1096 con-

36 1117 158 1159 scripta
188 1119 247 1149 est.
289 1117 390 1159 Typis
420 1128 437 1148 a
456 1106 492 1149 se
515 1117 655 1149 invicem
678 1117 822 1160 paullum
846 1118 988 1150 disiectis
1011 1129 1047 1150 ea
1070 1118 1253 1150 excudenda
1275 1118 1467 1157 curavimus,
1490 1129 1569 1161 quae

35 1171 142 1204 solitis
165 1171 330 1203 elementis
354 1172 387 1203 in
410 1173 456 1205 M.
479 1172 512 1206 S.
534 1175 626 1204 erant
647 1176 784 1205 exarata.
809 1173 835 1212 ³)
853 1175 987 1215 Apogr.:
1006 1184 1071 1204 meo
1083 1173 1160 1215 νομί.
1182 1174 1209 1214 ὁ)
1227 1174 1327 1212 Bona,
1344 1174 1409 1205 filia
1426 1173 1570 1205 Galeazzi

38 1227 155 1260 Milani
178 1227 288 1266 Ducis,
323 1227 420 1260 vidua
443 1228 569 1270 Sigism.
594 1229 619 1266 1,
654 1231 673 1268 †
702 1229 794 1261 1558.
829 1228 878 1261 Cf.
903 1229 1060 1267 HiiBNER,
1088 1230 1163 1261 Gen.
1191 1229 1261 1261 Tab.
1284 1229 1348 1261 tab.
1372 1229 1423 1264 96.
1446 1230 1571 1261 Bnom-

39 1293 182 1322 Kowsm,
210 1284 319 1315 Gesclz.
343 1284 467 1316 Polens.
490 1285 515 1316 Ι.
539 1296 571 1327 p.
596 1284 645 1316 58.
671 1285 777 1322 GRAY,
806 1285 913 1317 Gesclc.
939 1286 1008 1318 Pol.
1031 1297 1062 1328 p.
1084 1285 1157 1316 419.
1180 1285 1357 1323 Lanewssr„
1381 1285 1469 1317 Hist.
1493 1285 1525 1316 d.
1547 1286 1570 1318 l.

39 1340 108 1372 Pol.
138 1340 230 1372 1844.
254 1339 280 1372 I.
305 1340 376 1371 112.
420 1341 447 1380 5)
472 1341 517 1372 M.
541 1341 572 1372 S.
596 1341 727 1381 Anylos.
778 1340 809 1380 6)
834 1340 1000 1383 profligati
1024 1344 1116 1373 erant
1138 1340 1170 1372 in
1194 1341 1370 1372 Yorksliire
1393 1343 1425 1372 et
1447 1340 1570 1372 Devon-

38 1396 136 1428 shire.
159 1395 209 1427 Cf.
232 1395 388 1433 Buunm,
411 1395 498 1427 Hist.
521 1395 553 1427 d.
576 1397 597 1427 l.
621 1396 697 1438 Rq'f.
720 1407 757 1428 cn
780 1397 876 1438 Anyl.
901 1397 946 1428 ΙΙ.
971 1395 1041 1429 175.
1075 1398 1103 1436 7)
1127 1397 1279 1428 Praeerat
1302 1396 1431 1428 rusticis
1455 1396 1487 1427 in
1510 1395 1572 1428 De-

40 1451 191 1482 vonshire
214 1450 357 1482 Arundcl
381 1452 417 1483 of
438 1451 640 1484 Cornwallis.
661 1452 709 1485 Ib.
733 1463 764 1494 p.
789 1451 862 1485 176.
883 1453 978 1494 Capti
1002 1454 1021 1483 4,
1044 1453 1154 1495 Episc.
1178 1456 1270 1485 erant
1296 1453 1465 1491 Gmdiner,
1487 1453 1571 1484 Bon-

37 1516 103 1544 ner,
128 1506 201 1547 Day
225 1508 256 1537 et
278 1506 397 1538 lleath.
419 1508 446 1546 8)
470 1507 520 1539 Sc.
544 1507 575 1538 in
593 1507 741 1539 Norfolk.
766 1508 901 1540 1b.18·2.
924 1509 951 1547 ⁹)
976 1510 1112 1550 Apogr.:
1132 1508 1219 1550 Bessi.
1247 1508 1287 1548 ¹⁰)
1302 1507 1571 1546 Cf.Scli1.0SSEB,

47 1561 228 1602 Welcyescla.
253 1571 336 1593 vere.
360 1561 442 1604 belg.
467 1563 559 1595 XIII.
581 1562 633 1596 79.
678 1564 720 1603 ¹¹)
745 1563 790 1596 M.
814 1563 845 1595 S.
871 1562 979 1605 Loylz.

789 1769 818 1805 C
1144 1771 1191 1816 [Ex
1209 1773 1276 1807 Arch.
1288 1773 1352 1807 Setr.
1368 1776 1425 1814 [it-g.
1442 1774 1566 1820 {lt-giem]

90 1878 115 1918 ¹)
139 1875 214 1911 Nos
247 1876 350 1911 Anna
386 1876 430 1910 ab
463 1874 697 1913 Oldemboreh
722 1882 759 1914 et
782 1877 1051 1921 Delmenhoirst.
1075 1880 1199 1916 Comes
1224 1879 1353 1916 Frisiae
1378 1880 1567 1916 Orientaiis

40 1935 154 1976 vidua.
190 1935 323 1971 Notum
350 1936 493 1971 facimus
517 1947 576 1983 per
600 1940 798 1983 praesentes
823 1942 958 1979 nostras
982 1939 1130 1983 litteras,
1154 1940 1246 1988 quod
1271 1953 1348 1977 cum
1373 1941 1523 1976 Ioannes
1548 1942 1568 1978 a

42 1995 158 2031 Lasko
190 2008 250 2043 per
283 1997 500 2043 septennium
534 2002 596 2033 aut
630 1998 778 2045 amplius
815 1999 952 2046 publico
989 2001 1221 2038 Ecclesiarum
1257 2002 1398 2038 ditionis
1431 2007 1569 2041 nosirae

42 2056 232 2092 ministerio
264 2057 450 2094 defunctus
484 2061 587 2101 esset,
621 2063 726 2107 atque
761 2073 799 2096 se
833 2072 909 2097 cum
945 2062 981 2098 in
1015 2075 1100 2110 pura
1125 2063 1306 2112 Evangelii
1332 2066 1412 2102 Iesu
1440 2067 1570 2104 Christi

41 2117 202 2153 doctrina
234 2119 479 2164 promovenda,
519 2122 590 2155 turn
623 2120 657 2155 in
683 2122 757 2166 ipsa
781 2123 884 2158 etiam
910 2123 1002 2159 vitae
1025 2127 1287 2161 conversatione
1313 2127 1462 2172 publiea,
1487 2129 1569 2164 irre·

40 2177 299 2225 prehensibilem
326 2191 465 2226 prorsus
491 2180 717 2222 exhibuisset,
750 2183 798 2218 sie
824 2187 864 2219 ut
888 2196 951 2220 nos
978 2189 1116 2232 propter
1141 2187 1249 2232 ipsius
1277 2188 1377 2224 fidem
1405 2190 1567 2235 pietatem

38 2240 265 2276 eruditionem
299 2241 532 2287 iutegritatem
566 2253 606 2277 ac
638 2242 855 2279 sedulitatem
896 2246 1009 2288 (cuius
1046 2246 1173 2293 alioqui
1212 2248 1445 2284 testimonium
1478 2250 1569 2297 apud

40 2312 157 2336 omncs
182 2300 342 2336 subditos
365 2305 514 2342 nostros,
538 2301 662 2348 quibus
689 2303 791 2339 modo
816 2304 936 2351 religio
962 2317 1041 2341 vera
1067 2306 1245 2353 pietasque
1267 2308 1462 2345 Christiana
1475 2310 1571 2347 cordi

38 2364 104 2400 est,
139 2360 240 2406 longe
272 2359 583 2406 locupletissimum
608 2361 765 2409 reliquit)
788 2362 899 2399 multo
924 2364 1150 2400 libentissime
1176 2366 1271 2401 illum
1298 2371 1374 2402 toto
1398 2369 1568 2414 guberna-

40 2419 145 2456 tionis
171 2424 311 2456 nostrae
337 2425 490 2467 tempore
513 2421 605 2468 apud
622 2434 683 2457 nos
698 2422 893 2459 tulissemus
906 2437 1075 2473 operaque
1088 2426 1180 2461 illius
1197 2427 1231 2462 in
1248 2428 1436 2464 ministerio
1450 2428 1570 2465 Eccle-

40 2481 168 2516 siarum
202 2484 395 2517 nostrarum
431 2493 512 2518 usae
548 2486 712 2529 perpetuo
737 2485 932 2525 fuissemus,
961 2506 1000 2512 —
1027 2486 1086 2522 sed
1109 2499 1185 2524 eum
1207 2488 1375 2523 Caesarea
1403 2489 1567 2526 Maiestas

40 2541 151 2587 ipsum
177 2541 267 2588 apud
292 2554 354 2577 nos
381 2542 467 2577 ferre
491 2542 640 2589 amplius
665 2555 734 2578 nou
760 2549 877 2590 posset
902 2545 1068 2593 nobisque
1097 2547 1302 2591 mandasset,
1327 2552 1366 2584 ut
1390 2550 1502 2596 ipsum
1533 2551 1566 2586 in

39 2606 162 2637 nostra
186 2602 290 2637 etiam
317 2601 448 2637 ditione
473 2602 635 2649 deinceps
660 2617 729 2640 non
755 2606 911 2647 feremus,
937 2618 1067 2653 nosque
1081 2608 1350 2655 intelligeremus
1367 2622 1433 2646 nou
1454 2612 1564 2657 ipsum

41 2663 143 2698 modo
175 2663 340 2699 Ioannem
375 2664 395 2698 a
420 2662 550 2704 Lasko.
586 2665 646 2700 sed
672 2677 735 2701 nos
761 2677 898 2714 quoque
921 2679 962 2703 ae
986 2668 1110 2704 liberos
1136 2676 1274 2705 nostros
1300 2683 1367 2706 una
1390 2683 1467 2707 eum
1495 2676 1571 2708 tota

39 2723 184 2765 ditione,
209 2723 275 2758 nisi
299 2723 335 2759 id
360 2724 559 2765 faceremus.
584 2725 618 2759 in
633 2729 764 2761 eertum
792 2726 981 2773 perieulum
1007 2740 1082 2763 esse
1096 2739 1270 2769 venturos.
1286 2732 1476 2777 —egimus
1490 2743 1567 2768 eum

40 2782 127 2828 ipso.
160 2795 203 2818 ne
239 2795 276 2818 se
309 2784 454 2830 ipsemet
480 2788 515 2819 ct
540 2796 604 2819 nos
629 2797 696 2820 una
721 2797 797 2821 cum
823 2788 952 2822 nostris
979 2787 1092 2823 liberis
1117 2801 1156 2823 ae
1182 2795 1300 2826 nostra
1325 2791 1456 2827 ditione
1483 2794 1570 2838 peri-

40 2842 122 2878 culo
157 2843 332 2879 involvere
365 2843 480 2883 vellet.
512 2844 573 2879 sed
601 2845 714 2890 potius
741 2846 953 2882 voluntatem
979 2847 1168 2884 Caesareae
1193 2850 1388 2886 Maiestatis
1415 2856 1570 2893 secutus,

35 2901 102 2938 alio
126 2903 376 2950 commigraret.
406 2902 498 2951 quod
523 2904 596 2951 ipse
620 2905 755 2952 quidem
781 2918 817 2941 se
843 2918 911 2942 non
937 2908 1106 2954 gravatim
1132 2910 1303 2946 facturum
1330 2922 1402 2946 esse
1429 2923 1569 2958 respon·
