1830 3147
79 411 158 442 Mat.
182 408 233 441 28.

76 453 139 484 Tit.
164 454 193 485 3.

80 496 159 536 eph.
186 496 214 527 5.

77 539 92 568 1
119 538 218 569 Petri.
239 537 269 570 3.

78 580 160 621 Eph.
183 581 212 610 5.

78 623 93 653 1
121 622 218 653 Petri.
243 622 273 652 3.

78 666 148 696 Act.
171 665 201 697 9.

78 707 148 739 Gal.
170 708 200 739 3.

80 750 171 781 Rom.
195 749 224 782 6.

80 1323 95 1355 1
120 1322 220 1356 Petri.
244 1324 272 1356 3.

78 1367 170 1398 Rom.
194 1367 223 1398 3.

80 1409 196 1440 Matth.
220 1409 269 1440 18.

79 1450 196 1483 Matth.
220 1451 249 1483 6.

80 1777 163 1810 (3011.
187 1777 215 1809 3.

79 1821 192 1851 Roma.
208 1820 236 1851 6.

80 1862 150 1895 Gal.
173 1863 202 1894 5.

76 2289 156 2321 Gen.
179 2287 230 2322 17.

74 2331 158 2373 Eph.
183 2332 211 2362 5.

73 2374 154 2406 Mat.
177 2373 227 2404 28.

72 2416 175 2448 Marc.
198 2414 248 2446 10.

71 2457 166 2490 Rom.
189 2458 219 2488 4.

72 2501 145 2532 Act.
168 2500 218 2537 10,
243 2498 271 2531 1.

71 2543 154 2574 Mat.
178 2542 227 2573 18.

73 2585 89 2615 1
115 2584 191 2615 Cor.
213 2583 242 2615 7.

72 2627 178 2657 Math.
201 2626 251 2656 10.

72 2669 89 2699 1
115 2669 192 2710 Reg.
216 2668 266 2699 12.

71 2710 155 2752 Eph,
178 2712 208 2743 5.

72 2754 144 2787 Act.
167 2753 196 2786 2.

366 96 438 131 526
890 106 981 134 cm.
1014 107 1122 135 Ech.
1152 108 1251 136 EMD.

999 208 1050 247 Q..
1082 210 1142 248 58.

417 270 541 308 Quem
568 271 607 309 in
636 272 750 309 finem
780 271 882 310 Deus
911 272 1142 323 baptismum
1170 274 1367 314 instituit?

1041 337 1087 376 R,

413 399 458 437 In
499 412 581 437 eum
621 400 833 451 praecipue,
870 404 912 439 ut
939 400 1032 439 mihi
1059 405 1173 453 atque
1202 403 1379 441 omnibus
1407 403 1601 442 Ecclesiae
1630 403 1773 442 Christi

363 464 542 502 membris
570 478 613 502 eo
644 466 839 504 efficaciter
867 466 916 504 ob
946 467 1076 504 oculos
1106 471 1235 518 ponat,
1263 473 1421 507 testetur
1447 473 1559 520 atque
1587 469 1774 518 obsiguct‚

364 528 535 578 quamvis
565 532 700 567 natura
727 533 956 580 peccatores,
983 531 1169 568 immundi
1197 536 1234 570 et
1260 533 1329 570 filii
1357 533 1434 570 irae
1463 533 1590 579 simus,
1622 545 1690 570 nos
1713 536 1772 570 ta-

363 606 448 630 men
477 597 553 630 tam
584 598 685 631 certo
715 607 734 631 a
763 595 928 645 peccatis
957 596 1099 633 nostris
1128 609 1172 633 ex
1200 598 1323 646 gratia
1350 611 1415 648 per
1443 597 1636 635 Christum
1664 597 1772 635 ablu-

363 660 436 703 tos,
472 657 575 695 illius
603 658 757 696 iusticia
786 659 1095 698 circumamictos
1124 664 1160 698 et
1188 673 1208 697 a
1236 660 1317 699 Deo
1345 674 1413 712 pro
1443 661 1532 699 filiis
1558 665 1773 711 assumptos

364 734 455 765 esse,
483 736 595 773 quam
626 726 729 761 certo
760 736 918 775 corpora
947 729 1076 763 nostra
1105 726 1142 763 in
1172 726 1369 776 Baptismo
1397 739 1494 777 aqua
1523 725 1774 776 baptizantur.

364 791 682 838 consperguntur,
709 788 788 826 sive
814 789 1034 829 abluuntur.

996 918 1046 956 Q.
1077 922 1139 958 59.

413 982 524 1019 Anne
550 981 666 1031 igitur
685 981 906 1033 Baptismus
926 983 1129 1033 (originale
1150 983 1334 1022 duntaxat
1350 987 1543 1035 peccatum
1564 987 1600 1022 et
1619 997 1660 1022 ea
1680 997 1775 1035 quae

362 1049 449 1082 ante
477 1045 733 1084 commisimus
762 1046 922 1095 remitti)
943 1047 1198 1097 [orz’ymalium
1218 1047 1406 1085 duntaxat
1426 1052 1537 1097 atque
1547 1048 1774 1097 praeceden-

362 1109 466 1156 tium,
492 1122 587 1158 quae
607 1114 695 1148 ante
719 1110 949 1160 Baptismum
969 1111 1230 1158 commisimus,
1247 1116 1484 1161 peccatorum
1505 1111 1771 1160 remissionem]

363 1174 474 1212 nobis
502 1175 691 1213 testatur?

1045 1241 1091 1280 R.

416 1305 519 1352 Non,
548 1319 677 1343 verum
705 1306 818 1344 etiam
848 1308 987 1344 certam
1017 1319 1060 1344 ac
1088 1311 1307 1358 perpetuam
1335 1306 1505 1345 omnium
1533 1311 1774 1358 peecatorum

365 1370 638 1417 remissionem,
675 1384 770 1422 quae
805 1385 870 1422 per
908 1384 1058 1409 omnem
1089 1372 1203 1410 vitam
1234 1377 1270 1410 et
1296 1372 1558 1410 imbecillitate
1585 1377 1775 1424 perpetra-

368 1436 504 1481 bimus,
541 1449 777 1487 quorumque
812 1436 1072 1474 remissionem
1100 1450 1166 1487 per
1194 1436 1320 1475 Iesum
1350 1437 1544 1476 Christum
1571 1437 1610 1475 in
1640 1437 1775 1488 spiritu

365 1505 401 1539 et
429 1501 501 1539 fide
530 1503 571 1550 [a
599 1503 680 1539 Deo
710 1501 887 1550 Domino]
916 1505 1099 1552 petemus.

1002 1566 1052 1604 Q.
1083 1569 1144 1605 60.

418 1631 516 1669 Quis
545 1634 600 1669 est
630 1631 723 1669 alter
751 1631 940 1682 Baptismi
969 1630 1089 1668 finis?

1047 1695 1094 1734 R.

418 1760 471 1797 Ut
508 1763 756 1806 commoneat,
785 1759 1101 1811 quemadmodum
1131 1759 1309 1797 omnibus
1337 1759 1469 1796 diebus
1499 1758 1594 1796 vitae
1624 1762 1772 1797 nostrae

366 1838 385 1862 a
413 1825 576 1876 peccatis
604 1825 795 1862 abstinere
824 1828 859 1862 et
889 1828 1101 1875 corruptam
1132 1836 1279 1861 carnem
1303 1829 1470 1861 nostram
1493 1836 1576 1860 cnm
1596 1823 1772 1861 omnibus

364 1891 442 1927 eius
471 1890 788 1940 concupiscentiis
816 1889 1046 1927 mortificare
1075 1902 1144 1927 nos
1171 1892 1355 1939 oporteat,
1381 1893 1491 1939 atque
1509 1888 1549 1926 in
1568 1888 1772 1937 (novitate)

365 1954 639 2003 [renovatione]
669 1953 766 1991 vitae
794 1954 1000 1992 ambulare.

1002 2018 1052 2056 Q.
1084 2020 1144 2056 61.

413 2083 526 2122 Unde
560 2083 700 2135 probas
737 2083 848 2122 etiam
885 2083 1054 2122 infantes
1094 2082 1287 2121 Ecclesiae
1315 2081 1495 2131 (Christi)
1524 2081 1770 2133 baptizandos

362 2150 468 2187 esse?

415 2277 608 2316 Quoniam
645 2277 703 2315 illi
741 2281 776 2316 et
804 2277 859 2326 *ad
898 2277 1062 2315 foederis
1100 2276 1319 2314 societatem
1349 2275 1631 2326 Ecclesiamque
1661 2274 1769 2324 [Dei]

362 2344 551 2395 pertinent
588 2347 624 2381 et
662 2356 707 2381 ex
743 2343 865 2392 gratia
904 2341 1184 2379 communionis
1212 2341 1335 2378 Patris
1364 2346 1400 2378 et
1429 2340 1519 2378 Filii
1547 2345 1581 2377 et
1609 2339 1770 2390 Spiritus

364 2409 493 2445 Sancti
528 2412 773 2458 aeternaeque
810 2407 943 2445 salutis
982 2411 1068 2445 sunt
1104 2405 1319 2457 participes,
1347 2409 1534 2456 praeterea
1565 2417 1646 2441 eum
1675 2404 1767 2454 bap-

361 2473 496 2510 tismus
534 2472 581 2510 ad
619 2472 753 2509 horum
792 2471 1048 2522 similiumque
1077 2470 1345 2508 beneficiorum
1376 2468 1679 2518 obsignationem
1708 2468 1767 2516 in-

362 2538 516 2575 stitutus
563 2537 623 2583 sit,
664 2540 794 2587 utpote
839 2549 902 2587 per
943 2549 1052 2586 quem
1089 2548 1155 2586 pro
1193 2534 1281 2572 filiis
1320 2534 1570 2583 [adopbantm'
1606 2537 1642 2570 εἰ
1677 2533 1765 2582 pro]

360 2602 643 2653 poenitentibus
672 2601 846 2638 fidelibus
876 2600 1016 2638 sanctis
1044 2604 1080 2638 et
1106 2599 1166 2646 iis,
1195 2600 1259 2650 qui
1283 2612 1437 2647 regnum
1455 2597 1524 2634 Dei
1546 2597 1767 2647 suscipiunt,

360 2680 380 2704 a
411 2667 489 2704 Deo
517 2670 750 2717 reputantur.
781 2666 889 2708 Item,
917 2678 1031 2715 quum
1053 2678 1196 2707 omnes,
1217 2664 1282 2714 qui
1300 2663 1345 2700 ad
1368 2675 1504 2712 corpus
1522 2661 1765 2712 pertinemus,

361 2731 441 2768 sine
467 2731 545 2767 ullo
573 2730 829 2767 membrorum
858 2729 1076 2766 discrimine
1103 2728 1142 2765 in
1171 2741 1288 2764 unum
1309 2739 1443 2776 corpus
1468 2726 1710 2776 baptizemur,
1729 2729 1765 2763 et

360 2794 533 2832 Christus
549 2793 757 2831 Ecclesiam
775 2806 878 2831 suam
896 2792 1066 2830 dilexerit
1077 2790 1438 2843 proqueinsantibus
1450 2790 1560 2826 etiam
1575 2789 1765 2827 Ecclesiae

358 2858 406 2897 sit
435 2860 617 2904 mortuus,
643 2870 719 2894 non
746 2856 867 2906 magis
896 2870 916 2893 a
944 2856 1140 2907 Baptismo
1169 2854 1285 2893 arceri
1313 2857 1472 2904 possunt
1495 2866 1603 2904 quam
1626 2853 1761 2893 adulti.

1334 2912 1344 2924 .
