1830 3147
203 77 277 114 120

207 187 283 225 loci
316 183 530 235 (coenaculi
563 183 718 233 inquam
747 180 1108 232 Hierosolymitani)
1136 180 1349 220 observatio
1386 184 1423 220 et
1449 181 1624 231 ignorata
1651 181 1747 221 alio·

212 251 277 304 qui
303 250 501 289 accubitus
526 247 629 285 illius
657 247 791 293 forma,
819 259 892 297 qua
921 246 1094 284 Christus
1122 245 1307 283 Dominus
1337 259 1419 283 cum
1449 246 1650 297 Apostolis
1670 246 1748 285 suis

211 317 259 354 sit
294 328 385 353 usus
420 313 461 351 in
499 312 646 349 Coenae
682 324 769 349 suae
804 310 1055 349 institutione.
1111 310 1217 349 Haec
1245 311 1356 348 nobis
1385 311 1510 349 omnia
1536 312 1747 350 revocanda

212 393 293 418 esse
327 378 373 416 ad
403 378 550 414 Coenae
577 388 687 413 usum
719 374 953 412 contendunt
981 374 1148 425 quidam,
1176 375 1207 412 si
1234 375 1454 412 mandatum
1484 375 1625 414 Christi
1651 375 1747 413 illud

215 444 318 482 ahoe
344 441 482 479 facite’'
509 439 556 477 ad
586 452 804 477 consessum
830 439 870 476 in
900 439 1024 477 Coena
1052 439 1288 477 retinendum
1319 453 1450 489 urgere
1477 440 1649 479 velimus.
1685 440 1746 478 Ad

212 509 303 546 haec
327 507 445 556 igitur
471 504 751 556 respondemus.
781 504 946 542 Primum
976 504 1077 555 quod
1105 507 1215 553 (151)
1244 505 1291 542 ad
1319 505 1488 543 ciborum
1508 505 1746 543 Paschalium

211 575 431 625 apparatum
466 574 501 609 et
536 570 673 622 pedum
700 569 881 607 lotionem
910 570 1057 616 attinet,
1083 570 1223 608 Paulus
1250 570 1302 608 ita
1331 571 1441 609 nobis
1471 571 1638 609 Coenam
1666 571 1746 609 Do-

211 637 305 675 mini
339 636 448 674 certis
485 635 562 673 suis
598 634 739 672 finibus
776 634 1061 681 circumscribit,
1088 638 1131 672 ut
1159 648 1279 686 neque
1316 636 1419 673 cibos
1455 636 1654 673 Paschales
1682 649 1748 674 ne·

210 716 282 754 que
316 701 453 753 pedum
479 700 661 739 lotionem
689 699 735 737 ad
765 700 911 737 Coenae
938 699 1218 739 institutionem
1246 700 1452 752 quidquam
1480 702 1634 739 omnino
1662 714 1747 752 per-

207 767 328 805 tinere
356 765 559 803 videamus.
615 764 774 802 orditur
802 763 900 801 enim
927 764 1029 802 illam
1057 778 1078 802 a
1106 778 1202 815 pane
1228 778 1292 816 per
1322 765 1512 803 Christum
1540 765 1746 803 Dominum

210 833 249 871 in
286 845 420 870 manus
458 833 622 881 sumpto,
649 833 684 867 et
712 830 824 866 finem
852 828 952 867 illius
981 829 1072 867 facit
1099 829 1138 866 in
1166 829 1244 867 eius
1268 829 1389 881 'ipsius
1415 829 1523 881 panis
1551 843 1594 868 ac
1621 829 1749 881 poculi

213 899 359 936 Coenae
396 911 415 934 a
454 895 620 933 Domino
657 894 797 945 sumpti
830 894 987 944 mystica
1024 895 1326 946 participatione.
1383 899 1461 933 Aut
1487 895 1603 943 igitur
1630 895 1747 933 Paulo

209 964 371 1002 Coenam
408 961 549 999 finibus
577 961 654 999 suis
684 960 1008 998 circumscribenti
1037 961 1234 1002 credimus.
1262 964 1296 998 et
1323 965 1402 998 tum
1431 974 1519 998 sane
1546 961 1655 998 fateri
1684 974 1748 998 co-

204 1041 348 1078 gemur,
375 1027 467 1064 haec
494 1039 572 1064 non
601 1039 666 1063 suo
694 1026 778 1063 loco
808 1023 853 1060 ab
881 1025 965 1063 istis
992 1026 1132 1074 urgeri.
1164 1028 1241 1063 Aut
1270 1029 1367 1064 certe
1396 1039 1466 1063 nos
1494 1026 1610 1063 Paulo
1639 1027 1745 1077 Apo-

207 1093 304 1131 stolo
341 1105 416 1130 non
447 1090 596 1128 credere
623 1090 877 1135 ostendemus,
907 1091 939 1128 si
968 1095 1097 1127 contra
1124 1089 1243 1141 ipsius
1271 1091 1527 1129 narrationem
1556 1091 1614 1128 vel
1643 1091 1746 1128 cibos

203 1158 403 1196 Paschales
432 1156 489 1194 vel
515 1155 653 1206 pedum
680 1156 861 1193 lotionem
889 1156 928 1193 in
957 1160 1062 1206 parte
1092 1155 1238 1193 Coenae
1266 1155 1488 1194 Dominicae
1515 1168 1653 1207 ponere
1681 1169 1746 1193 ve·

205 1224 330 1262 limus.
385 1222 446 1260 Ne
481 1221 571 1272 quid
608 1221 670 1258 hic
708 1221 752 1258 (10
788 1220 1118 1271 Euangelistarum
1146 1221 1361 1259 narratione
1391 1221 1570 1268 dicamus,
1599 1234 1643 1258 ex
1671 1234 1743 1272 qua

207 1302 296 1327 sane
333 1287 460 1336 colligi
493 1290 617 1337 potest
653 1290 689 1324 et
726 1286 889 1323 Coenam
926 1285 1146 1323 Paschalem
1182 1289 1218 1323 et
1245 1286 1382 1336 pedum
1409 1286 1591 1324 lotionem
1619 1285 1743 1323 diver-

208 1367 286 1391 sam
323 1365 412 1390 sane
446 1364 673 1403 prorsusque
710 1355 917 1402 separatam
955 1350 1140 1388 actionem
1176 1351 1303 1394 fuisse,
1340 1355 1375 1389 et
1413 1354 1607 1402 utramque
1634 1350 1745 1388 etiam

208 1418 372 1470 priorem
409 1417 524 1455 fuisse
552 1416 632 1467 ipsa
663 1416 809 1453 Coenae
836 1415 1085 1461 institutione,
1113 1415 1260 1453 etiamsi
1289 1417 1498 1467 Cyprianus
1527 1415 1633 1453 aliter
1661 1428 1746 1454 sen·

204 1485 296 1520 sisse
324 1481 505 1519 videatur.

261 1546 405 1584 Deinde
440 1546 558 1583 multo
596 1545 720 1582 minus
756 1545 795 1582 in
822 1545 907 1582 loco
935 1548 1091 1594 urgetur
1118 1545 1241 1583 adhuc
1269 1546 1446 1597 temporis
1476 1548 1678 1598 vespertini
1707 1552 1743 1587 et

209 1612 285 1652 loci
321 1610 545 1649 observatio.
601 1610 735 1661 Neque
761 1610 862 1648 enim
890 1614 990 1647 recte
1017 1614 1165 1661 tempus
1202 1615 1266 1648 aut
1292 1611 1398 1648 locus
1415 1613 1526 1660 (152)
1556 1613 1746 1650 consessui

212 1678 415 1730 opponitur
442 1676 481 1713 10
508 1688 644 1713 coenae
671 1688 753 1721 usu,
783 1688 867 1712 cum
896 1678 932 1712 et
955 1681 1101 1726 tempus
1130 1679 1166 1713 et
1195 1675 1300 1713 locus
1329 1689 1404 1713 non
1435 1677 1509 1714 sint
1537 1677 1634 1715 actio
1654 1678 1746 1728 ipsa,

211 1747 254 1781 ut
282 1742 350 1781 sub
379 1741 504 1779 verbis
533 1740 700 1777 mandati
726 1740 830 1777 illius
861 1739 964 1777 uhoc
993 1740 1130 1777 facite⁹⁹
1154 1740 1419 1791 comprehendi
1439 1741 1596 1792 possint,
1618 1755 1746 1792 quem—

212 1806 416 1845 admodum
454 1818 670 1843 consessum
705 1804 830 1855 ipsum
859 1804 1123 1855 comprehendi
1152 1805 1320 1851 omnino,
1347 1804 1512 1856 adeoque
1540 1809 1576 1843 et
1603 1810 1745 1856 partem

209 1873 330 1924 ipsam
368 1884 446 1909 esse
483 1869 701 1908 observatae
737 1883 757 1906 a
794 1869 958 1907 Domino
994 1870 1174 1920 mysticae
1214 1883 1299 1907 suae
1327 1870 1486 1907 aetionis
1514 1871 1641 1920 negari
1669 1884 1746 1908 non

211 1939 353 1986 potest:
398 1937 528 1984 estque
570 1933 609 1970 in
658 1933 840 1979 confesso,
888 1932 1012 1969 omnia
1048 1936 1258 1983 temporum
1294 1933 1463 1970 locorum
1501 1946 1742 1983 personarum

213 2000 430 2038 discrimina
469 1999 551 2036 luce
593 1998 792 2047 Euangelii
838 1998 1002 2049 dispulsa
1045 1998 1120 2035 iarn
1163 2011 1388 2050 prorsusque
1433 1999 1612 2047 abrogata
1653 2012 1746 2037 esse.

214 2065 339 2104 Quam
376 2063 548 2115 equidem
584 2063 880 2112 abrogationem,
917 2062 1016 2114 quod
1054 2063 1100 2099 ad
1137 2066 1283 2114 tempus
1327 2063 1565 2113 potissimum
1594 2063 1741 2108 attinet,

213 2129 348 2167 diserte
385 2128 494 2166 nobis
531 2131 801 2165 commonstrat
837 2127 975 2165 Paulus
1011 2128 1050 2164 in
1088 2128 1168 2178 ipsa
1206 2128 1351 2165 Coenae
1378 2128 1625 2173 institutione,
1655 2128 1744 2166 dum

212 2193 285 2232 ait:
318 2210 335 2227 a
348 2192 435 2230 Hoc
463 2191 574 2230 facite
601 2192 746 2242 quoties
775 2191 961 2237 biberitis,
988 2191 1083 2230 etc''.
1114 2192 1247 2243 Neque
1274 2192 1452 2242 temporis
1480 2192 1597 2241 igitur
1625 2206 1745 2244 neque

211 2258 411 2296 loci-item
445 2257 654 2295 mutatione
688 2257 852 2295 violatur
889 2257 1034 2295 Coenae
1070 2257 1274 2301 institutio,
1311 2257 1626 2308 quemadmodum
1656 2272 1746 2296 sane

212 2336 389 2361 consessu
422 2322 571 2360 sublato
610 2322 742 2360 violari
778 2322 938 2369 videtur,
974 2335 1080 2373 quem
1110 2322 1362 2373 Symbolicam
1389 2323 1530 2373 alioqui
1558 2323 1744 2361 actionem

210 2401 290 2426 esse
327 2392 363 2425 et
398 2387 541 2425 Christi
575 2386 757 2438 imprimis
795 2387 963 2438 exemplo
1000 2391 1036 2425 et
1073 2387 1292 2438 Apostolica
1330 2387 1442 2425 etiam
1480 2388 1744 2425 observatione

210 2455 246 2490 et
281 2451 450 2501 mysterii
486 2454 677 2502 praeterea
704 2451 925 2489 excellentia
951 2451 1152 2500 insigniter
1181 2452 1494 2496 commendatum,
1522 2451 1682 2502 denique
1710 2457 1748 2490 et

210 2515 387 2554 mandato
416 2515 557 2553 Christi
584 2515 739 2554 Domini
765 2515 830 2552 illo
863 2515 966 2553 uhoc
994 2515 1131 2553 facit-&⁹
1158 2516 1380 2567 imperatum
1408 2516 1518 2554 nobis
1541 2529 1620 2554 esse
1641 2516 1745 2554 vide-

210 2593 306 2619 mus,

259 2645 453 2682 Postremo
482 2645 648 2682 omnium
688 2658 776 2683 sane
802 2644 958 2682 minime
984 2644 1024 2682 in
1052 2645 1135 2683 loco
1162 2650 1317 2695 urgetur
1343 2634 1518 2694 ignorata
1547 2658 1745 2683 consessus

208 2723 270 2748 seu
300 2708 493 2746 accubitus
523 2709 662 2746 Christi
692 2722 773 2747 eum
803 2709 996 2761 Apostolis
1024 2709 1144 2747 forma
1171 2711 1209 2749 in
1239 2710 1358 2762 prima
1382 2710 1447 2747 illa
1469 2710 1745 2748 (3000001051ιί-

207 2774 366 2813 tutione.
397 2774 508 2821 (153)
539 2772 636 2811 Quis
664 2773 762 2811 enim
791 2787 860 2811 nos
889 2774 1032 2820 doceat,
1059 2774 1103 2811 ad
1134 2788 1242 2825 quem
1260 2774 1412 2812 modum
1428 2778 1576 2825 peracta
1594 2774 1640 2811 sit
1661 2778 1741 2811 tum

206 2839 326 2891 prima
353 2838 419 2876 illa
446 2838 557 2876 etiam
588 2838 644 2876 vel
671 2839 796 2889 poculi
823 2839 1036 2890 propinatio
1065 2840 1122 2876 vel
1149 2840 1258 2891 panis
1286 2840 1365 2891 ipsa
1393 2840 1526 2877 fractio
1555 2852 1597 2876 ac
1618 2839 1744 2876 distri-
