1830 3147
158 67 205 102 88

155 181 266 229 teque
301 178 486 230 supplices
523 192 728 230 precamur,
753 183 796 218 ut
823 193 892 219 nos
921 180 1065 233 Spiritu
1093 185 1223 220 sancto
1251 186 1315 222 tuo
1345 183 1701 235 corrobora-(73)rc

157 247 193 281 et
232 244 462 281 communire
497 244 549 281 ita
585 244 750 294 digneris
785 250 937 297 propter
965 246 1124 284 eundem
1163 247 1286 299 ipsum
1316 248 1491 287 dilectum
1520 253 1626 288 tuum
1653 252 1700 289 fi-

158 308 261 354 lium,
296 312 338 346 ut
365 309 451 346 fidei
479 317 628 347 nostrae
657 310 794 348 donum
825 311 872 348 ad
907 313 1019 349 finem
1057 325 1175 363 usque
1216 313 1374 352 retinere
1409 313 1488 352 eius
1518 314 1698 353 beneficio

158 378 195 410 ct
223 373 314 410 illud
343 373 440 410 vitae
468 373 577 411 etiam
608 379 758 413 nostrae
786 376 954 414 novitate
982 376 1189 427 exprimere
1216 382 1409 430 uteunque
1436 379 1637 430 possimus.

211 436 373 475 Oramus
399 441 437 475 te
464 438 589 481 etiam,
617 440 852 478 sanctissime
880 441 1008 479 Pater!
1038 454 1104 492 pro
1135 442 1319 480 catholica
1346 444 1415 481 filii
1443 443 1497 482 tui
1523 448 1604 482 toto
1623 448 1699 483 ter-

156 516 278 539 rarum
309 503 399 540 orbe
428 503 557 541 diffusa
585 504 768 551 Ecclesia,
794 506 834 543 in
863 519 937 556 qua
966 519 1051 544 vera
1078 519 1120 544 ac
1149 507 1323 546 salutaris
1351 508 1419 545 filii
1439 509 1495 547 tui
1516 509 1702 556 doctrina,

154 568 291 605 reiecta
326 568 488 606 Romani
524 569 749 608 Antichristi
785 571 1068 609 abominatione
1114 575 1227 623 atque
1278 572 1505 619 idololatria,
1545 574 1699 613 docetur

156 636 191 669 et
228 632 460 672 observatur.
515 635 653 672 Arceto
691 635 736 672 ab
774 635 838 673 illa
878 649 1102 687 quaesumus
1141 637 1256 675 falsos
1294 650 1422 675 omnes
1458 643 1627 690 pastores
1657 652 1700 678 ac

156 697 341 745 doctores,
377 699 474 738 feras
509 699 664 751 inquam
701 701 784 739 illas
819 702 965 746 noxias,
1003 715 1098 753 quae
1135 702 1281 740 vineam
1309 707 1413 741 tuam
1443 704 1695 755 depascuntur

153 766 189 801 et
217 763 440 802 conculcant
469 763 511 813 ¹),
548 769 583 802 et
611 765 797 803 extrudito
833 765 873 803 in
908 765 1012 803 illam
1039 766 1122 817 pios
1149 767 1277 805 fideles
1305 781 1350 805 ac
1379 768 1579 818 diligentes
1608 782 1696 820 ope·

152 827 272 866 rarios
299 832 449 866 tuorum
476 829 771 868 ministeriorum
800 830 949 869 sedulos
970 831 1247 882 dispensatores
1268 831 1312 880 ²),
1332 832 1397 883 qui
1418 846 1495 870 non
1516 846 1619 871 suam
1639 834 1697 885 ip·

155 907 293 939 sorum,
328 894 392 932 sed
428 898 533 933 tuam
562 895 677 933 solius
705 901 887 947 quaerant
914 896 1073 945 gloriam
1102 901 1137 935 et
1174 896 1366 935 Ecclesiae
1393 902 1490 945 tuae,
1515 897 1693 937 innocen‘

151 958 298 996 tissimo
326 959 395 997 filii
422 960 478 997 tui
506 960 690 1009 sanguine
717 960 942 1012 redemptae,
970 961 1286 1001 aedificationem.

204 1024 395 1075 Imprimis
432 1037 517 1062 vero
556 1028 593 1062 tc
629 1037 792 1068 oramus,
825 1025 935 1062 Pater
973 1025 1279 1064 clementissime!
1319 1038 1384 1076 pro
1426 1025 1695 1076 Regni-huius

148 1089 271 1127 incliti
309 1089 486 1127 Ecclesiis
523 1103 721 1141 earumque
757 1089 945 1128 Ministris
984 1090 1172 1136 omnibus,
1211 1091 1449 1141 potissimum
1476 1095 1601 1129 autem
1628 1103 1692 1143 pro

150 1155 396 1193 Serenissimo
435 1156 537 1205 Rege
575 1160 705 1193 nostro
739 1156 920 1194 Eduardo
950 1157 1078 1202 Sexto,
1106 1170 1215 1208 quem
1245 1159 1329 1205 (74)
1358 1161 1398 1195 ut
1427 1157 1606 1195 hactenus
1648 1156 1692 1195 ab

150 1219 268 1270 ipsius
304 1233 347 1258 ac
384 1220 459 1258 tuis
496 1220 634 1270 pariter
663 1220 834 1259 hostibus
861 1221 1006 1272 potenti
1033 1226 1097 1259 tua
1125 1235 1240 1260 manu
1268 1226 1412 1260 tutatus
1440 1236 1491 1268 es,
1517 1222 1569 1260 ita
1587 1222 1692 1261 illum

154 1284 328 1336 deinceps
365 1298 513 1336 quoque
547 1285 644 1323 tueri
680 1298 723 1323 ac
761 1299 906 1323 servare
942 1290 978 1323 et
1017 1286 1161 1337 Spiritu
1197 1286 1286 1325 item
1316 1291 1446 1325 sancto
1477 1291 1542 1325 tuo
1570 1300 1695 1337 regere

151 1363 194 1386 ac
230 1349 440 1399 gubernare
477 1349 656 1400 digneris,
691 1354 731 1388 ut
766 1354 990 1400 augescente
1025 1352 1146 1389 indies
1179 1352 1300 1401 magis
1337 1365 1382 1390 ac
1408 1352 1529 1402 magis
1558 1352 1695 1390 Divina

151 1419 215 1452 tua
242 1414 281 1452 in
309 1415 375 1452 illo
405 1428 489 1453 cum
517 1419 636 1453 aetate
665 1429 730 1454 sua
757 1416 878 1466 gratia
899 1414 944 1465 3),
969 1417 1022 1455 ita
1051 1417 1197 1455 demum
1227 1431 1353 1467 regere
1379 1418 1498 1469 possit
1517 1418 1694 1469 populum

153 1492 261 1516 suum
306 1479 374 1516 sub
413 1479 532 1531 capite
576 1483 706 1518 nostro
744 1481 914 1519 omnium
951 1481 1116 1526 Christo,
1153 1486 1193 1520 ut
1228 1482 1414 1534 placidam
1450 1496 1494 1520 ac
1530 1483 1693 1534 quietam

155 1542 268 1580 vitam
308 1544 376 1582 sub
413 1544 479 1581 illo
518 1556 602 1582 cum
638 1545 742 1583 omni
777 1545 917 1597 pietate
945 1550 980 1584 et
1020 1546 1216 1585 honestate
1253 1546 1358 1586 iuxta
1400 1547 1554 1587 verbum
1591 1552 1695 1586 tuum

157 1608 290 1658 degere
317 1614 382 1647 tuo
412 1609 594 1648 beneficio
622 1610 823 1661 possimus,

211 1674 372 1713 Oramus
417 1680 453 1713 te
486 1679 688 1727 praeterea,
726 1675 962 1715 sanctissime
999 1677 1129 1716 Pater!
1165 1690 1233 1729 pro
1287 1678 1453 1716 eiusdem
1492 1677 1699 1717 Maiestatis

159 1738 299 1788 Regiae
336 1739 447 1777 domo
476 1753 519 1777 ac
546 1740 689 1778 familia
716 1744 811 1786 tota,
838 1754 906 1792 pro
935 1741 1014 1779 eius
1043 1742 1132 1780 item
1161 1755 1203 1780 ac
1232 1743 1354 1793 Regni
1383 1743 1499 1782 totius
1526 1743 1698 1781 Proceri·

159 1803 232 1840 bus
269 1816 312 1841 ac
350 1803 636 1854 Magistratibus
672 1805 862 1852 omnibus,
897 1806 1082 1858 imprimis
1111 1820 1197 1845 vero
1227 1821 1293 1859 pro
1323 1808 1530 1846 clarissimo
1559 1808 1699 1846 Senatu

157 1867 287 1919 ipsius.
341 1868 499 1918 Largire
533 1869 609 1907 illis
646 1883 871 1920 quaesumus
898 1884 966 1922 pro
994 1876 1057 1910 tua
1085 1871 1224 1910 Divina
1253 1873 1499 1911 beneficentia
1527 1873 1700 1924 spiritum

160 1932 320 1977 consilii,
357 1933 530 1984 spiritum
566 1934 799 1973 fortitudinis
836 1940 872 1974 et
908 1938 1216 1988 perseverantiae,
1251 1942 1305 1983 ut,
1341 1938 1443 1989 quod
1477 1938 1698 1990 iampridem

160 1998 236 2035 orsi
273 2002 360 2036 sunt
387 1998 425 2036 in
455 1999 641 2038 abolenda
670 2001 897 2040 Antichristi
922 2003 1124 2053 tyrannide
1160 2007 1196 2041 et
1232 2003 1463 2042 restituenda
1498 2004 1536 2042 in
1566 2004 1699 2054 Regno

160 2062 233 2101 hoc
264 2063 396 2101 inclito
434 2078 520 2102 vera
555 2065 749 2116 religione,
783 2067 822 2105 id
858 2067 904 2105 ad
943 2069 1055 2106 finem
1085 2082 1202 2120 usque
1240 2069 1428 2107 constanti
1464 2069 1700 2120 infractoque

160 2128 284 2165 animo
311 2134 598 2181 prosequantur.
637 2130 695 2169 Da
721 2131 797 2170 illis
826 2132 1116 2183 Domi-(75)ne!
1146 2134 1328 2186 Spiritum
1358 2135 1512 2173 unitatis
1538 2149 1582 2173 ac
1611 2148 1699 2174 con·

161 2193 322 2241 cordiae,
347 2199 390 2232 ut
417 2196 657 2245 unanimiter,
683 2198 785 2249 quod
820 2203 961 2237 rectum
999 2203 1067 2246 est,
1095 2204 1300 2252 sequantur
1326 2205 1363 2239 et
1390 2201 1700 2252 tranquillitatem

160 2272 204 2296 ac
230 2273 359 2310 pacem
386 2261 424 2298 in
454 2262 645 2313 republica
672 2268 918 2314 promoveant
945 2269 982 2303 et
1011 2270 1243 2305 conservent,

212 2324 273 2361 Ad
310 2324 400 2363 haec
436 2330 472 2364 te
500 2327 612 2365 etiam
639 2340 706 2379 pro
733 2329 874 2380 populo
904 2329 1077 2368 universo
1104 2330 1214 2369 huius
1242 2330 1367 2380 Regni
1394 2330 1510 2369 totius
1539 2343 1705 2376 oramus,

162 2388 398 2440 omnipotens
435 2391 564 2430 Pater!
597 2396 639 2431 ut
676 2393 887 2431 doctrinam
922 2394 991 2432 filii
1026 2395 1095 2440 tui,
1130 2395 1364 2447 Propheticis
1401 2399 1437 2433 et
1469 2394 1702 2446 Apostolicis

159 2452 278 2491 literis
322 2456 521 2506 proditam,
561 2457 724 2496 libenter
760 2459 1017 2510 amplectatur,
1061 2460 1173 2512 inque
1223 2461 1287 2498 illa
1334 2460 1455 2498 indies
1499 2459 1620 2509 magis
1657 2472 1701 2497 ac

161 2519 282 2567 magis
309 2526 539 2570 promoveat,
565 2526 600 2561 et
627 2523 667 2561 in
695 2523 862 2573 legitima
891 2524 1030 2574 Regiae
1069 2525 1279 2564 Maiestatis
1316 2526 1548 2576 aliorumque
1577 2523 1702 2575 Magi-

162 2588 347 2621 stratuum
374 2585 588 2625 obedientia
623 2588 670 2625 ad
709 2589 866 2627 salutem
894 2590 1010 2628 totius
1038 2592 1091 2629 rei
1119 2591 1290 2642 publicae
1317 2595 1353 2629 et
1379 2590 1572 2629 Ecclesiae
1598 2591 1701 2629 aedi-

161 2648 377 2687 ficationem
402 2649 540 2700 iugiter
566 2654 754 2704 persistat.

213 2713 376 2752 Oramus
410 2715 561 2767 insuper
596 2722 699 2756 tuam
735 2717 913 2757 Divinam
951 2719 1187 2759 clementiam
1213 2734 1281 2773 pro
1320 2720 1470 2759 civitate
1497 2720 1567 2759 hac
1595 2720 1700 2759 Lon-

203 2840 228 2880 ¹)
252 2839 368 2873 Matth.
392 2841 421 2872 9.
444 2840 548 2873 Lucae
573 2841 622 2875 10.
835 2845 861 2884 2)
886 2844 950 2878 Tit.
979 2845 1005 2878 1.
1219 2846 1246 2887 ³)
1271 2847 1287 2878 1
1312 2846 1394 2880 Tim.
1419 2847 1448 2880 2,
