1830 3147
803 112 865 148 57]
1326 109 1393 153 [A.
1420 108 1464 142 i).
1492 106 1602 150 1544]

71 219 143 256 alio
177 218 324 267 quodam
358 220 462 265 pacto
496 230 559 253 nos
583 229 697 253 amare
730 217 802 252 sive
826 217 932 252 amari
956 230 977 251 a
1001 215 1102 252 nobis
1129 215 1225 257 velit,
1249 215 1340 250 hunc
1365 226 1385 250 a
1409 214 1608 250 Christiana

72 281 257 317 dilectione
279 279 453 316 diversum
480 278 580 325 plane
606 290 815 326 prorsusque
840 279 990 314 alienum
1011 278 1256 320 existimarem,
1273 276 1365 324 quod
1392 277 1428 312 in
1451 277 1607 313 Socratis

73 342 165 388 apud
191 341 372 376 Platonem
397 339 558 386 exemplo
583 340 668 374 satis
696 340 787 374 clare
813 338 1053 386 perspicitur.]

120 403 270 438 Proinde
305 401 392 437 hanc
417 401 648 436 conditionem
675 400 823 436 libenter
855 401 1058 447 accipimus,
1085 402 1139 441 ut,
1166 399 1296 435 reiecto
1320 402 1482 434 externae
1506 399 1608 435 faciei

73 468 215 511 aspectu
249 463 351 503 omni,
384 462 560 498 Christum
591 461 704 497 solum
739 462 776 497 in
801 461 900 497 nobis
926 465 1047 497 mutuo
1072 461 1279 502 intueamur,
1308 461 1386 508 [qui
1410 460 1506 496 solus
1532 464 1610 496 tau·

75 524 253 560 tummodo
286 526 408 558 auctor
433 534 473 557 ac
499 523 709 568 gubernator
739 526 792 558 est
815 522 1013 558 dilectionis
1041 534 1149 564 meae,
1185 522 1240 557 cui
1264 522 1378 557 omnia
1403 525 1524 557 nostra
1548 521 1608 557 tri-

75 583 210 620 buenda
245 587 342 624 suut,
377 587 413 617 et
447 583 506 629 qui
543 583 638 618 solus
669 582 891 618 consiliorum
929 586 1123 617 nostrorum
1150 581 1253 617 iudex
1280 585 1384 628 atque
1414 581 1611 618 moderator

73 643 240 680 constitui
264 643 378 678 debet.
429 643 469 678 In
496 643 571 688 ipso
588 654 715 678 omues
742 644 864 678 fratres
890 655 1021 682 sumus.
1051 643 1212 690 quoniam
1238 641 1307 683 ille,
1324 643 1482 689 quamvis
1497 643 1608 683 Deus,

79 705 185 739 frater
218 707 336 738 noster
373 715 448 738 esse
484 703 625 749 voluit]
676 703 733 738 Sic
767 703 874 750 igitur
907 707 943 739 et
969 708 1003 737 te
1028 715 1089 749 pro
1114 703 1221 738 fratre
1247 703 1356 738 multo
1382 702 1610 738 libentissime

75 778 263 813 agnoscere
298 769 333 800 et
357 778 377 800 a
402 770 435 800 te
461 765 609 800 vicissim
638 776 699 811 pro
725 764 886 799 fratribus
910 764 1051 811 agnosci
1077 763 1246 803 volumus,
1273 763 1318 798 ini
1346 762 1478 798 David!
1504 762 1608 798 illud-

76 840 142 873 que
177 826 239 861 tibi
275 830 370 861 certo
404 826 622 866 affirmamus,
660 825 758 860 nobis
790 824 875 859 nihil
908 825 1015 870 magis
1040 822 1136 859 cordi
1162 835 1248 866 esse,
1273 836 1375 870 quam
1405 826 1444 858 ut
1469 823 1505 858 iu
1532 823 1606 858 red·

75 885 188 922 denda
212 886 393 922 doctrinae
418 891 559 921 nostrae
584 897 623 920 ac
648 885 728 920 fidei
754 886 886 920 ratione
911 885 1070 920 omnibus
1097 896 1237 931 prorsus
1265 885 1534 926 satisfaciamus,
1549 885 1609 932 qui

78 950 234 982 nostrum
261 947 297 982 in
323 946 429 981 verbo
455 947 521 982 Dei
548 946 774 981 ministerium
805 946 882 992 [qui
910 945 1106 981 hauddubie
1130 945 1231 980 iuxta
1257 945 1350 980 verbi
1376 945 1483 992 ipsius
1511 945 1609 980 testi-

75 1007 225 1042 monium
262 1012 384 1042 auctor
421 1006 521 1042 huius
560 1006 631 1052 est]
675 1017 864 1052 agnoscere
902 1006 1003 1041 modo
1037 1006 1173 1046 volunt,
1214 1017 1322 1052 neque
1349 1006 1531 1053 quicquam
1557 1018 1609 1040 ar-

76 1066 291 1102 dentioribus
329 1068 418 1102 votis
447 1074 578 1113 petere,
618 1079 719 1114 quam
760 1071 809 1107 ut,
836 1068 958 1112 positis
984 1067 1140 1102 humanis
1166 1067 1348 1103 affectibus
1374 1068 1514 1110 nostri&
1539 1080 1609 1103 uno

76 1127 179 1162 corde
213 1133 248 1163 et
282 1139 340 1162 ore
375 1139 494 1162 omnes
521 1139 633 1162 veram
662 1127 727 1162 Dei
753 1130 788 1161 et
813 1128 923 1162 nostri
949 1128 1182 1174 cognitionem
1208 1128 1461 1163 annunciamus
1489 1132 1524 1163 et
1549 1141 1609 1164 ex-

75 1188 275 1234 primamus,
323 1187 432 1234 parati
459 1188 596 1222 interim
623 1200 685 1222 nos
711 1187 841 1223 discere
871 1188 1009 1222 meliora
1036 1199 1170 1233 semper
1194 1187 1237 1222 ab
1263 1187 1436 1229 omuibus,
1461 1187 1520 1234 qui
1545 1199 1609 1222 nos

75 1247 199 1283 docere
224 1252 383 1294 possunt,
408 1248 468 1282 sed
494 1259 562 1282 non
590 1247 739 1286 aliunde.
771 1260 873 1294 quam
900 1260 918 1282 e
944 1248 1162 1293 Proplieticis
1189 1252 1223 1283 et
1249 1247 1463 1294 Apostolicis
1488 1248 1610 1289 literis,

78 1314 198 1345 mutuo
233 1309 299 1344 sibi
333 1309 567 1344 testimonium
603 1320 736 1355 semper
761 1315 797 1343 et
832 1309 958 1355 ubique
998 1309 1266 1356 perhibentibus,
1304 1315 1484 1356 propterea
1516 1309 1609 1356 quod

75 1382 134 1406 eas
171 1370 301 1406 Paulus
341 1370 516 1405 Ecclesiae
549 1369 825 1411 fundamentum,
860 1370 998 1405 Christo
1035 1371 1108 1416 ipso
1142 1383 1276 1405 summo
1309 1371 1470 1417 angulari
1495 1370 1609 1417 lapide

74 1437 293 1478 compactum
329 1432 494 1477 appellat,
528 1435 563 1465 et
596 1430 780 1465 anathema
805 1443 878 1466 csse
905 1431 989 1472 vult,
1013 1431 1178 1478 quicquid
1205 1436 1340 1477 praeter
1365 1433 1514 1478 positum
1541 1433 1608 1467 iam

77 1493 341 1529 fundamentum
377 1492 441 1527 hoc
477 1492 579 1527 etiarn
617 1492 660 1527 ab
693 1493 817 1538 angelo
852 1493 895 1528 de
931 1494 1029 1528 coelo
1053 1505 1258 1540 quocunque
1281 1493 1383 1529 modo
1410 1493 1608 1529 doceretur.

82 1554 219 1600 [Quare
243 1553 340 1594 nihil,
371 1552 463 1599 quod
497 1553 602 1598 magis
638 1565 656 1587 e
689 1553 778 1588 votis
815 1553 912 1589 uobis
944 1555 1002 1597 sit,
1038 1556 1150 1590 facere
1177 1560 1288 1601 potes,
1321 1567 1420 1602 quam
1449 1559 1487 1589 ut
1512 1555 1608 1590 iuxta

78 1614 164 1649 hanc
195 1613 342 1659 Spiritus
385 1613 504 1648 sancti
539 1612 641 1648 Pauli
682 1625 738 1648 ore
773 1614 942 1660 prolatam
968 1614 1136 1661 regulam,
1165 1627 1266 1662 quam
1294 1615 1462 1650 liberrime
1489 1615 1603 1651 nobis-

75 1686 153 1710 cum
188 1686 271 1720 agas
305 1677 340 1708 et
367 1677 467 1720 q'uam
495 1673 709 1719 apertissime
743 1674 841 1709 nobis
867 1675 1028 1720 explices,
1052 1688 1219 1722 quaenam
1245 1676 1281 1710 in
1307 1675 1464 1711 doctrina
1491 1680 1608 1712 nostra

78 1734 262 1776 laudanda,
287 1745 453 1780 quaenam
481 1733 705 1780 improbanda
731 1733 793 1769 tibi
820 1735 1014 1770 videantur.

125 1795 178 1830 Ex
215 1795 267 1829 his
299 1799 428 1836 autem,
464 1807 552 1841 quae
589 1795 642 1830 vel
676 1807 717 1830 ex
750 1795 819 1830 tuis
853 1796 1061 1837 anidiviinus‚
1093 1795 1147 1831 vel
1173 1807 1216 1831 ex
1242 1796 1380 1842 scriptis
1407 1798 1477 1832 tuis
1504 1797 1607 1833 etiam

77 1856 343 1903 deprehendisse
367 1856 465 1890 nobis
492 1855 658 1897 videniur,
683 1855 769 1891 illud
797 1857 938 1902 probare
964 1870 1034 1892 non
1060 1869 1255 1904 possumus,
1280 1858 1370 1904 quod
1401 1858 1462 1893 tibi
1480 1870 1607 1894 novum

76 1916 249 1962 quoddam
287 1927 327 1951 ac
364 1927 499 1962 prorsus
535 1917 707 1960 peculiare
741 1917 932 1952 vocationis
968 1930 1077 1965 genus
1109 1930 1269 1963 arrogare
1306 1918 1443 1959 videris,
1477 1919 1512 1954 in
1538 1931 1609 1966 quo

76 1976 239 2011 videlicet
276 1988 391 2023 neque
424 1975 497 2011 salli
524 1977 648 2022 possis,
682 1989 793 2023 neque
820 1977 950 2013 fallere.
1001 1979 1132 2014 Causas
1154 1979 1220 2014 iam
1246 1979 1413 2014 audivisti
1439 1981 1474 2015 in
1500 1981 1609 2027 prima

77 2042 196 2072 nostra
222 2037 388 2083 Epistola,
414 2043 479 2073 etc.

122 2097 165 2132 ld
193 2096 329 2132 videtur
355 2108 490 2144 quoque
519 2099 621 2142 paulo
654 2099 885 2145 arrogantum,
921 2099 1013 2145 quod
1048 2098 1083 2134 in
1117 2102 1177 2134 tua
1208 2099 1272 2134 hac
1298 2099 1340 2134 ad
1368 2112 1420 2135 me
1448 2099 1607 2146 Epistola

78 2158 260 2203 scripsisti,
295 2163 328 2191 tc
362 2163 458 2192 corto
488 2159 668 2198 affirmare,
703 2158 794 2205 quod
829 2164 942 2194 tecum
976 2160 1022 2194 sit
1055 2160 1182 2194 veritas
1217 2165 1251 2194 et
1286 2164 1323 2195 tu
1361 2173 1437 2196 cum
1465 2162 1609 2197 veritate

79 2219 244 2258 vicissim,
270 2214 438 2264 siquidem
467 2219 550 2254 hacc
577 2220 679 2255 verba
704 2219 795 2255 nude
810 2232 849 2255 ac
863 2220 1065 2266 simpliciter
1078 2221 1300 2266 accipiamus.
1332 2222 1607 2265 Falernursane,

79 2280 257 2314 veritatem
297 2278 475 2314 nobiscum
515 2292 600 2322 csse,
638 2286 809 2327 quatenus
843 2281 877 2315 in
914 2281 1011 2316 nobis
1045 2294 1102 2327 per
1136 2282 1301 2328 Spiritum
1328 2295 1427 2318 suum
1456 2284 1543 2319 vivit
1567 2297 1609 2320 ac

76 2339 183 2385 spirat
209 2338 380 2373 Christus.
411 2338 592 2384 [Fatemur
617 2340 718 2374 etiam
745 2352 807 2374 uos
832 2352 908 2375 cuin
935 2342 1082 2375 veritate
1097 2353 1185 2381 esse,
1206 2346 1388 2388 quatenus,
1416 2343 1489 2389 lege
1503 2356 1607 2379 mein·

78 2399 213 2435 brorum
251 2404 449 2434 nostrorum
477 2413 544 2435 non
570 2401 614 2436 ad
641 2402 960 2436 condemnationem
988 2401 1084 2437 nobis
1111 2403 1293 2449 imputata,
1318 2403 1453 2449 corpori
1479 2404 1608 2440 Christi

79 2461 226 2496 insertos
258 2472 319 2494 nos
356 2472 431 2494 esso
468 2460 670 2506 credimus]
724 2462 788 2496 Sed
817 2461 881 2496 hoc
908 2475 976 2497 non
1004 2467 1057 2496 cst
1084 2463 1232 2509 proprie,
1257 2465 1321 2498 nisi
1349 2469 1478 2508 partem
1507 2477 1606 2500 unam

75 2533 152 2556 esse
185 2532 262 2556 cum
300 2520 459 2562 veritate,
505 2533 626 2567 nempe
660 2526 831 2567 quatenus
865 2522 961 2557 iuxta
987 2522 1096 2569 legem
1123 2523 1247 2558 inentis
1275 2529 1411 2559 nostrae
1436 2529 1610 2560 sectamur

78 2581 271 2620 veritatem,
296 2586 476 2627 postquam
501 2582 559 2628 Sp.
585 2585 621 2616 ὃ.
651 2582 743 2617 illius
770 2582 1002 2627 coguitionem
1029 2583 1150 2618 animis
1164 2584 1291 2618 nostris
1305 2585 1490 2629 impressit.
1517 2586 1608 2620 Nam

75 2645 129 2676 est
162 2646 197 2675 et
233 2642 343 2676 altera
376 2647 493 2677 nostra
529 2653 605 2688 pars
643 2654 751 2688 eaque
787 2643 895 2677 multo
935 2642 1128 2681 violentior,
1154 2656 1276 2690 nempe
1303 2656 1389 2691 quae
1416 2658 1478 2679 uos
1506 2652 1611 2692 cogat

77 2701 129 2735 vel
157 2701 285 2737 invit-os
312 2703 424 2737 facere
451 2702 590 2742 malum,
619 2702 710 2748 quod
736 2702 911 2744 nolumus,
938 2707 972 2737 et
999 2703 1142 2749 proinde
1168 2703 1285 2738 fallere
1311 2716 1450 2751 quoque
1463 2717 1503 2740 ac
1521 2706 1608 2746 falli,

77 2762 176 2796 iuxta
200 2773 302 2809 quam
329 2776 390 2798 nos
416 2775 534 2798 omnes
561 2764 741 2798 mendaces
768 2763 934 2810 propbeta
959 2764 1099 2810 apellat.
1131 2764 1237 2800 quta
1265 2766 1349 2802 hauc
1373 2766 1480 2813 igitur
1500 2767 1610 2802 nostri

78 2826 209 2867 partem
244 2834 320 2858 cum
359 2824 504 2858 veritate
539 2835 611 2858 esse
637 2836 706 2858 non
733 2835 932 2870 possumus,
957 2825 1152 2871 quicunque
1177 2824 1332 2861 homines
1357 2838 1488 2862 sumus.
1539 2828 1609 2863 Sed

75 2881 211 2919 iuterim
247 2896 265 2918 a
303 2884 448 2920 veritate
475 2896 543 2920 nou
569 2883 787 2921 excludimur
815 2888 942 2925 tamen,
966 2890 1150 2935 propterca
1175 2884 1269 2938 quod
1296 2898 1370 2926 eam
1397 2888 1509 2926 nostri
1533 2900 1610 2941 par-
