1830 3147
195 127 268 164 268

241 238 278 276 1.
320 235 498 275 Monetnr
526 248 646 286 aeger,
671 238 713 273 ut
742 235 893 286 cogitet,
921 233 1074 273 morbos
1102 246 1245 282 omnes,
1273 234 1549 287 non-equidem
1576 238 1726 283 temere,

193 314 328 341 casuve
355 300 528 346 fortuite,
564 293 636 338 sedv
665 304 766 338 certo
795 299 866 338 Dei
895 298 1054 337 consilio
1066 299 1190 352 jiuxta
1218 299 1443 337 ineffabilem
1468 298 1572 338 illius
1599 300 1728 352 provi-

189 365 355 404 dentiam
398 363 565 410 immitti,
606 368 643 402 et
687 363 845 416 proinde
897 376 975 401 non
1020 362 1178 409 dubitet,
1221 363 1394 402 morbum
1432 376 1581 417 quoque
1617 378 1726 404 suum

188 444 266 470 non
302 430 467 476 aliunde,
502 442 615 481 quam
650 442 671 467 a
708 428 874 467 Domino
912 428 991 466 Deo
1029 440 1110 474 suc,
1146 427 1220 466 sibi
1245 429 1459 467 immissum
1487 442 1579 475 esse,
1607 442 1728 480 agno-

188 499 352 548 scatque,
378 495 485 534 illum
514 495 598 542 sibi,
626 499 806 546 tanquam
831 493 951 546 ipsius
979 493 1047 532 Dei
1076 493 1250 533 manibus
1275 494 1502 543 immissum,
1520 507 1602 533 cum
1623 494 1729 535 omni

188 561 306 600 animi
331 559 563 611 gratitudine
591 573 635 598 ac
662 559 864 598 tolerantia
890 558 1090 597 ferendum
1116 571 1210 598 esse.

238 630 275 668 2.
304 627 496 673 Monetur,
531 630 572 664 ut
609 625 762 674 cogitet,
800 637 877 663 non
904 625 1046 663 frustra
1072 623 1184 662 nobis
1211 637 1232 663 a
1260 624 1424 663 Domino
1451 625 1607 664 morbos
1634 625 1730 664 alia-

187 705 258 744 que
293 691 396 730 varia
432 691 554 729 crucis
588 703 726 740 genera
761 688 930 735 immitti,
966 689 1032 727 sed
1059 692 1100 727 ut
1126 701 1197 727 nos
1223 689 1265 727 in
1293 693 1450 728 naturae
1477 689 1548 728 hac
1574 694 1728 729 nostrae

189 757 399 809 corruptela
434 755 596 794 subinde
632 754 862 792 admoneant
896 753 1063 792 iustitiae
1104 753 1244 804 pariter
1271 767 1315 792 ac
1341 753 1621 793 misericordiae
1649 754 1734 802 Dei,

186 821 276 860 dum
304 825 340 859 et
365 820 581 870 affligimur,
608 823 645 856 et
671 817 800 856 afflicti
828 817 980 855 interim
1009 817 1121 855 etiam
1150 817 1337 857 iuvamur.

239 889 275 924 3.
307 884 498 930 Monetur,
525 887 567 921 ut
592 882 796 932 intelligat,
825 882 978 920 morbos
1006 894 1087 919 esse
1116 882 1266 933 quidem
1295 882 1484 920 evidentia
1502 881 1728 921 documenta

188 947 352 987 iustitiae
379 946 532 984 divinae
558 950 636 984 tam
664 945 705 983 in
731 945 818 996 piis,
844 957 956 996 quam
983 944 1025 982 in
1051 944 1178 996 impiis
1205 944 1379 995 (perinde
1405 944 1505 983 enim
1531 945 1631 983 iusto
1659 943 1730 983 Dei

189 1011 329 1052 iudicio
363 1010 574 1063 puniuntur
607 1014 643 1049 et
676 1009 730 1060 pii
767 1013 803 1048 et
838 1009 977 1060 impii),
1013 1009 1077 1047 sed
1106 1008 1177 1047 alia
1205 1008 1357 1047 interim
1385 1009 1553 1048 iustitiae
1581 1008 1732 1048 divinae

191 1078 336 1117 ratione
371 1076 527 1114 immitti
561 1075 715 1113 morbos
743 1074 882 1126 impiis,
909 1073 983 1112 alia
1011 1087 1099 1112 vero
1125 1073 1212 1125 piis.
1266 1074 1400 1126 Impiis
1427 1074 1540 1121 enim,
1567 1074 1637 1112 Dei
1664 1074 1750 1113 be·.

192 1143 486 1192 neficiorumque
521 1139 600 1178 eius
639 1139 975 1191 contemptoribuS,
1012 1138 1136 1189 infligi
1163 1151 1303 1190 poenas
1330 1139 1535 1190 impietatis
1562 1139 1730 1190 ipsorum

191 1208 304 1246 etiam
331 1200 372 1244 in
397 1206 467 1243 hac
495 1205 582 1249 vita,
624 1204 742 1242 veluti
767 1203 954 1255 primitias
982 1203 1164 1254 quasdam
1192 1203 1335 1241 aeterni
1353 1203 1521 1255 ipsorum
1544 1203 1730 1242 cruciatus

192 1277 435 1322 aeternaeque
464 1268 801 1315 condemnationis,
829 1272 871 1306 ut
898 1268 973 1306 iam
1001 1267 1111 1306 etiam
1140 1268 1181 1306 in
1210 1269 1287 1306 vita
1315 1268 1385 1306 hac
1413 1268 1606 1306 horrorem
1623 1268 1730 1307 illum

194 1337 283 1375 iusti
310 1336 442 1374 iudicii
470 1335 588 1373 divini
617 1334 796 1379 sentiant,
822 1333 863 1371 iu
891 1346 964 1384 quo
993 1332 1272 1384 alio-(622)qui
1301 1333 1396 1371 nihil
1425 1333 1528 1371 aliud
1555 1333 1731 1371 intuean-

193 1407 267 1450 tur,
293 1415 405 1453 quam
431 1399 697 1451 inexplebilem
724 1398 830 1436 illam
858 1398 1031 1436 flammae
1059 1398 1238 1437 adversus
1266 1412 1304 1436 se
1332 1399 1608 1438 exardescentis
1636 1400 1731 1436 ima-

193 1468 334 1519 ginem,
369 1479 463 1518 quae
502 1465 588 1503 illos
623 1464 778 1503 tandem
815 1467 916 1501 totos
951 1463 1110 1514 abripiet
1140 1463 1208 1501 snb
1237 1468 1444 1502 extremum
1472 1464 1605 1503 iudicii
1635 1464 1732 1503 diem

194 1533 235 1571 in
270 1536 458 1570 aeternam
495 1529 862 1568 condemnationem.
916 1528 995 1566 Piis
1032 1541 1117 1566 vero
1158 1528 1312 1567 immitti
1340 1530 1492 1568 morbos
1520 1535 1632 1581 atque
1659 1530 1733 1568 alia

196 1597 315 1636 crucis
341 1609 478 1647 genera
506 1594 630 1633 omnia
657 1594 758 1632 iusto
788 1593 939 1644 quidem
968 1593 1078 1631 etiam
1107 1593 1248 1631 iudicio
1278 1593 1348 1632 Dei
1373 1616 1424 1623 --
1445 1608 1510 1646 per
1537 1597 1733 1646 peccatum

196 1662 294 1700 enim
330 1673 430 1699 mors
458 1664 493 1698 et
521 1672 649 1697 omnes
677 1657 901 1709 appendices
928 1658 1030 1696 illius
1057 1679 1108 1687 —-
1135 1658 1198 1696 sed
1226 1662 1353 1696 tamen
1382 1672 1459 1697 non
1486 1663 1562 1697 tarn
1591 1672 1734 1711 poenae

196 1740 286 1765 sane
328 1726 442 1770 illius,
486 1728 638 1776 peccato
673 1726 803 1760 nostro
840 1722 1079 1773 promeritae,
1124 1722 1172 1760 ad
1210 1722 1577 1768 condemnationem,
1614 1736 1727 1775 quam

196 1792 320 1845 potius
357 1789 512 1829 remedii
547 1788 741 1827 cuiusdam
778 1788 954 1826 salutaris
991 1788 1157 1834 nomine,
1193 1792 1234 1826 ut
1272 1801 1342 1826 nos
1377 1788 1419 1826 in
1447 1792 1580 1828 nostro
1609 1789 1730 1828 officio

197 1857 242 1896 ad
273 1857 388 1894 vitam
414 1859 604 1894 aeternam
632 1853 861 1892 contineant.
900 1853 960 1891 Ita
989 1853 1089 1891 enim
1117 1853 1241 1892 visum
1267 1866 1348 1891 esse
1377 1853 1469 1898 Deo,
1497 1858 1551 1898 ut,
1578 1854 1648 1892 etsi
1663 1866 1735 1892 no·

198 1926 274 1962 stra
310 1920 432 1959 omnis
468 1918 746 1963 condemnatio,
773 1921 929 1969 peccato
958 1921 1089 1955 nostro
1118 1916 1159 1954 in
1186 1916 1318 1968 primis
1346 1917 1487 1954 nostris
1513 1916 1734 1968 parentibus

197 1988 270 2026 iam
308 1987 398 2024 olim
433 1984 650 2037 promerita,
678 1983 727 2021 sit
754 1983 794 2020 in
824 1982 976 2020 Christo
1006 1981 1171 2019 Domino
1199 1995 1264 2032 per
1294 1986 1451 2019 mortem
1481 1982 1560 2020 eius
1588 1981 1735 2034 expiata

197 2065 424 2105 prorsusque
450 2050 605 2095 abolita,
631 2053 814 2100 quatenus
843 2047 914 2085 hoc
940 2051 1089 2086 tantum
1119 2047 1344 2085 beneficium
1374 2047 1587 2085 contumaci
1606 2050 1734 2085 nostra

197 2117 462 2157 incredulitate
488 2129 509 2153 a
537 2114 647 2153 nobis
674 2114 746 2165 ipsi
774 2126 852 2151 non
879 2112 1146 2164 propellamus,
1172 2115 1312 2159 tamen,
1327 2112 1506 2163 quoniam
1524 2112 1735 2163 corruptela

199 2187 328 2222 nostra
354 2181 396 2219 in
423 2179 534 2219 nobis
563 2179 688 2217 haeret
716 2177 851 2224 adhuc,
888 2177 1036 2215 etiamsi
1063 2184 1216 2228 propter
1247 2177 1441 2215 Christum
1469 2190 1545 2215 non
1573 2177 1734 2228 amplius

199 2247 376 2287 membris
411 2246 531 2297 ipsius
563 2245 781 2296 imputetur,
815 2249 929 2299 atqpe
967 2256 1008 2280 ea
1045 2255 1115 2280 nos
1150 2247 1361 2281 transverse
1397 2242 1475 2292 agit
1502 2256 1656 2294 semper,
1692 2246 1735 2282 ut

201 2313 310 2352 nobis
338 2312 410 2363 ipsi
437 2310 594 2349 nimium
622 2321 765 2359 semper
793 2308 920 2346 nescio
948 2307 1138 2358 quomodo
1166 2308 1393 2358 placeamus,
1421 2320 1464 2345 ac
1490 2306 1648 2358 proinde
1673 2320 1734 2345 re-

203 2380 272 2418 bus
299 2376 472 2416 secundis
499 2376 583 2427 plus
610 2387 730 2425 aequo
756 2373 868 2411 etiam
895 2373 1165 2411 insolescamus
1195 2372 1341 2423 Deique
1368 2372 1637 2424 propemodum
1665 2372 1734 2409 ob·

200 2443 430 2486 liviscamur,
455 2462 506 2470 -
533 2441 643 2488 (623)
671 2438 738 2482 ita,
769 2438 938 2488 inquam,
977 2437 1100 2475 visum
1128 2450 1208 2476 csse
1237 2436 1331 2482 Deo,
1358 2441 1400 2474 ut
1427 2449 1492 2488 per
1520 2436 1670 2474 morbos
1697 2440 1735 2474 et

201 2508 275 2546 alia
310 2505 463 2557 quaevis
499 2504 622 2543 crucis
657 2516 794 2553 genera
822 2503 968 2540 frenum
997 2503 1188 2553 quoddam
1216 2506 1367 2541 nostrae
1392 2502 1432 2540 in
1461 2502 1571 2540 nobis
1601 2515 1731 2540 corru-

200 2572 321 2625 ptelae
345 2569 490 2608 iniiciat
525 2573 749 2620 nostraeque
777 2567 998 2606 afflictiones
1026 2580 1156 2605 omnes
1184 2567 1354 2606 miseriae
1381 2579 1451 2604 nos
1474 2570 1637 2612 nostrae,
1661 2567 1731 2606 sub

202 2650 316 2689 quam
352 2636 452 2673 iusto
489 2634 560 2672 Dei
594 2633 828 2684 iudicio‘per
854 2636 1049 2684 peceatum
1076 2632 1242 2683 prolapsi
1270 2645 1409 2678 sumus,
1438 2636 1474 2669 et
1501 2631 1733 2680 magnitudi-

203 2702 262 2741 nis
295 2701 385 2739 item
422 2699 570 2737 divinae
606 2712 693 2748 erga
729 2710 799 2736 nos
834 2697 874 2735 in
912 2696 1062 2734 Christo
1101 2696 1379 2735 misericordiae
1415 2695 1575 2734 subinde
1601 2695 1734 2734 admo-

204 2769 332 2810 neant,
366 2769 408 2804 ut
444 2777 563 2815 neque
597 2764 710 2802 rebus
745 2766 925 2815 perpetuo
961 2762 1136 2800 secundis
1164 2761 1323 2799 nimium
1347 2761 1630 2805 insolescamus.
1658 2761 1736 2806 sed,

202 2831 335 2869 morbo
362 2832 427 2867 aut
455 2829 528 2866 alio
556 2841 782 2878 quocunque
810 2826 930 2864 crucis
958 2839 1094 2874 genere
1120 2825 1251 2876 pressi,
1278 2824 1469 2863 servitutis
1502 2837 1545 2861 ac
1565 2824 1736 2863 miseriae

204 2899 354 2938 nostrae
381 2894 420 2932 in
447 2897 598 2947 peccato
627 2905 808 2933 memores
837 2892 964 2938 simus,
993 2891 1091 2930 hanc
1120 2891 1158 2929 in
1187 2889 1298 2929 nobis
1326 2902 1546 2929 accusemus
1573 2891 1735 2930 nullam-
