1830 3147
197 89 260 136 [A.
286 89 330 125 D.
357 89 468 136 1556]
932 87 1002 126 734

193 197 316 233 itinere
341 197 485 245 primum
513 196 555 232 ad
582 196 776 233 Hessorum
803 196 1000 243 Principem
1026 197 1297 233 illustrissimum
1317 201 1361 241 Ξ),
1381 196 1506 233 deinde
1530 208 1610 233 vero
1633 197 1748 233 wit„

191 258 378 304 tebergam,
419 262 523 306 atque
560 271 580 294 a
618 259 779 305 Principe
815 258 1004 294 Hessorum
1037 259 1270 294 amantissime
1307 258 1455 305 excepti,
1491 258 1728 294 liberalissime

194 320 335 355 tractati
360 322 396 354 et
420 319 765 355 honorificentissime
791 319 924 354 dimissi
950 331 1080 354 sumus.
1118 319 1184 354 Ter
1210 332 1342 355 mecum
1370 319 1646 360 familiarissime,
1675 332 1730 355 se—

193 378 294 413 motis
330 377 491 413 omnibus
526 377 677 419 arbitris,
714 382 767 413 est
793 378 943 419 loeutus,
968 391 1105 413 mensae
1130 389 1212 413 suae
1238 378 1483 414 humanissime
1508 379 1666 415 adhibuit
1692 384 1728 416 et

192 450 268 475 cum
305 439 355 474 illi
396 450 526 474 mecum
564 451 638 474 esse
674 451 741 474 non
779 445 928 482 vacaret,
953 451 1088 485 semper
1114 452 1166 474 mc
1191 452 1268 475 cum
1294 441 1426 475 iuniore
1455 440 1627 488 Principe,
1656 441 1728 477 filio

193 513 256 536 suo
293 503 378 535 natu
414 501 572 542 maximo,
606 501 804 536 Guilbelmo
839 512 914 535 csse
941 500 1064 540 voluit,
1090 501 1137 536 sic
1164 507 1202 536 ut
1227 501 1300 536 eius
1327 502 1361 537 in
1387 513 1440 536 me
1465 503 1725 549 propensionem

192 561 433 608 depraedicare
453 574 521 596 non
547 562 632 597 satis
657 562 796 608 possim.
848 562 1011 597 Testatus
1039 565 1093 597 est
1118 562 1254 603 diserte,
1279 575 1313 598 se
1339 563 1372 598 in
1399 575 1503 598 causa
1529 564 1727 599 Sacramen-

192 622 278 658 taria
303 622 479 659 nobiscum
507 622 645 664 sentire,
670 622 864 669 deploravit
891 627 1082 669 temporum
1124 623 1338 670 iniquitatem
1365 628 1400 659 et
1425 625 1606 660 consilium
1632 624 1729 660 dedit

191 683 236 719 ad
271 683 538 730 promovendam
575 683 796 718 ecclesiarum
833 684 1120 729 pacificationem.
1174 684 1278 719 Dedit
1303 684 1384 719 mihi
1410 689 1586 731 praeterea
1612 685 1728 721 literas

190 743 234 780 ad
262 744 458 791 Philippum
486 743 768 779 Melanehtonem
795 747 830 778 et
855 743 897 778 ad
924 743 1118 779 Elector-cm
1147 743 1328 781 saxoniae.
1362 744 1521 792 Philippo
1545 745 1735 785 scribebat,

194 807 232 839 ut
257 815 390 839 mecum
417 813 497 845 una,
522 805 551 839 si
576 804 610 839 id
637 803 856 850 postularem,
881 804 923 839 ad
952 803 1144 840 Electorcm
1172 805 1316 843 veniret,
1341 817 1548 852 causamque
1574 809 1724 841 nostram

191 864 457 900 commendaret.
507 864 655 899 Addidit
696 865 775 899 mihi
814 871 990 911 praeterea
1028 869 1166 911 propter
1191 865 1322 900 itineris
1348 865 1568 901 securitatem
1595 867 1727 913 equites

192 937 273 961 suos
297 925 503 961 deductores
530 926 601 960 suis
627 925 822 972 sumptibus
854 925 1045 961 Erfordiam
1074 938 1193 972 usque,
1230 929 1334 973 atquc
1362 927 1409 961 ita
1433 938 1494 960 nos
1520 926 1656 962 demisit
1683 926 1726 969 ³).

241 986 519 1032 Wittenhergam
553 990 670 1021 autem
697 986 753 1021 ubi
779 986 1004 1027 venissemus,
1038 986 1198 1032 Philippo
1224 999 1301 1021 mox
1329 999 1387 1033 per
1412 986 1648 1022 Utenhovium
1675 1000 1728 1022 me

192 1047 313 1084 adesse
340 1047 547 1093 significavi.
574 1059 614 1083 ac
639 1060 692 1082 me
718 1048 854 1094 quidem
883 1047 976 1082 nolle
1001 1049 1143 1094 agnosci
1169 1047 1212 1082 ab
1238 1047 1408 1087 omnibus.
1433 1048 1492 1083 scd
1520 1060 1595 1083 cum
1622 1049 1728 1094 ipsius

193 1109 408 1157 potissimum
433 1120 538 1143 causa
565 1109 742 1148 venissem.
770 1121 822 1143 me
848 1120 973 1154 cupere
1000 1120 1077 1144 cum
1103 1109 1179 1155 ipso
1204 1109 1361 1156 privatim
1388 1107 1549 1156 colloqui,
1567 1122 1635 1156 quo
1656 1110 1728 1156 ipse

193 1171 269 1206 loco
295 1174 331 1206 et,
355 1173 508 1216 tempore
534 1169 652 1204 vellet.
687 1169 742 1205 lbi
768 1175 885 1205 noster
911 1169 1092 1217 Philippus
1119 1173 1218 1205 tanto
1242 1169 1369 1216 gaudio
1394 1170 1514 1209 exiliit,
1540 1175 1579 1205 ut
1604 1182 1639 1204 re
1657 1183 1727 1205 om·

194 1231 297 1266 nibus
322 1229 415 1266 domi
437 1242 520 1266 suae
540 1229 689 1265 indicata
703 1230 745 1265 ad
761 1242 812 1265 me
828 1232 987 1277 protinus
1008 1231 1213 1271 adcurrerit,
1230 1231 1454 1277 volueritque
1474 1243 1526 1266 me
1543 1242 1623 1266 cum
1642 1231 1726 1267 meis

193 1291 351 1326 omnibus
370 1291 565 1337 pertrahere
591 1292 624 1326 in
650 1302 730 1325 suas
755 1290 869 1331 aedes,
897 1291 978 1326 nihil
1006 1303 1093 1337 opus
1119 1303 1193 1326 esse
1220 1290 1401 1332 dicens‚ut
1423 1292 1614 1327 meamillic
1630 1303 1724 1338 prae-

193 1352 337 1386 sentiam
375 1352 466 1398 apud
493 1363 697 1398 quemquam
725 1351 865 1386 omnino
890 1351 1048 1392 celarem,
1073 1352 1143 1387 imo
1167 1363 1204 1386 sc
1229 1364 1354 1398 cupere
1380 1353 1538 1388 omnibus
1564 1365 1638 1388 esse
1665 1365 1725 1388 no-

193 1412 373 1447 tissimam.
424 1413 552 1448 Omnes
584 1413 643 1458 qui
671 1413 724 1448 hie
748 1416 840 1454 sunt,
873 1413 998 1459 inquit,
1036 1413 1146 1448 nostri
1172 1417 1256 1447 sunt
1291 1419 1326 1448 et
1352 1414 1531 1449 nobiscum
1557 1414 1726 1449 sentiunt.

194 1472 269 1519 Ego
295 1485 376 1508 vero
401 1473 483 1508 mihi
507 1474 542 1508 iu
567 1473 754 1508 diversorio
779 1474 984 1507 manendum
1010 1484 1095 1511 esse.
1120 1478 1192 1508 tum
1220 1477 1358 1520 propter
1383 1485 1500 1520 eunS‚
1525 1478 1597 1508 tuin
1625 1485 1726 1520 prop-

195 1540 246 1569 ter
280 1535 411 1570 itineris
446 1535 588 1570 comites
623 1534 794 1581 respondi,
823 1546 875 1568 me
902 1537 1017 1568 tamen
1042 1533 1146 1569 semel
1173 1539 1354 1569 venturum
1380 1546 1457 1569 esse
1481 1534 1523 1569 ad
1549 1533 1651 1569 aedes
1678 1535 1728 1581 ip-

193 1594 265 1629 sius
290 1593 333 1629 ad
360 1595 534 1630 visendam
562 1594 668 1640 ipsius
695 1593 868 1632 familiam.
894 1594 922 1628 si
949 1594 1050 1629 modo
1076 1595 1218 1629 consuta
1244 1595 1391 1630 invicem
1419 1601 1536 1629 nostra
1563 1595 1656 1641 prius
1682 1595 1724 1629 de

194 1656 295 1690 rebus
332 1656 532 1691 necessariis
567 1656 909 1691 communicaremus.
957 1655 1045 1690 Tum
1083 1656 1113 1690 ei
1154 1655 1287 1691 reddidi
1325 1656 1497 1702 Principis
1533 1657 1724 1691 Hessorum

193 1716 324 1757 literas,
348 1728 433 1763 quas
460 1716 516 1751 ubi
544 1717 695 1762 legisset,
722 1716 825 1751 anihil
854 1716 940 1751 tibi’·
966 1717 1079 1763 inquit.
1105 1728 1212 1763 tropus
1229 1722 1301 1751 erat
1318 1716 1511 1752 istiusmodi
1532 1717 1650 1752 literis.
1688 1716 1727 1752 Si

194 1775 433 1822 intelligerem,
460 1787 556 1822 posse
582 1787 642 1810 uos
666 1776 777 1811 iuvari
803 1775 972 1822 Principis
998 1776 1106 1811 nostri
1125 1776 1334 1811 autoritate·
1357 1776 1469 1822 inquit
1489 1788 1584 1811 amca
1602 1780 1725 1822 sponte

194 1849 247 1872 me
282 1837 344 1871 tibi
377 1838 536 1872 comitem
571 1835 612 1871 ad
640 1836 734 1871 illum
774 1836 1006 1883 adiungerent.
1055 1836 1122 1871 Sed
1147 1837 1174 1872 si
1202 1849 1253 1871 me
1279 1837 1410 1878 audias,
1450 1849 1557 1884 neque
1583 1849 1636 1872 mc
1663 1837 1725 1872 tibi

194 1898 353 1932 comitem
392 1897 493 1933 huius
527 1897 660 1932 itineris
693 1897 871 1943 adiunges,
913 1910 1025 1945 neque
1060 1898 1197 1944 tuipse
1223 1897 1433 1946 colloquium
1460 1910 1536 1935 cum
1564 1897 1724 1944 Principe

193 1970 269 1994 meo
285 1961 314 2002 ⁴)
342 1959 449 1994 ullum
475 1963 653 2005 expetes.’'
689 1958 768 1994 Non
793 1963 848 1994 est
875 1958 1013 2006 quidem
1041 1959 1204 2006 Princeps
1231 1960 1302 2005 ipse
1328 1959 1425 1995 nobis
1452 1960 1539 1995 adeo
1565 1959 1728 1995 adversa-

193 2020 274 2061 rius,
300 2023 340 2056 ut
365 2019 465 2055 multi
490 2020 700 2066 praedicant,
723 2032 833 2067 neque
862 2019 1004 2055 dubium
1031 2022 1095 2060 est.
1120 2020 1202 2066 quin
1230 2027 1264 2055 te
1285 2025 1438 2055 amanter
1451 2019 1495 2056 ad
1514 2020 1724 2067 colloquium

191 2080 368 2121 admittat,
412 2080 469 2116 sed
506 2080 706 2116 inconsulto
731 2093 794 2116 suo
819 2092 994 2127 gynaeceo
1019 2086 1047 2123 ⁵)
1075 2080 1208 2120 nullum
1234 2081 1297 2116 tibi
1322 2093 1522 2128 responsum
1549 2084 1602 2117 est
1626 2081 1726 2116 datu-

193 2153 261 2177 rus.
295 2140 351 2177 Ibi
376 2153 455 2177 vero
481 2140 580 2177 nobis
606 2142 720 2177 omnia
745 2145 828 2177 sunt
853 2143 999 2184 insensa,
1025 2141 1318 2189 impedireturque
1344 2141 1462 2190 procul
1489 2142 1605 2183 dubio,
1631 2143 1724 2189 quic-

191 2202 275 2250 quid
299 2215 362 2238 nos
388 2203 526 2238 omnino
551 2203 753 2238 conabimur
779 2215 995 2249 promovere.

238 2264 373 2300 Deinde
396 2264 439 2300 de
466 2264 664 2310 Principum
691 2265 856 2305 consitiis,
885 2265 994 2300 multa
1019 2277 1153 2300 mecum
1180 2265 1328 2307 locutus,
1353 2265 1479 2300 frustra
1505 2263 1603 2300 nobis
1629 2276 1724 2311 spem

191 2324 296 2360 ullam
324 2325 570 2371 pacificationis
596 2324 701 2360 ullius
717 2325 752 2360 in
771 2327 887 2361 favore
908 2327 1163 2372 autoritateque
1182 2326 1378 2372 Principum
1398 2325 1632 2360 collocandam
1650 2337 1725 2361 esse
1771 2338 1774 2339 ⁷

191 2386 339 2421 dicebat.
390 2386 458 2422 Sed
483 2385 548 2422 sibi
573 2386 680 2421 videri
706 2386 911 2428 consultius,
936 2389 975 2422 ut
1000 2388 1062 2422 viri
1087 2387 1196 2434 aliqui
1221 2387 1315 2423 docti
1340 2392 1374 2422 et
1399 2386 1445 2433 pii
1469 2399 1509 2421 ac
1536 2387 1629 2433 pacis
1653 2392 1726 2422 stu·

191 2448 280 2484 diosi
312 2448 469 2493 privatim
505 2447 630 2484 alicubi
669 2448 904 2490 convenirent,
929 2460 965 2483 re
991 2449 1075 2483 nulli
1103 2448 1300 2495 Principum
1328 2449 1595 2489 communicata,
1621 2453 1656 2483 et
1680 2448 1724 2483 de

192 2508 357 2543 tradenda
382 2508 561 2544 doctrinae
587 2509 736 2544 formula
761 2509 876 2556 aliqua
902 2510 936 2544 in
963 2509 1123 2544 omnibus
1149 2510 1393 2545 controversiis
1419 2509 1627 2544 unanimiter
1649 2521 1725 2545 cou-

193 2569 373 2603 sentirent.
397 2569 484 2604 Tum
511 2581 594 2604 vero
619 2569 755 2605 demum
782 2569 961 2616 Principes
987 2569 1214 2616 appellandos
1240 2582 1330 2611 esse,
1356 2574 1390 2605 et
1415 2570 1482 2606 illis
1498 2569 1725 2605 exhibendum

192 2629 355 2675 quicquid
393 2629 438 2676 pii
472 2632 508 2665 et
544 2631 639 2665 docti
664 2630 706 2665 ad
733 2631 824 2666 hunc
850 2630 987 2666 modum
1014 2631 1105 2666 inter
1129 2643 1202 2666 sese
1227 2632 1444 2667 statuissent.
1493 2632 1550 2671 Se,
1577 2631 1603 2666 si
1630 2630 1726 2666 locus

191 2700 232 2723 ac
270 2692 404 2735 tempus
442 2690 484 2725 ad
511 2702 584 2725 eam
611 2702 680 2726 rem
707 2692 988 2730 constitueretur,
1029 2704 1099 2727 non
1124 2692 1291 2737 gravatim
1316 2704 1391 2727 csse
1417 2696 1596 2728 venturum
1623 2696 1726 2740 atque

191 2747 275 2783 alios
301 2760 417 2784 secum
444 2750 547 2785 etiam
574 2763 643 2786 non
669 2763 798 2798 paucos
822 2751 1065 2787 adducturum.
1114 2752 1267 2799 Cumque
1291 2740 1435 2787 de‘loco
1458 2763 1647 2798 ageremus,
1673 2765 1727 2788 as-

191 2820 313 2843 sensus
350 2814 416 2850 est,
459 2814 497 2845 nt
531 2811 748 2847 Francosorti
789 2817 983 2848 conventus
1024 2811 1191 2848 eiusmodi
1227 2812 1419 2848 haberetur.
1470 2811 1620 2858 Tempus
1647 2824 1728 2848 vero

190 2869 499 2908 commodissimum
526 2872 598 2907 sore
623 2873 778 2920 putabat,
815 2872 857 2909 ad
885 2872 1166 2915 nundinas-illic,
1202 2885 1271 2908 non
1296 2873 1431 2920 quidem
1459 2863 1582 2908 vernas
1609 2873 1721 2921 proxi·
