1830 3147
845 109 914 148 743
1372 112 1434 162 [A.
1461 113 1506 151 D.
1533 116 1645 166 1556]

112 230 330 264 exaggerare,
356 218 458 265 quasi
481 230 546 254 nos
571 217 637 265 ipsi
662 217 732 254 illis
757 229 944 261 careamuS,
971 230 1042 254 non
1073 219 1159 255 item
1184 219 1228 256 ad
1253 232 1378 258 causae
1402 223 1516 259 totius
1540 237 1640 273 prae-

108 279 277 316 iudicium
309 291 429 327 rapere
462 279 543 327 (hoc
578 279 670 315 enim
702 279 850 315 Satanae
874 279 1062 315 consilium
1088 283 1142 316 est
1180 281 1243 328 qui
1268 281 1311 318 ad
1336 283 1638 330 perturbationem

107 353 147 377 ac
183 340 423 377 confusionem
457 339 638 386 religionis
664 341 802 376 trahere
828 352 962 387 semper
988 341 1104 376 omnia
1129 345 1294 389 conatur)
1321 343 1381 379 sed
1409 344 1475 381 Dei
1501 346 1637 394 Optimi

106 402 253 438 Maximi
285 401 470 439 consilium
502 402 623 449 potius
656 403 758 450 sequi
792 402 968 446 debemus,
1003 415 1127 450 nempe
1153 411 1195 439 ut
1220 404 1370 440 aliorum
1405 407 1492 443 vitia
1517 407 1636 456 lapsus

104 467 140 500 et
175 467 300 507 errata,
334 463 463 511 quibus
494 463 629 510 alioqui
661 477 725 500 nos
757 464 824 511 ipsi
856 464 962 500 etiam
995 463 1136 500 obnoxii
1171 477 1304 510 sumus,
1331 469 1452 504 nostra
1478 469 1635 517 ipsorum

103 524 200 567 vitia,
227 529 367 560 nostros
398 523 516 571 lapsus
549 528 743 572 nostraque
769 527 882 561 errata
907 538 981 561 esse
1006 528 1216 562 statuamus.
1266 527 1314 563 Et
1340 529 1633 574 quemadmodum

102 587 224 620 nostra
247 584 404 632 ipsorum
430 584 528 628 vit-ia,
553 588 694 621 nostros
727 585 844 633 lapsus
877 590 1069 633 nostraque
1095 589 1220 630 errata,
1246 600 1315 624 non
1343 590 1505 636 equidem
1531 604 1635 639 exag-

101 645 235 692 gerrari
252 645 428 682 hostiliter
445 646 482 682 in
499 649 658 682 nostram
675 646 852 682 infamiam
871 647 945 683 sive
962 647 1210 684 contumeliam
1232 651 1287 696 ¹¹),
1306 650 1365 686 sed
1376 652 1504 699 corrigi
1515 665 1631 690 aman-

99 709 154 742 ter
181 707 427 754 emendarique
451 708 572 755 potius
598 707 640 743 ad
665 712 823 744 nostram
848 708 1124 755 resipiscentiam
1150 713 1323 756 optamus,
1349 712 1400 748 ita
1426 712 1489 749 hoc
1514 714 1629 762 ipsum

98 768 136 804 in
160 767 237 804 aliis
263 772 440 815 praestare
465 768 571 805 etiam
596 781 656 816 per
682 769 888 806 charitatem
913 769 1111 806 hauddubie
1136 770 1313 815 debemus,
1339 777 1584 822 praeterquam
1603 778 1632 812 si

97 842 138 866 ea
172 830 301 878 quibus
337 831 554 875 offendimur,
589 831 645 867 vel
678 830 803 867 callide
828 832 998 874 excusari,
1025 831 1081 867 vel
1107 831 1213 868 etiam
1238 833 1465 880 pertinaciter
1491 835 1630 873 defendi

97 892 135 928 in
161 891 229 927 Dei
252 892 362 939 ipsius
388 892 637 929 contumeliam
663 892 832 928 videmus.
867 892 957 928 Tum
979 893 1020 940 ¹²)
1040 893 1132 928 enim
1149 895 1305 939 graviter
1324 900 1408 931 sunt
1426 897 1630 934 insectanda

95 965 159 999 pro
192 952 323 988 tuenda
354 953 424 989 Dei
454 952 577 1000 gloria,
611 965 701 1000 quae
728 953 954 1001 [praefracte]
984 955 1029 1000 ¹³)
1056 954 1294 1000 pertinaciter,
1320 956 1472 1004 denique
1505 963 1540 994 et
1566 972 1626 1007 per

94 1013 314 1060 tyrannidem
339 1018 461 1050 contra
488 1014 612 1050 Divini
637 1014 734 1050 verbi
758 1014 852 1061 leges
879 1014 1018 1050 defendi
1035 1015 1321 1063 propugnarique
1339 1021 1489 1054 constat.
1517 1018 1572 1055 Sic
1591 1024 1625 1056 et

93 1086 158 1110 nos
193 1074 305 1121 igitur
337 1078 459 1111 nostra
491 1075 590 1118 vitia,
624 1077 766 1111 nostros
792 1075 910 1122 lapsus
936 1077 1129 1122 nostraque
1155 1081 1268 1112 errata
1293 1079 1422 1124 corrigi
1449 1079 1624 1117 emendari

91 1135 308 1182 reprehendi,
326 1135 476 1183 denique
494 1140 529 1172 et
546 1136 666 1184 puniri
683 1138 858 1184 optamus,
876 1136 906 1172 si
923 1136 1065 1183 quidem
1082 1137 1147 1173 hoc
1160 1139 1203 1184 Μ)
1222 1139 1502 1184 commeruimus,
1520 1141 1623 1179 modo

92 1199 135 1231 ut
159 1195 260 1231 nobis
286 1208 329 1232 ex
354 1197 460 1233 verbo
487 1197 555 1233 Dei
579 1200 914 1233 commonstrentur.
949 1198 1070 1244 Atque
1096 1201 1258 1245 optamus
1283 1199 1320 1235 id
1346 1213 1427 1236 sane
1452 1202 1527 1237 fieri
1553 1215 1624 1239 non

90 1260 231 1292 tantum
256 1270 318 1305 per
339 1258 561 1294 Maiestatem
579 1262 677 1295 tuam
695 1259 854 1306 Regiam,
873 1259 1064 1295 Dominum
1083 1273 1200 1296 meum
1218 1261 1542 1308 clementissimum,
1561 1265 1622 1301 sed

89 1330 151 1367 per
177 1331 296 1354 omnes
322 1319 477 1363 omnino,
503 1320 566 1366 qui
591 1332 654 1356 nos
680 1320 782 1356 modo
809 1332 930 1356 eorum
955 1320 1085 1367 quibus
1113 1321 1339 1357 offenduntur
1365 1335 1408 1358 ex
1426 1324 1532 1360 verbo
1550 1325 1618 1362 Dei

89 1380 127 1416 in
153 1380 304 1415 veritate
327 1380 537 1416 convincere
562 1381 604 1416 ad
632 1380 697 1417 Dei
714 1381 861 1427 gloriam
878 1384 1034 1428 possent.
1061 1381 1196 1428 Quodsi
1213 1382 1249 1418 id
1269 1396 1413 1431 quoque
1429 1397 1449 1420 a
1467 1385 1623 1433 Papistis

87 1453 148 1489 per
173 1444 271 1477 tuam
296 1440 522 1477 Maiestatem
548 1441 700 1478 obtineri
724 1446 855 1489 posset,
881 1455 1005 1490 nempe
1030 1446 1072 1479 ut
1099 1456 1137 1480 ea
1162 1444 1392 1492 pertinaciter
1416 1458 1456 1482 ac
1481 1459 1542 1494 per
1568 1450 1622 1495 ty-

87 1503 269 1539 rannidem
294 1515 338 1538 ne
362 1507 640 1551 propugnarent,
667 1515 757 1551 quae
782 1516 863 1540 cum
888 1504 1047 1540 doctrina
1072 1518 1111 1541 ac
1138 1506 1310 1553 dignitate
1330 1506 1461 1544 Christi
1478 1509 1621 1545 Domini

86 1565 272 1601 manifeste
296 1577 453 1612 pugnare
478 1577 604 1612 negare
628 1565 768 1613 ipsimet
793 1579 865 1602 non
891 1570 1052 1614 possunt,
1078 1568 1182 1603 finem
1208 1568 1372 1615 protinus
1404 1570 1517 1606 omnis
1535 1584 1618 1607 con-

84 1626 277 1663 troversiae
310 1638 390 1663 cum
423 1626 495 1662 illis
529 1627 745 1671 haberemus,
780 1640 896 1674 neque
928 1628 1053 1664 multis
1087 1629 1130 1665 ad
1162 1642 1237 1666 eam
1271 1642 1343 1666 rem
1368 1631 1620 1669 mediatoribus

87 1699 176 1735 opus
202 1690 306 1724 esset.

131 1748 208 1784 Iam
233 1747 329 1795 quod
355 1747 398 1783 ad
423 1746 577 1795 pericula
601 1747 745 1790 attinet,
772 1759 862 1794 quae
880 1747 947 1783 tibi
964 1754 1082 1784 essent
1099 1750 1287 1787 metuenda
1305 1751 1339 1787 in
1358 1754 1618 1802 utramcunque

81 1813 216 1857 partem
243 1809 401 1853 inclines,
428 1809 541 1845 multa
566 1809 620 1845 hic
645 1822 729 1845 sane
754 1809 823 1845 dici
848 1813 1003 1857 possent,
1029 1823 1120 1858 quae
1145 1811 1290 1858 longum
1318 1818 1410 1850 esset
1428 1828 1620 1855 recensere.

84 1871 206 1907 Unum
231 1871 343 1907 dicam
368 1872 521 1906 tantum.
565 1870 602 1906 Si
627 1873 770 1918 propter
796 1870 978 1917 religionis
1004 1871 1311 1918 instaurationem,
1338 1888 1443 1922 quam
1468 1878 1530 1914 isti
1556 1892 1616 1916 no-

80 1933 260 1968 vationem
291 1936 433 1974 vocant,
466 1931 621 1979 pericula
647 1933 731 1967 sunt
758 1932 955 1976 metuenda,
983 1945 1070 1980 quas
1097 1934 1197 1970 nobis
1224 1938 1434 1974 novationes
1469 1940 1612 1978 obsecro

79 1994 259 2041 proferent
284 1993 322 2029 in
346 1993 490 2036 Iudaea,
516 1994 692 2040 Aegypto,
719 1993 829 2040 Syria,
855 1995 1011 2042 Assyria,
1037 1996 1205 2032 Armenia
1243 1999 1279 2033 et
1296 1999 1464 2036 universa
1481 2002 1617 2038 minore

79 2055 173 2098 Asia,
208 2067 297 2102 quae
330 2054 470 2102 quidem
507 2066 613 2101 regna
646 2054 859 2102 amplissima
892 2056 1008 2092 omnia
1033 2057 1192 2093 horribili
1217 2059 1412 2097 Turcarum
1438 2065 1615 2110 tyrannidi

78 2116 235 2152 subiecta
260 2128 334 2152 esse
359 2116 540 2151 videmus?
566 2115 634 2151 nisi
660 2116 688 2151 si
706 2116 741 2151 id
758 2116 982 2152 novationem
1001 2130 1076 2154 esse
1093 2119 1385 2167 interpretentur,
1405 2124 1512 2169 quod,
1531 2138 1611 2162 cum

78 2178 185 2225 longo
211 2182 368 2225 tempore
393 2179 498 2213 antea
523 2180 757 2220 recusassent,
784 2177 827 2213 ad
854 2181 1049 2214 extremum
1076 2193 1112 2216 se
1138 2181 1281 2217 tandem
1298 2183 1466 2230 Papismo
1485 2185 1611 2223 Roma-

76 2242 175 2278 nensi
209 2241 380 2277 subiicere
415 2241 561 2287 eiusque
586 2240 780 2276 doctrinam
808 2241 909 2288 sequi
935 2246 1139 2290 caeperunt.
1177 2244 1269 2280 Nam
1295 2245 1355 2281 ubi
1381 2246 1415 2282 id
1442 2248 1612 2294 fecerunt,

77 2306 154 2340 tum
180 2302 319 2338 demum
345 2314 426 2338 sane
452 2301 557 2337 etiam
583 2301 729 2337 interire
754 2306 956 2349 caeperunt.
984 2303 1021 2339 Si
1048 2317 1130 2340 vero
1156 2305 1208 2340 ita
1235 2306 1304 2342 fuit
1322 2308 1475 2345 exitialis
1493 2312 1610 2356 regnis

77 2364 238 2401 omnibus
265 2363 335 2399 illis
360 2363 442 2399 haec
469 2362 551 2398 talis
576 2362 731 2406 novatio,
759 2375 829 2410 quo
858 2367 961 2411 pacto
980 2377 1109 2411 quaeso
1130 2369 1211 2403 tuae
1228 2368 1410 2406 Maiestati
1430 2374 1465 2407 et
1483 2371 1608 2420 Regno

76 2425 156 2461 huic
182 2425 347 2460 universo
373 2423 514 2460 exitiale
539 2436 609 2459 non
635 2424 702 2459 erit
728 2436 802 2459 eam
828 2426 1054 2461 novationem
1080 2426 1134 2463 hic
1159 2429 1311 2465 retinere
1328 2434 1364 2466 et
1383 2432 1486 2476 tucri,
1513 2435 1608 2481 quod

72 2487 182 2524 absit!
209 2499 314 2533 quam
341 2489 397 2522 tot
422 2485 604 2532 tantisque
629 2485 746 2532 regnis
771 2498 810 2522 ac
836 2487 990 2534 imperiis
1016 2488 1193 2525 exitialem
1220 2490 1328 2527 fuisse
1354 2495 1519 2531 constat?

121 2549 315 2586 Proferunt
340 2550 463 2584 contra
488 2548 549 2583 isti
574 2547 758 2583 turbarum
784 2560 878 2585 nunc
904 2548 1189 2586 Germanicarum
1214 2552 1455 2601 interitusque
1487 2556 1606 2604 Unga-

72 2612 135 2648 rici
160 2611 327 2658 exempla,
355 2621 445 2657 quae
471 2609 603 2645 nostris
629 2609 762 2646 scilicet
786 2611 1037 2647 novationibus
1064 2612 1232 2660 imputari
1258 2614 1396 2651 volunt.
1445 2619 1497 2654 At
1522 2631 1606 2656 vero

70 2674 191 2722 inique
229 2673 263 2709 id
297 2672 446 2708 faciunt.
496 2671 578 2708 Non
605 2673 677 2707 tam
703 2673 795 2708 enim
821 2675 966 2720 coeptae
1000 2673 1074 2710 illic
1100 2675 1275 2711 constitui
1301 2689 1403 2714 verae
1429 2679 1606 2726 religioni,

73 2748 178 2783 quam
212 2733 371 2783 publicae
404 2732 524 2780 pot-ius
558 2733 714 2769 incuriae
747 2746 786 2769 ac
821 2734 1056 2780 negligentiae
1089 2735 1126 2771 in
1160 2737 1380 2774 restituenda
1415 2740 1479 2776 sub
1506 2745 1606 2778 tanta

69 2797 137 2832 iarn
170 2796 247 2832 luce
281 2794 464 2841 Evangelii
498 2806 580 2830 vera
613 2794 781 2840 religione
818 2800 853 2831 et
892 2795 1069 2832 abolendis
1112 2798 1206 2833 notis
1247 2811 1286 2835 ac
1327 2799 1486 2848 reliquiis
1512 2804 1604 2839 anti-

71 2855 281 2892 christianae
314 2854 506 2902 impietatis
543 2854 627 2891 haec
663 2855 779 2891 omnia
804 2856 973 2903 imputari
998 2856 1139 2893 debent.
1188 2861 1240 2895 Ac
1267 2864 1397 2905 metuo,
1423 2863 1500 2899 Rex
1528 2865 1603 2901 Cle-

69 2916 304 2953 mentissime!
331 2927 374 2952 ne
408 2914 526 2952 eadem
560 2918 623 2951 aut
657 2915 764 2952 etiam
789 2916 953 2964 graviora
978 2916 1074 2954 Tuae
1100 2918 1283 2957 Maiestati
1308 2921 1506 2971 Regnoque
1531 2926 1601 2963 toti
