1830 3147
1517 137 1590 173 243

108 251 299 290 Ieiunium
333 263 446 302 porro
482 249 569 295 tale,
607 248 679 286 hac
704 249 780 286 fine
804 247 1036 293 institutum,
1061 259 1141 285 esse
1166 246 1418 298 proculdubio
1446 246 1588 284 cultum

58 317 136 354 Deo
172 315 440 366 gratissimum,
477 313 508 351 si
542 312 711 363 legitime
748 313 980 358 observetur,
1019 311 1090 349 hoc
1125 316 1193 358 est,
1226 311 1260 349 'si
1285 311 1434 349 afflictis
1459 311 1586 349 inedia

56 382 228 419 ultronea
267 379 407 418 nostris
445 378 677 429 corporibus,
715 391 810 429 quae
837 390 906 414 nos
932 376 1066 414 merito
1095 390 1115 414 a
1145 376 1309 414 Domino
1335 376 1451 426 affligi
1476 379 1589 414 teste-

56 451 131 490 tur,
158 445 300 484 ieiunio
325 443 541 482 istiusmodi
571 446 700 480 nostro
744 442 910 480 studium
937 446 1050 492 atquc
1076 441 1246 478 ardorem
1273 440 1312 478 iu
1340 441 1591 480 nostris-cor-

58 510 170 548 dibus
205 508 407 547 invocandi
444 521 553 559 super
590 521 659 546 nos
697 507 816 545 divini
843 506 1008 544 nominis
1042 494 1360 557 resipiscenditiue
1395 519 1416 543 a
1452 505 1592 543 nostris

57 574 219 626 peccatis
246 574 491 611 coniunctum
518 586 598 610 esse
626 572 843 615 sentiamus,
861 573 973 620 (555)
1000 571 1110 622 quale
1136 570 1318 608 ieiunium
1344 571 1456 609 nobis
1498 571 1593 608 alio-

59 638 123 690 qui
166 638 205 676 in
251 638 435 677 Ninivitis
471 636 507 676 et
541 637 776 688 propositum
822 641 867 674 et·
901 635 1202 674 commendatum
1247 635 1481 674 haberemus.
1536 637 1594 672 Ac

58 703 216 754 proinde
253 702 550 753 uniuscuiusque
587 702 628 739 in
664 701 835 739 Ecclesia
873 701 1031 738 officium
1069 712 1160 742 esse,
1196 704 1235 737 ut
1262 700 1473 738 institutum
1502 699 1595 737 illud

57 768 96 806 in
133 768 300 806 Ecclesia
337 768 531 819 publicum
568 767 749 805 ieiunium
778 767 943 804 Domino
972 766 1051 804 Deo
1079 766 1127 804 ad
1154 779 1252 813 eum,
1277 769 1320 803 ut
1359 765 1499 803 dictum
1526 770 1595 811 est,

61 833 224 879 modum,
260 833 468 884 approbare
503 832 634 883 possit.
690 831 845 882 Alioqui
881 831 1061 868 ieiunium
1092 834 1264 868 nostrum
1292 830 1372 867 fore
1399 830 1594 867 abomina-

27 942 33 948 ·
59 898 201 935 tionem
236 897 277 935 in
312 897 433 934 oculis
463 896 544 941 Dei,
572 900 684 947 atque
712 896 804 933 adeo
832 896 1021 947 placatum
1051 907 1127 932 non
1155 895 1202 933 iri
1230 895 1436 932 Dominum
1465 899 1594 932 nostro

56 963 210 1005 ieiunio,
244 966 286 1000 ut
322 962 434 1000 etiam
481 961 802 1012 concluplicandus
838 961 885 998 sit
912 962 1019 998 furor
1044 960 1146 998 illius
1175 965 1307 998 contra
1342 973 1411 998 nos
1444 965 1594 1011 propter

61 1033 227 1065 nostram
256 1027 500 1078 hypocrisim,
526 1040 639 1078 quam
668 1026 770 1064 Deus
797 1026 1018 1076 gravissime
1045 1025 1125 1064 odit
1152 1031 1188 1064 ct
1211 1026 1331 1077 punit,
1351 1026 1517 1064 Hierem.
1537 1027 1598 1071 18,

62 1092 188 1130 Lucae
215 1095 276 1131 13.

112 1156 188 1194 Hic
222 1169 310 1194 vero
346 1160 496 1194 taxatur
536 1155 678 1194 abusus
715 1155 846 1193 ieiunii
883 1155 923 1193 in
960 1155 1144 1206 papismo,
1181 1155 1246 1193 ubi
1281 1168 1401 1206 neque
1444 1158 1597 1206 propter

63 1223 177 1261 ullam
213 1222 404 1273 publicam
442 1221 635 1259 Ecclesiae
670 1221 945 1266 necessitatem,
982 1220 1047 1258 sed
1073 1224 1226 1271 propter
1254 1221 1398 1258 cultum
1426 1219 1597 1257 divorum

65 1288 344 1325 idololatricam
380 1286 705 1338 pharisaicamque
741 1285 1046 1336 superstitionem
1081 1285 1304 1330 instituitur,
1339 1288 1376 1322 et
1409 1297 1485 1322 non
1524 1288 1598 1321 tam

63 1353 222 1398 inediae,
248 1366 358 1403 quam
389 1352 558 1389 ciborum
587 1351 758 1392 delectui.
786 1351 912 1388 meriti
938 1350 1066 1401 opinio
1093 1349 1298 1399 adfingitur
1324 1353 1455 1387 contra
1475 1349 1600 1399 digni-

63 1421 175 1455 tatem
212 1417 324 1454 unius
361 1416 483 1454 meriti
519 1416 671 1454 Christi.
728 1416 815 1453 Hoc
848 1428 960 1466 porro
998 1415 1064 1453 tali
1109 1415 1228 1453 abusu
1263 1415 1438 1466 papistici
1471 1414 1603 1452 ieiunii

68 1482 250 1520 abolitum
282 1495 362 1520 esse
390 1495 498 1520 usum
526 1482 737 1531 legitimum
764 1481 896 1519 ieiunii
925 1481 1002 1519 veri
1029 1481 1068 1518 in
1098 1481 1265 1518 Ecclesia
1295 1480 1449 1519 Christi.

119 1547 225 1584 Haec
260 1547 312 1584 ita
347 1560 416 1597 pro
454 1547 635 1584 concione
671 1547 911 1595 attinguntur
949 1547 989 1583 in
1019 1546 1077 1583 die
1113 1545 1254 1582 ieiunio
1292 1545 1443 1595 publico
1477 1545 1602 1595 publi-

69 1623 206 1661 caeque
243 1610 511 1661 supplicationi
541 1611 729 1648 destinato
772 1615 923 1661 propter
951 1615 1183 1660 praesentem
1213 1610 1512 1660 ali-(556)quam
1540 1614 1604 1646 aut

67 1675 342 1727 impendentem
379 1676 490 1713 etiam
527 1676 719 1727 publicam
746 1676 937 1713 Ecclesiae
966 1676 1214 1713 calamitatem
1243 1680 1307 1712 aut
1334 1676 1604 1718 necessitatem,

69 1741 207 1791 quibus
235 1741 419 1779 absolutis
448 1742 621 1798 hortatur
650 1741 898 1779 Ecclesiastes
926 1745 1045 1779 totam
1073 1741 1279 1778 Ecclesiam
1309 1740 1353 1777 ad
1384 1740 1517 1778 seriam
1547 1747 1602 1777 at-

68 1804 138 1857 que
175 1805 364 1843 ardentem
399 1807 564 1844 nominis
605 1805 734 1843 Divini
769 1819 837 1857 pro
868 1807 1044 1844 omnibus
1082 1805 1271 1843 Ecclesiae
1315 1805 1602 1843 necessitatibus

68 1870 345 1908 invocationem
373 1871 716 1922 procumbenteque
743 1872 783 1909 in
810 1885 932 1921 genua
959 1875 1039 1908 tota
1066 1871 1236 1908 Ecclesia
1273 1871 1419 1908 orditur
1447 1883 1602 1908 consue-

68 1939 126 1973 tas
168 1935 359 1974 Ecclesiae
395 1949 522 1987 preces
559 1937 731 1988 publicas
768 1941 879 1987 atque
926 1937 971 1974 iis
1008 1936 1197 1974 interserit
1237 1936 1488 1987 precationem
1534 1949 1601 1986 pro

71 2000 288 2050 depellenda.
323 2001 534 2039 calamitate
568 2002 646 2045 illa,
675 2001 780 2039 cuius
808 2001 960 2039 nomine
988 2001 1162 2039 instituta
1195 2000 1347 2051 publica
1382 2000 1603 2051 supplicatio

71 2064 117 2101 ad
155 2065 234 2102 eius
271 2065 533 2109 imitationem,
568 2079 663 2117 quae
692 2066 853 2103 habetur
882 2066 1050 2103 Danielis
1079 2078 1181 2103 nono
1212 2078 1290 2116 cap.
1320 2077 1403 2102 cum
1432 2068 1602 2115 peccato-

72 2142 154 2166 rum
185 2129 435 2168 confessione.

123 2193 177 2235 Ut
213 2197 337 2231 autem
372 2198 480 2232 tanto
517 2194 795 2232 ardentioribus
831 2194 967 2232 animis
994 2194 1163 2232 Ecclesia
1190 2198 1271 2232 tota
1298 2193 1345 2231 ad
1373 2193 1601 2245 precandum

73 2272 151 2296 sese
188 2262 400 2309 componat,
427 2259 714 2297 administratur
742 2260 871 2297 eodem
899 2260 982 2309 ipso
1011 2259 1070 2296 die
1097 2259 1206 2296 etiam
1238 2259 1363 2296 Coena
1391 2258 1604 2301 Dominica,

71 2324 118 2361 ad
149 2324 252 2361 cuius
282 2336 388 2362 usum
418 2323 591 2361 Minister
618 2324 825 2362 Ecclesiam
852 2328 969 2362 totam
998 2324 1170 2361 absoluta
1199 2324 1268 2360 hac
1295 2324 1508 2374 precatione
1535 2323 1601 2361 ad·

73 2389 255 2435 bortatur,
292 2388 498 2440 desumptis
535 2402 580 2426 ex
616 2402 658 2427 ea
694 2389 952 2427 admonitione
989 2402 1053 2426 seu
1091 2388 1284 2433 concione,
1312 2402 1406 2439 quae
1432 2388 1514 2440 ipso
1544 2389 1602 2426 die

75 2455 220 2492 Coenae
247 2454 436 2492 ordinarie
464 2454 594 2492 haberi
622 2454 715 2492 solet
734 2468 794 2505 pa.
810 2457 882 2492 203
899 2455 1028 2503 (leuius
1045 2454 1099 2492 ed.
1120 2467 1155 2504 p.
1173 2455 1278 2501 143),
1291 2454 1501 2505 praecipuis
1518 2454 1601 2505 qui-

72 2518 231 2556 busdam
260 2518 458 2569 capitibus,
486 2532 579 2569 quae
599 2519 645 2556 ad
664 2519 813 2557 Coenae
833 2518 1053 2556 Dominicae
1073 2517 1452 2564 commendationem,
1469 2531 1537 2569 pro
1556 2532 1598 2556 eo

74 2596 116 2620 ac
142 2587 287 2634 tempus
314 2583 348 2620 id
378 2583 574 2634 permittit,
602 2583 777 2620 videntur
803 2583 1002 2634 pertinere.
1032 2584 1087 2620 Ac
1115 2582 1165 2620 ita
1195 2582 1341 2619 demum
1371 2584 1497 2620 Coena
1518 2585 1599 2634 ipsa

74 2645 184 2683 solito
213 2646 289 2684 ritu
317 2659 384 2683 suo
413 2646 711 2691 administratur,
738 2659 811 2696 qua
839 2651 987 2697 peracta
1015 2658 1058 2682 ac
1085 2647 1195 2693 (557)
1234 2645 1379 2682 Psalmo
1415 2645 1460 2683 de
1497 2657 1600 2683 more

73 2709 283 2752 decantato,
318 2713 490 2747 mouetur
517 2708 696 2752 Ecclesia,
728 2714 770 2746 ut
797 2709 966 2760 quisque,
994 2708 1144 2746 domum
1175 2721 1277 2745 suam
1307 2721 1487 2753 reversus.
1515 2723 1601 2759 pre-

73 2774 218 2812 catione
244 2773 480 2825 lectioneque
509 2787 702 2812 sacrorum
729 2787 773 2811 ac
801 2774 939 2812 ieiunio
967 2777 1090 2811 totum
1127 2773 1224 2811 diem
1258 2773 1364 2811 illum
1402 2775 1599 2824 transigat,

72 2844 254 2890 quatenus
280 2839 320 2876 id
349 2840 530 2890 cuiusque
559 2839 733 2876 valetudo
760 2840 855 2877 ferre
891 2842 1015 2890 queat,
1048 2842 1158 2889 atque
1195 2838 1248 2875 sic
1285 2838 1433 2876 demum
1470 2839 1599 2876 ‹limit-

70 2903 162 2941 titur
189 2904 356 2941 Ecclesia
385 2916 467 2941 cum
495 2903 759 2941 benedictione
786 2910 822 2942 et
849 2916 1053 2953 egenorum
1082 2903 1418 2941 commendatione.
1462 2903 1598 2940 Quod-

1384 2967 1456 3004 16*
