1830 3147
350 129 423 165 398
830 137 1006 166 onnon.
1036 138 1145 167 12:001..
1175 139 1291 168 LoND.

348 241 507 279 salvavit
541 253 623 287 nos,
652 242 718 292 qui
747 242 967 294 ceteroquin
995 244 1099 291 (35³)
1137 247 1273 283 natura
1310 248 1440 284 nostra
1468 246 1609 285 similes
1637 247 1683 286 iis
1711 260 1770 286 es-

347 320 481 345 56111115.

59 432 219 509 gagg·
402 437 534 475 Altero
561 437 645 492 loco
676 438 790 476 etiam
819 438 1016 476 horribilis
1044 451 1178 490 poena,
1206 453 1301 490 quae
1330 441 1472 479 Christi
1491 445 1769 494 contemptores

61 494 235 552 dalailr‘ss.
349 507 537 552 sequetur,
564 502 786 542 adhortatur
814 516 883 541 nos
912 515 1042 541 omnes
1070 507 1302 544 antevertere
1328 511 1523 557 peccatum
1545 521 1769 559 omnemque

59 563 236 637 flgffibssssatgl·
261 562 311 594 25.
346 567 703 617 transgressionem,
744 582 791 606 ne
827 573 904 607 tam
943 568 1181 607 vehementer
1219 570 1257 608 in
1286 571 1396 609 nobis
1433 578 1616 624 erumpat.
1670 573 1767 611 Item

119 616 177 637 ‘⁰¹‘
224 629 230 636 ’
346 632 421 681 legi
451 632 519 670 Dei
549 633 653 671 omni
682 633 869 672 industria
900 633 1053 671 obedire
1082 647 1128 671 ne
1156 634 1341 673 eiusmodi
1364 636 1496 687 poenis
1515 637 1767 677 involvamur.

937 829 1077 869 Interr.
1109 833 1169 869 95.

401 892 540 930 Nonne
584 906 741 943 prorsus
780 897 892 944 atque
937 894 984 931 ab
1023 894 1127 932 omni
1165 899 1270 945 purte
1308 908 1328 932 a
1366 895 1447 944 lege
1486 895 1662 934 liberavit
1697 911 1765 935 nos

349 957 552 995 Christus?

769 1066 773 1071 .
993 1023 1108 1075 Resp.

60 1101 172 1132 ROma,
195 1101 224 1132 fl.
398 1087 632 1125 Hauddubie
677 1088 863 1135 liberavit,
907 1088 1001 1126 adeo
1038 1094 1078 1126 ut
1112 1096 1266 1140 propter
1304 1090 1401 1128 hanc
1439 1103 1589 1128 causam
1627 1091 1765 1130 Paulus

348 1153 460 1199 dicat,
489 1167 557 1190 nos
588 1166 664 1191 non
693 1153 855 1204 amplius
884 1154 953 1191 sub
983 1155 1076 1203 lege,
1106 1155 1170 1191 sed
1201 1155 1270 1192 sub
1298 1155 1421 1204 gratia
1451 1158 1558 1204 (35¹1)
1587 1170 1678 1195 esse.

936 1219 1075 1257 Interr.
1106 1222 1167 1259 96.

400 1283 475 1320 Cur
517 1282 635 1331 igitur
679 1282 738 1320 lex
786 1296 855 1320 nos
898 1283 1073 1321 hortatur
1113 1283 1332 1335 obligatque
1368 1284 1415 1322 ad
1453 1284 1548 1334 legis
1586 1285 1764 1323 obedien·

347 1348 451 1394 tiam,
478 1360 594 1398 quum
621 1347 732 1385 liberi
761 1361 781 1385 a
810 1348 891 1397 lege
920 1361 1040 1398 neque
1068 1348 1228 1399 amplius
1258 1349 1328 1386 sub
1355 1349 1437 1397 lege
1465 1351 1625 1387 sumus?

997 1478 1109 1529 Resp.

64 1543 133 1575 Gal.
159 1546 187 1575 5.
402 1541 523 1580 Probe
553 1546 690 1592 (neque
719 1541 937 1590 carnaliter)
966 1541 1122 1580 libertas
1149 1542 1215 1578 illa
1242 1542 1487 1591 intelligenda
1517 1548 1584 1580 est.

940 1671 1078 1709 Iuterr.
1110 1673 1169 1712 (257.

403 1736 507 1775 Quid
536 1736 605 1773 1100
616 1737 633 1772 ¹?

1001 1801 1112 1851 Resp.

65 1893 168 1926 Math·
194 1895 221 1925 5·
402 1865 592 1902 Nimirum
624 1864 796 1902 Christus
826 1877 895 1902 nos
924 1877 1000 1902 non
1029 1864 1202 1915 equidem
1230 1878 1250 1902 a
1279 1864 1372 1913 legis
1389 1864 1604 1903 obedientia
1625 1865 1762 1903 libera-

61 1936 140 1968 Luc.
164 1937 214 1969 16.
352 1931 417 1975 vit,
455 1936 497 1968 ut
533 1931 616 1970 scil.
646 1931 767 1968 facere
804 1943 873 1967 nos
907 1930 1048 1974 liceret,
1075 1930 1175 1981 quod
1214 1930 1253 1967 in
1281 1931 1363 1979 lege
1390 1933 1504 1981 (quae
1533 1935 1586 1968 est
1614 1936 1764 1969 aeterna

63 1979 220 2053 ἓξὲξ·
350 1993 420 2030 Dei
456 1993 649 2041 voluntas)
688 1996 847 2038 vetatur,
883 1995 922 2040 (a
959 2006 1032 2043 qua
1068 2007 1115 2031 ne
1152 1993 1209 2031 vel
1245 1993 1415 2044 apiculas
1444 2007 1609 2045 unquam
1641 1994 1763 2043 cadet)

350 2059 412 2096 sed
440 2057 705 2096 tantummodo
732 2071 752 2095 a
780 2058 875 2106 legis
904 2060 1008 2105 (36²²)
1038 2058 1353 2096 condemnatione
1381 2059 1541 2097 salvavit
1570 2072 1651 2098 nos.

937 2187 1075 2227 Interr.
1105 2190 1165 2226 98.

401 2253 604 2293 Quomodo
630 2252 702 2291 hoc
730 2251 969 2301 intellig-nm?

997 2317 1111 2368 Resp.
1738 2364 1741 2366 q

62 2396 152 2427 Gala.
177 2396 205 2427 3,
399 2384 590 2422 Nimirum
627 2395 695 2434 pro
725 2382 837 2420 nobis
864 2382 1104 2420 maledictum
1136 2383 1275 2420 factum
1306 2388 1362 2421 est
1389 2388 1425 2421 et
1452 2396 1520 2434 pro
1549 2383 1659 2421 nobis
1688 2384 1759 2421 im-

59 2439 224 2511 ffss‘a‘ss·
346 2448 474 2499 plevit,
510 2447 612 2499 quod
649 2447 722 2498 ipsi
759 2460 847 2498 prae
875 2452 1031 2485 naturae
1059 2451 1210 2485 nostrae
1238 2448 1479 2498 perversitate
1517 2461 1593 2485 non
1630 2461 1757 2499 posse-

60 2492 172 2556 Ιξοῐίξᾷ,
196 2501 228 2555 5
346 2526 441 2555 mus,
468 2525 579 2563 quam
607 2511 655 2549 ob
684 2525 761 2549 rem
789 2511 882 2560 legis
911 2511 1153 2549 maledictum
1181 2512 1221 2549 in
1251 2525 1320 2549 nos
1350 2525 1478 2550 omnes
1508 2511 1704 2550 ceciderat.

933 2575 1072 2614 Interr.
1102 2578 1162 2614 99.

399 2641 616 2679 Etiamnum
644 2639 762 2689 igitur
789 2639 835 2677 ad
863 2639 957 2689 legis
986 2640 1265 2678 observantiam
1296 2639 1438 2689 alligati
1467 2640 1620 2677 sumus?

998 2703 1109 2754 Resp.

399 2769 569 2807 Omnino
599 2781 741 2820 semper
771 2773 805 2805 et
833 2768 953 2805 multo
983 2768 1103 2816 magis
1132 2781 1247 2812 nune,
1274 2773 1517 2819 posteriquam
1547 2767 1615 2805 Dei
1643 2768 1755 2814 filius,

349 2835 462 2872 1101110
497 2838 620 2879 natus,
646 2846 713 2884 pro
743 2832 855 2871 nobis
883 2845 1016 2883 passus
1045 2837 1113 2877 est,
1141 2837 1181 2870 ut
1210 2846 1280 2870 nos
1309 2833 1359 2869 ita
1388 2832 1659 2881 gratitudinem
1687 2846 1755 2870 no-

349 2905 462 2938 stram
501 2911 567 2951 pro
605 2903 711 2935 tanto
749 2911 888 2944 amore,
925 2902 998 2934 tam
1038 2897 1142 2945 large
1179 2898 1289 2934 nobis
1318 2897 1510 2951 praesum,
1536 2899 1642 2945 (361))
1669 2911 1757 2947 erga
