1830 3147
231 136 292 183 [A.
319 137 364 173 D.
391 137 502 184 1544]
965 139 1034 179 5⁷4

227 266 292 303 ΝΟ,
319 267 376 302 18.
1241 272 1346 318 [ipogr.
1363 275 1384 305 in
1404 276 1470 309 irsh.
1491 287 1552 310 secr.
1569 288 1621 312 rvr.
1638 276 1761 323 Regium]

714 328 780 377 Ep.
807 330 851 366 ad
877 330 923 366 N.
950 330 999 367 N.
1025 330 1067 367 de
1091 331 1126 367 S.
1155 331 1284 368 Coena.

630 450 781 497 Legitur
807 451 843 486 in
870 450 922 487 ed.
949 453 1072 488 nostra
1097 451 1196 488 Tom.
1223 451 1253 488 I.
1282 453 1361 491 557.

225 660 239 684 l
263 650 290 687 ⁰.
316 649 373 684 19.
1135 653 1216 699 [siam.
1231 657 1306 689 lii-vm.
1329 657 1364 689 ll.
1384 658 1433 689 lz‘ss.
1452 658 1540 688 livrd.
1557 666 1577 689 s.
1590 668 1613 690 a.
1626 656 1671 690 lll’.
1688 654 1758 699 MA]

779 774 834 809 Ad
863 774 1216 810 r].innnsssfflzcw,x.1.

269 892 496 928 Incommode
521 892 659 936 accidit,
686 893 732 927 mi
758 892 925 929 Alberte!
952 895 995 929 ut
1021 906 1099 929 cum
1126 895 1281 930 omnium
1307 895 1378 931 fere
1404 895 1552 931 maxime
1570 897 1761 942 occupatus

222 966 343 998 essem,
380 954 521 991 Gabriel
554 955 610 990 hic
636 958 759 990 noster
789 956 816 1002 ¹)
843 955 886 991 ad
912 968 976 991 nos
1004 956 1153 1000 venerit,
1181 969 1295 1003 neque
1321 957 1381 993 diu
1406 957 1461 992 hic
1487 960 1644 993 moratus
1671 958 1759 994 redi-

221 1020 297 1052 tum
323 1016 366 1052 ad
392 1029 455 1053 vos
481 1016 694 1053 aceelerarit.
721 1017 836 1061 Quare
863 1017 892 1053 si
917 1017 975 1053 vel
999 1017 1042 1053 ad
1069 1021 1116 1062 te,
1143 1018 1200 1054 vel
1225 1019 1268 1054 ad
1295 1019 1470 1055 Bucerum
1497 1022 1526 1066 ²)
1553 1032 1652 1056 secus
1676 1020 1760 1056 scri-

221 1077 309 1120 bam,
344 1090 449 1124 quam
484 1078 682 1125 oportebat,
717 1078 938 1125 imputabitis
973 1079 1057 1115 meis
1094 1079 1222 1126 quibus
1257 1093 1350 1116 nunc
1386 1080 1580 1126 distringor
1613 1093 1758 1129 occupa-

220 1139 388 1183 tionibus,
423 1145 465 1176 ut
497 1153 541 1176 ne
567 1153 673 1176 unam
699 1140 840 1187 quidem
866 1141 923 1177 vel
957 1141 1198 1177 brevissimam
1233 1142 1415 1190 epistolam
1442 1143 1570 1190 possim
1596 1142 1758 1186 seribere,

220 1202 309 1248 quin
335 1201 527 1248 aliquoties
554 1202 770 1250 interpeller.

267 1263 312 1298 In
345 1276 449 1299 causa
483 1268 537 1299 est
573 1277 665 1299 nova
699 1264 934 1310 Magistratus
970 1264 1084 1300 nostri
1119 1264 1157 1299 in
1183 1267 1295 1300 sectas
1322 1263 1503 1306 severitas,
1529 1263 1572 1299 ad
1598 1263 1755 1298 Caesaris

218 1325 421 1361 mandatum
455 1325 636 1362 instituta.
687 1325 921 1361 Confluebant
955 1325 1021 1360 huc
1055 1326 1130 1361 sine
1156 1339 1301 1362 numero
1329 1326 1479 1368 sectarii,
1504 1324 1754 1372 propemodum

218 1388 330 1423 omnis
366 1388 516 1433 generis,
551 1387 656 1423 simul
688 1390 796 1433 atque
831 1400 952 1423 eorum
985 1388 1183 1434 persecutio
1216 1388 1250 1423 in
1285 1388 1477 1423 Hollandia
1503 1391 1625 1423 exorta
1651 1391 1755 1423 esset.

218 1449 270 1484 Ea
303 1461 358 1484 res
394 1448 438 1483 ad
468 1448 584 1483 aulam
618 1448 864 1484 Brabanticam
892 1448 1007 1484 delata
1033 1461 1192 1496 magnam
1219 1449 1320 1484 nobis
1352 1449 1435 1491 illic,
1472 1461 1534 1484 nec
1568 1448 1755 1491 immerito,

216 1509 384 1545 invidiam
416 1509 594 1552 conflavit,
627 1512 668 1545 ut
694 1509 737 1544 ad
764 1512 960 1545 extremum
986 1509 1150 1545 videatur
1176 1510 1303 1545 Caesar
1341 1510 1596 1545 interdicturus
1622 1509 1754 1545 nostris

216 1571 463 1606 commercium
489 1583 632 1618 prorsus
659 1583 760 1606 omne
785 1583 864 1606 cum
891 1571 976 1614 suis,
1003 1571 1032 1607 si
1058 1584 1130 1607 non
1155 1572 1271 1619 patria
1297 1571 1379 1607 haec
1405 1571 1447 1607 ab
1465 1571 1665 1607 istiusmodi
1684 1583 1754 1607 sec-

215 1631 316 1668 tariis
343 1635 601 1678 repurgaretur.
629 1631 680 1667 Ea
704 1644 759 1667 res
786 1632 860 1667 visa
886 1637 939 1668 est
963 1632 1126 1680 Epicur-is
1152 1632 1284 1668 nostris
1304 1634 1331 1679 3)
1361 1631 1611 1668 formidabilior
1630 1631 1755 1675 multo,

217 1704 323 1738 quam
356 1693 424 1728 Dei
458 1694 571 1729 minae
605 1693 834 1739 magistratus
860 1693 1110 1740 negligentiam
1137 1693 1375 1740 percellentes.
1425 1692 1555 1740 Itaque
1581 1692 1676 1739 quod
1701 1705 1753 1728 re-

214 1754 430 1801 purgandam
466 1754 534 1790 Dei
564 1753 756 1790 Ecclesiam
791 1767 895 1790 curae
928 1766 1012 1790 suae
1046 1754 1264 1790 commissam
1292 1753 1478 1790 mitioribis
1511 1753 1666 1790 consiliis
1692 1766 1751 1800 ag-

214 1815 313 1862 gredi
346 1828 526 1862 nunquam
559 1815 763 1859 voluerunt,
789 1815 825 1851 id
850 1827 944 1851 nunc
970 1818 1069 1851 metu
1095 1815 1251 1852 Caesaris
1279 1815 1349 1851 orsi
1375 1818 1470 1851 sunt.
1507 1815 1752 1858 Proscribunt,

215 1877 246 1913 si
278 1876 354 1913 Deo
387 1876 515 1923 placet,
548 1880 670 1920 sectas,
704 1889 776 1912 non
808 1882 952 1924 propter
986 1877 1113 1920 Deum,
1148 1876 1208 1913 sed
1233 1879 1376 1924 propter
1403 1876 1585 1912 Caesarem
1612 1877 1654 1923 4).
1704 1875 1753 1912 Et

214 1937 310 1984 quod
344 1942 447 1974 antea
481 1937 680 1974 mitioribus
715 1937 871 1973 consiliis
908 1938 1020 1984 egisse
1055 1939 1233 1985 poterant,
1259 1937 1294 1972 id
1320 1950 1413 1973 nunc
1440 1939 1540 1973 tanta
1565 1937 1754 1972 severitate

213 2002 489 2047 prosequuntur,
515 2001 557 2035 ut
583 1998 725 2034 sublato
752 1998 955 2035 nocentium
981 2002 1090 2045 atque
1114 1998 1356 2034 innocentium
1381 1997 1578 2033 discrimine
1604 1997 1639 2032 in
1657 2009 1753 2044 pere-

211 2062 331 2108 grinos
366 2073 486 2097 omnes
522 2060 691 2097 saeviant.
742 2059 861 2095 Huius
895 2060 946 2095 rei
979 2072 1042 2106 ego
1082 2059 1282 2107 Principem
1326 2061 1481 2095 nostram
1517 2058 1683 2094 admonui
1717 2060 1753 2094 et

211 2120 345 2166 rogavi,
385 2122 427 2154 ut
467 2119 654 2155 discrimen
697 2118 841 2165 aliquod
875 2118 1061 2154 haberetur
1096 2118 1190 2153 inter
1223 2117 1328 2154 sectis
1365 2116 1548 2160 obnoxios,
1583 2121 1619 2152 et
1662 2128 1752 2163 quos

211 2184 348 2216 certum
375 2185 467 2216 esset
493 2180 535 2215 ab
562 2179 632 2215 illis
658 2179 830 2215 immunes
857 2192 942 2222 esse,
968 2200 1015 2206 ——-
1041 2181 1087 2222 et,
1115 2179 1143 2214 si
1169 2179 1219 2214 ita
1245 2179 1312 2214 iam
1329 2178 1564 2214 constitutum
1584 2180 1689 2221 esset,
1710 2182 1752 2214 ut

211 2245 326 2280 sectae
351 2242 429 2278 hinc
455 2241 643 2290 pellantur,
668 2242 876 2277 innocentes
901 2241 1043 2277 interim
1070 2254 1090 2276 a
1115 2240 1326 2276 nocentibus
1352 2239 1645 2275 discernerentur.
1696 2239 1752 2275 Sic

210 2304 342 2339 factum
377 2306 442 2346 est,
476 2306 518 2338 ut
545 2303 588 2338 de
614 2315 765 2349 quorum
791 2302 859 2338 fide
884 2315 948 2338 nos
974 2301 1218 2338 testimonium
1247 2301 1418 2344 daremus,
1444 2300 1478 2336 hi
1506 2301 1562 2336 ius
1589 2299 1750 2336 manendi
1777 2345 1781 2348 Δ

208 2366 303 2402 inter
335 2378 399 2401 nos
432 2364 595 2400 habeant.
646 2363 787 2399 Obruor
821 2363 942 2410 itaque
975 2375 1069 2399 nunc
1104 2362 1303 2409 frequentia
1336 2374 1469 2404 eorum,
1507 2361 1569 2408 qui
1605 2374 1624 2396 a
1649 2361 1749 2396 nobis

208 2427 412 2464 testimonia
437 2426 517 2462 fidei
543 2438 626 2461 suae
651 2427 791 2473 petunt,
818 2438 862 2462 ne
888 2425 1085 2461 eiiciantur.
1128 2425 1176 2460 Et
1202 2426 1287 2460 sunt
1312 2423 1471 2471 plerique
1497 2423 1598 2458 nobis
1623 2421 1748 2468 ignoti,

208 2491 250 2524 ut
287 2501 352 2524 nos
386 2487 508 2523 multis
535 2499 637 2534 agere
663 2498 742 2522 cum
769 2486 840 2522 illis
867 2489 1042 2534 oporteat,
1068 2486 1270 2534 priusquam
1299 2485 1341 2520 de
1366 2485 1435 2520 illis
1462 2484 1644 2520 testificari
1671 2496 1749 2531 pos-

208 2542 350 2585 simus.x
377 2549 460 2585 Non
497 2561 639 2595 possum
676 2547 786 2594 igitur
821 2560 927 2591 nunc,
960 2550 1002 2583 ut
1037 2547 1162 2584 vellem
1197 2546 1357 2590 scribere,
1391 2545 1537 2582 scribam
1563 2548 1678 2581 tamen
1706 2557 1748 2581 ex

206 2609 403 2646 intervallis
428 2613 471 2645 ut
497 2622 652 2657 possum.

254 2671 470 2707 Meditamur
497 2683 590 2707 nunc
616 2670 791 2717 quandam
817 2669 1034 2717 disciplinam
1060 2669 1096 2705 in
1121 2670 1243 2704 nostra
1268 2667 1330 2703 hac
1355 2665 1520 2709 Ecclesia,
1547 2664 1604 2701 cui
1630 2677 1747 2701 omnes

206 2734 279 2769 fere
312 2733 481 2769 hactenus
517 2733 688 2776 manibus,
724 2732 819 2779 quod
852 2731 994 2775 dicitur,
1029 2743 1067 2766 ac
1092 2729 1238 2778 pedibus
1273 2728 1494 2770 restiterunt,
1520 2727 1582 2773 qui
1608 2739 1661 2763 me
1687 2727 1745 2763 ad-

204 2795 326 2830 iuvare
351 2793 573 2841 potissimum
600 2793 785 2830 debebant.
835 2792 1015 2835 Dicebam,
1042 2803 1223 2838 nunquam
1250 2790 1336 2833 fore,
1362 2791 1403 2824 ut
1437 2788 1541 2824 sectis
1559 2800 1746 2832 careamus,

203 2855 244 2898 si,
270 2854 353 2891 dum
378 2854 416 2889 in
440 2853 527 2889 alios
543 2855 654 2890 severi
672 2866 805 2897 sumus,
832 2853 870 2889 in
890 2853 986 2889 vitiis
1003 2852 1143 2888 interim
1162 2851 1229 2899 ipsi
1246 2850 1346 2887 nobis
1365 2848 1620 2895 indulgeamus.
1647 2848 1745 2894 Quae

202 2927 283 2953 cum
308 2915 403 2951 inter
429 2926 492 2950 nos
518 2919 718 2960 regnarent,
745 2912 972 2951 statuendum
1000 2913 1101 2950 etiam
1131 2912 1230 2949 nobis
1257 2922 1332 2948 esse
1358 2909 1541 2946 discrimen
1568 2910 1744 2947 innostra
