1830 3147
95 409 176 443 Mat.
199 411 230 442 4.

96 746 213 779 Heln-e.
237 745 265 777 1.

96 788 231 820 Colossi.
253 789 282 821 1.

98 832 185 863 ioan.
209 831 239 863 1.

95 1323 173 1356 Luc.
196 1323 247 1355 11.

97 1366 200 1399 Math.
224 1366 254 1397 1.

378 106 452 142 448
853 114 1026 143 CATEGH.
1054 114 1164 143 nch.
1192 114 1308 142 LoNn.

377 216 508 254 aliisve
535 215 691 254 omnino
721 215 901 254 creaturis
931 216 1085 255 deferre.
1134 216 1244 267 Apud
1273 216 1394 255 Deum
1424 215 1526 253 enim
1554 216 1676 253 solum
1704 228 1785 254 om-

377 281 437 319 nis
465 280 676 318 consolatio
704 280 815 318 nobis
844 293 1030 333 omneque
1056 281 1240 318 auxilium
1267 281 1306 318 in
1335 279 1438 317 omni
1466 279 1689 318 necessitate
1714 293 1785 318 no-

378 348 456 383 stra
483 345 736 396 quaerendum
763 350 832 391 est,
857 345 923 383 ille
951 345 1053 384 solus
1081 345 1298 383 adorandus
1324 346 1443 394 (722),
1469 344 1785 396 quemadmodum

376 409 441 447 ille
469 422 618 461 quoque
645 409 747 448 solus
776 409 955 448 colendus
983 409 1095 448 nobis
1123 413 1191 448 est.

949 538 1087 578 Interr.
1117 541 1204 578 198.

430 603 536 643 Quid
563 606 619 642 est
646 616 774 655 preces
803 603 1001 655 concipere
1028 603 1069 641 in
1096 603 1249 640 nomine
1278 602 1444 641 Christi?

1029 667 1143 718 Resp.

429 732 589 770 Perinde
617 731 688 769 hoc
716 736 785 776 est,
813 731 921 782 quasi
941 730 1044 768 dicas
1063 731 1170 768 iuxta
1190 730 1331 768 Christi
1348 729 1567 767 mandatum
1583 734 1619 768 et
1638 734 1788 781 propter

379 810 461 835 eum
490 796 646 847 precari.
674 796 785 834 Pater
812 795 912 834 enim
940 795 1050 833 nobis
1080 795 1174 833 nihil
1203 795 1278 833 nisi
1306 799 1458 845 propter
1479 794 1670 832 Christum
1689 795 1787 832 etob

380 862 459 900 eius
491 873 639 898 causam
669 860 853 899 concedit.
885 860 990 898 Hinc
1016 861 1058 898 fit
1086 859 1240 898 nonnisi
1267 872 1348 897 vere
1379 859 1568 897 credentes
1596 864 1632 896 et
1651 859 1787 909 quire-

380 938 469 976 apse
495 925 541 962 ad
572 924 762 962 Christum
792 924 963 962 conversi
993 924 1082 970 sint,
1108 923 1148 961 in
1179 923 1322 961 Christi
1337 923 1491 961 nomine
1509 924 1651 974 precari
1669 936 1789 974 posse,

380 989 446 1040 qui
473 989 553 1027 scil.
583 988 677 1026 nihil
704 1001 870 1039 unquam
897 988 1098 1039 expetituri
1128 987 1205 1026 sive
1231 987 1470 1038 imploraturi
1498 988 1588 1030 sint,
1613 986 1712 1038 quod
1730 1000 1789 1025 es-

381 1057 436 1092 set
463 1053 533 1092 Dei
561 1053 696 1091 honori
724 1053 969 1091 contrarium.

956 1118 1093 1156 Interr.
1121 1117 1206 1155 199.

435 1182 537 1221 Quid
568 1186 692 1221 autem
719 1183 759 1220 in
786 1182 1069 1234 precationibus
1097 1182 1175 1219 suis
1203 1195 1224 1219 a
1251 1181 1331 1219 Deo
1360 1186 1534 1232 expetent
1554 1180 1788 1220 Christiani?

1025 1247 1137 1297 Resp.

432 1312 479 1350 Id
514 1313 636 1364 ipsum
674 1312 774 1363 quod
804 1311 991 1349 Dominus
1018 1311 1126 1348 Iesus
1154 1312 1260 1359 (721³)
1291 1310 1463 1348 Christus
1491 1310 1684 1362 discipulis
1713 1311 1789 1348 suis

380 1377 621 1428 praescripsit
648 1382 684 1414 et
712 1380 903 1427 praeterea
931 1375 1039 1414 nihil.
1069 1363 1185 1413 Nulla
1214 1375 1312 1412 enim
1331 1375 1485 1426 probari
1502 1380 1626 1426 potest
1645 1375 1789 1426 petitio,

380 1454 474 1493 quae
519 1454 602 1479 cum
648 1441 710 1478 illa
752 1441 967 1491 precatione
1003 1452 1080 1477 non
1119 1439 1307 1483 convenit,
1339 1451 1433 1489 quae
1469 1440 1510 1476 in
1547 1452 1585 1477 se
1621 1452 1788 1490 compre-

380 1506 523 1553 hendit,
551 1504 729 1557 quicquid
758 1505 884 1542 anima
911 1508 1041 1542 nostra
1071 1503 1149 1541 sive
1177 1516 1312 1554 corpus
1341 1507 1511 1541 nostrum
1538 1503 1722 1553 indigeat.

958 1568 1098 1607 Interr.
1128 1570 1216 1606 200.

433 1635 565 1673 Recita
602 1634 695 1672 mihi
730 1633 982 1685 precationem
1018 1633 1136 1680 illam,
1173 1645 1285 1684 quam
1315 1632 1520 1683 discipulos
1548 1646 1636 1670 suos
1665 1632 1790 1670 docuit

381 1699 595 1738 Dominus?
648 1702 652 1704 ’

1031 1761 1145 1812 Resp.

437 1830 478 1877 (Ι
505 1827 615 1866 Pater
643 1830 784 1872 noster,
812 1827 874 1878 qui
904 1839 943 1864 es
971 1826 1010 1864 in
1040 1827 1164 1864 coelo!

436 1893 697 1931 Sanctificetur
725 1904 862 1929 nomen
891 1895 1010 1929 tuum.

434 1957 623 1997 Adveniat
649 1969 807 2006 regnum
835 1960 954 1994 tuum.

435 2022 520 2061 Fiat
549 2022 723 2060 voluntas
749 2025 815 2058 tua
844 2021 941 2058 sicut
967 2019 1008 2057 in
1037 2019 1139 2056 coelo
1165 2023 1202 2057 et
1229 2019 1268 2057 in
1297 2022 1409 2057 terra.

436 2088 576 2126 Panem
604 2090 776 2124 nostrum
804 2084 1068 2136 quotidianum
1096 2083 1143 2121 da
1171 2083 1283 2122 nobis
1307 2083 1430 2122 hodie.

436 2152 486 2190 Et
513 2152 660 2190 remitte
688 2150 799 2188 nobis
829 2150 956 2187 debita
984 2154 1126 2196 nostra,
1155 2150 1250 2187 sicut
1277 2152 1313 2187 et
1339 2161 1408 2186 nos
1435 2147 1661 2186 remittimus
1690 2149 1793 2196 (73³)

386 2214 620 2254 debitoribus
647 2213 802 2252 nostris.

438 2279 488 2317 Et
515 2292 562 2316 ne
589 2291 658 2316 nos
685 2277 842 2315 inducas
868 2276 908 2314 in
937 2275 1197 2314 tentationem.

439 2342 512 2382 Sed
539 2342 658 2379 libera
685 2354 755 2379 nos
784 2354 805 2378 a
832 2340 945 2379 malo.

441 2407 541 2446 Quia
575 2415 684 2445 tuum
720 2409 777 2444 est
813 2418 969 2455 regnum
998 2409 1034 2442 et
1061 2403 1231 2455 potentia
1258 2407 1295 2441 et
1321 2403 1444 2453 gloria
1471 2402 1510 2440 in
1537 2402 1686 2441 saecula
1713 2414 1792 2440 sae·

389 2473 571 2511 culorum.
600 2474 734 2514 Amen,

962 2533 1102 2572 Interr.
1132 2534 1218 2570 201.

441 2600 546 2640 Quid
572 2598 756 2648 intelligis
785 2596 854 2635 sub
885 2596 1010 2634 verbis
1037 2596 1132 2633 illis:
1159 2595 1270 2633 Pater
1297 2597 1425 2633 noster
1453 2592 1517 2643 qui
1544 2605 1582 2630 es
1601 2592 1643 2629 in
1663 2592 1793 2630 coelo?

1034 2660 1146 2710 Resp.
1352 2702 1363 2714 ι

443 2728 559 2766 Nulla
586 2727 645 2764 his
672 2725 797 2764 verbis
827 2724 1035 2775 concipitur
1062 2723 1242 2775 precatio,
1268 2721 1333 2760 sed
1350 2719 1588 2759 invocatione
1605 2719 1670 2756 illa
1689 2732 1794 2770 prae-

392 2806 523 2844 parare
558 2805 627 2830 nos
665 2791 710 2829 ad
747 2803 874 2841 preces
903 2789 983 2827 vult
1010 2787 1209 2831 Dominus.
1236 2791 1277 2825 ut
1306 2784 1658 2823 commemoratione
1687 2784 1796 2821 boni—

393 2857 494 2904 tatis,
535 2856 828 2907 omnipotentiae
856 2857 967 2904 atque
994 2850 1384 2903 incomprehensibilis
1411 2849 1554 2900 gloriae
1580 2847 1650 2886 Dei
1678 2848 1798 2886 nostri
