1830 3147
1627 163 1697 201 155

161 272 344 310 duntaxat
379 271 568 322 quandam
606 271 765 309 rationis
799 275 950 309 nostrae
989 273 1258 321 cogitationem
1295 273 1476 320 incurrat,
1513 275 1576 313 sed
1605 289 1700 327 quae

159 337 207 375 ad
234 338 308 375 ima
335 350 451 388 usque
479 336 603 374 cordis
631 337 753 375 nostri
775 337 980 388 penetralia
1009 343 1138 376 autore
1167 339 1312 389 Spiritu
1340 345 1469 378 sancto
1497 341 1700 392 pertingat.

159 402 350 440 Nimirum
389 401 549 453 Spiritus
586 406 739 440 sanctus
775 401 965 450 (assiduus
1003 402 1144 453 alioqui
1180 404 1286 442 testis
1326 404 1479 451 Christi,
1499 409 1544 443 ⁴et
1572 407 1699 443 efficax

158 467 404 519 proculdubio
431 468 664 518 glorificator
690 468 730 505 in
759 468 864 506 omni
889 468 1005 519 ipsius
1034 468 1290 517 institutione)
1318 471 1431 520 longe
1447 473 1559 520 (232)
1587 471 1699 508 aliam

160 533 298 571 Christi
324 532 623 570 recordationem
652 532 692 571 in
720 533 860 570 nostris
889 533 1065 570 cordibus
1095 539 1269 584 operatur
1298 535 1395 572 cirea
1415 535 1561 573 Coenae
1578 549 1701 578 usum,

158 611 268 648 quain
305 597 447 634 faciant
483 610 613 635 omnes
641 597 826 635 humanae
853 597 930 635 sive
958 597 1142 646 imagines
1172 598 1249 636 sive
1277 603 1421 637 statuae
1449 614 1514 638 seu
1540 601 1699 639 theatri-

159 675 223 699 cae
249 662 528 713 qualescunque
556 661 930 713 repraesentationes.
963 661 1067 699 Haec
1094 662 1158 708 ita,
1186 663 1354 713 inquam,
1374 677 1456 701 cum
1480 678 1517 702 se
1537 664 1700 703 habeant

157 725 296 770 omnia,
324 724 562 776 perspicuum
589 729 657 770 est,
686 724 877 763 Christum
905 724 1127 770 Dominum,
1155 726 1221 776 qui
1249 725 1427 764 Divinam
1447 727 1590 778 alioqui
1612 728 1698 778 Spi-

155 790 251 828 ritus
278 790 401 828 sancti
428 790 501 828 vim
530 790 570 828 in
600 804 687 828 suae
713 790 964 828 institutionis
992 791 1255 828 observatione
1282 791 1512 838 intuebatur,
1531 793 1576 830 ad
1597 793 1695 831 eius-

157 856 261 893 modi
297 861 396 894 certe
433 856 491 894 sui
525 856 824 894 recordationem
863 857 1028 894 Coenam
1067 870 1172 894 suam
1209 856 1428 902 instituisse,
1464 871 1558 909 quae
1586 858 1698 897 nobis

157 934 232 959 non
261 921 479 959 historicam
505 924 652 959 tantum
680 921 734 959 rei
759 910 887 970 gestae
914 922 1133 958 memoriam
1162 922 1200 959 in
1229 922 1389 960 otiosam
1417 923 1606 973 quandam
1635 937 1698 961 co-

156 986 378 1036 gitationem
413 990 617 1030 revocaret,
654 986 719 1024 sed
746 1000 842 1037 quae
868 986 969 1037 ipsas
997 987 1108 1024 etiam
1138 987 1261 1024 cordis
1291 988 1412 1025 nostri
1441 988 1622 1027 medullas
1650 989 1697 1027 ad

157 1063 227 1088 nos
254 1050 293 1088 in
329 1049 403 1087 fide.
430 1049 644 1088 adumbrati
671 1049 782 1087 nobis
812 1050 981 1100 mysterii
1009 1051 1267 1089 obfirmandos
1295 1055 1408 1102 atque
1437 1052 1697 1101 obsignandos

159 1115 298 1166 Spiritu
327 1119 456 1153 sancto
484 1119 614 1153 autore
640 1115 793 1166 penitus
823 1120 1086 1154 commoveret.

207 1178 269 1216 Ad
297 1178 456 1216 eundem
483 1192 594 1229 porro
622 1180 736 1217 finem
755 1184 791 1216 et
811 1179 1137 1216 circumcisionem
1155 1179 1247 1216 olim
1271 1179 1484 1218 institutam
1505 1181 1633 1228 fuisse,
1653 1194 1697 1220 ex

156 1243 227 1281 Dei
254 1244 372 1295 ipsius
399 1244 446 1281 ad
469 1244 728 1282 Abrahamum
755 1243 878 1282 verbis
900 1243 1079 1291 videmus,
1104 1244 1188 1282 dum
1210 1245 1274 1290 ait,
1291 1245 1376 1282 ideo
1396 1245 1499 1282 illam
1524 1245 1639 1284 fuisse
1657 1247 1696 1284 in

156 1310 235 1348 eius
250 1309 392 1348 familia
409 1310 696 1356 observandam,
716 1313 758 1347 ut
776 1313 873 1348 esset
893 1309 995 1347 Deus
1013 1309 1131 1361 ipsius
1152 1314 1186 1348 et
1199 1310 1352 1348 seminis
1362 1310 1532 1362 ipsius¹).
1562 1312 1697 1363 Neque

155 1376 254 1414 euim
283 1380 368 1427 post
396 1375 720 1413 circumcisionem
747 1379 811 1413 aut
839 1370 1049 1412 Abrahami
1076 1381 1141 1413 aut
1170 1375 1378 1427 cuiuspiam
1399 1377 1554 1415 alterius
1573 1377 1611 1415 in
1629 1391 1697 1415 suo

155 1441 295 1479 semine
323 1440 425 1479 Deus
451 1446 531 1478 tum
560 1440 722 1492 primum
749 1440 914 1491 incoepit
941 1454 1022 1478 esse
1050 1445 1085 1479 et
1114 1441 1325 1479 Abrahami
1349 1446 1385 1480 et
1405 1442 1557 1480 seminis
1579 1442 1696 1494 ipsius

157 1502 271 1552 Deus,
297 1505 610 1556 quemadmodum
640 1505 779 1543 Paulus
808 1505 929 1544 docet.
975 1505 1048 1543 Sed
1079 1506 1135 1544 his
1164 1506 1289 1544 verbis
1318 1507 1472 1545 docetur
1501 1508 1695 1545 Abraham

155 1571 240 1609 ideo
273 1571 347 1608 sibi
374 1574 409 1608 et
446 1584 534 1608 suae
561 1570 726 1608 familiae
753 1570 975 1621 imperatam
1003 1571 1120 1608 fuisse
1147 1573 1258 1619 (233)
1289 1571 1627 1617 circumcisionem,
1654 1577 1697 1611 ut

157 1642 193 1674 et
220 1637 298 1687 ipse
332 1649 397 1687 per
431 1649 581 1673 omnem
618 1635 732 1673 vitam
770 1649 876 1673 suam
913 1644 948 1673 et
977 1636 1120 1673 familia
1149 1636 1228 1674 eius
1257 1636 1433 1688 deinceps
1461 1642 1545 1689 post
1571 1638 1695 1690 ipsum

158 1702 248 1740 certi
285 1706 408 1740 essent
445 1701 544 1751 signi
581 1701 691 1738 huius
730 1701 959 1747 testimonio,
996 1701 1118 1739 Deum
1156 1702 1409 1753 proculdubio
1438 1716 1544 1740 suum
1574 1704 1695 1742 Deum

156 1780 246 1812 esse,
284 1766 347 1817 qui
383 1765 472 1811 illis,
505 1769 547 1803 ut
583 1765 701 1803 electo
730 1778 797 1803 suo
826 1766 979 1817 populo,
1015 1766 1055 1804 in
1082 1766 1251 1817 ipsorum
1280 1768 1568 1806 necessitatibus
1598 1782 1694 1806 nun-

155 1846 267 1884 quam
303 1837 399 1869 esset
434 1844 503 1882 ope
540 1845 606 1869 sua
642 1830 779 1869 Divina
817 1831 1022 1877 defuturus,
1058 1832 1172 1870 modo
1200 1846 1246 1871 ne
1272 1833 1380 1871 illum
1409 1834 1595 1872 destinata
1622 1835 1695 1872 irn-

154 1897 290 1948 pietate
326 1896 530 1947 rebellique
567 1909 635 1934 suo
672 1899 889 1947 contemptu
917 1896 963 1933 ad
992 1897 1228 1935 iracundiam
1256 1903 1517 1949 provocarent.
1571 1899 1631 1937 Ita
1660 1904 1696 1938 et

154 1962 194 1999 in
233 1961 404 1999 Paschali
441 1961 565 1998 Coena
602 1960 693 1998 olim
729 1962 841 1998 finem
878 1961 1047 1999 videmus
1084 1962 1243 1999 eundem
1281 1976 1446 2013 prorsus,
1476 1963 1564 2002 dum
1591 1964 1694 2002 Deus

154 2026 310 2077 ipsemet
344 2025 450 2063 illam
486 2038 524 2062 se
559 2024 606 2062 a‘d
635 2029 920 2062 monumentum
949 2030 1143 2063 aeternum
1171 2026 1229 2063 sui
1257 2039 1344 2074 erga
1372 2027 1551 2064 Israelem
1580 2027 1694 2065 bene·

156 2091 231 2129 ficii
266 2090 475 2128 instituisse
512 2093 683 2136 testatur,
719 2089 896 2127 nimirum
931 2095 972 2128 ut
1008 2094 1090 2128 tota
1127 2091 1191 2129 illa
1217 2092 1371 2129 Israelis
1401 2092 1569 2130 Ecclesia
1599 2093 1693 2132 Coe-

158 2168 226 2192 nae
271 2167 357 2191 suae
400 2153 502 2191 illius
537 2153 816 2191 anniversariae
852 2154 1072 2192 testimonio
1110 2160 1209 2192 certa
1247 2159 1356 2202 esset,
1391 2155 1511 2193 Deum
1549 2169 1693 2208 semper

157 2221 237 2257 sore
279 2222 529 2269 protectorem
565 2222 602 2255 et
639 2217 848 2255 adiutorem
887 2231 1007 2262 suum,
1042 2218 1361 2269 quemadmodum
1398 2219 1437 2257 id
1477 2220 1691 2259 admirabili

156 2284 218 2320 illa
257 2295 483 2334 prorsusque
523 2282 708 2334 stupenda
745 2295 788 2319 ex
818 2284 993 2333 Aegypto
1020 2282 1140 2333 ipsius
1169 2282 1368 2321 eductione
1395 2284 1692 2323 luculentissime

157 2349 369 2387 declaravit.
399 2348 458 2386 Ita
485 2352 521 2385 et
549 2347 786 2398 Baptismum
813 2347 859 2385 ad
889 2347 1046 2385 eundem
1076 2347 1199 2398 ipsum
1227 2349 1339 2387 finem
1368 2348 1583 2387 institutum
1614 2363 1692 2388 esse

156 2415 360 2452 clarissime
403 2413 512 2451 docet
559 2413 703 2457 Petrus,
749 2413 837 2450 dum
872 2413 979 2450 illum
1015 2412 1248 2464 ἐπερώτημα
1278 2413 1398 2451 bonae
1426 2419 1576 2452 nostrae
1604 2428 1692 2464 erga

158 2481 275 2519 Deum
305 2479 556 2518 conscientiae
582 2492 662 2517 esse
689 2483 858 2517 testatur.
896 2478 1089 2516 Nimirum
1116 2478 1169 2529 pii
1197 2491 1327 2516 omnes
1355 2479 1394 2517 in
1421 2479 1593 2518 Ecclesia
1621 2481 1690 2518 ob-

155 2547 351 2583 firmantur
387 2543 572 2595 Baptismi
607 2543 824 2581 testimonio
852 2544 892 2581 in
922 2548 1021 2582 certa
1048 2543 1122 2581 fide
1150 2543 1430 2582 emundationis
1457 2550 1493 2582 et
1521 2545 1690 2583 reconci-

156 2609 321 2647 liationis
358 2622 445 2647 suae
481 2622 565 2646 cum
601 2609 711 2646 Patre
749 2609 825 2646 Deo
863 2622 928 2659 per
965 2608 1188 2657 sanguinem
1218 2607 1359 2646 Christi
1387 2608 1556 2655 Domini,
1585 2610 1689 2648 cuius

157 2675 303 2712 demum
347 2674 484 2711 fiducia
531 2686 608 2711 non
644 2673 1027 2722 reformi-(234)dant
1073 2672 1253 2710 iudicium
1289 2673 1359 2711 Dei
1395 2679 1547 2725 propter
1584 2688 1689 2712 suam

157 2753 240 2777 cum
278 2739 429 2777 Christo
459 2738 622 2776 Domino
652 2738 691 2775 in
721 2751 876 2789 corpore
904 2744 939 2776 ct
969 2738 1152 2787 sanguine
1180 2738 1310 2789 ipsius,
1338 2752 1411 2790 quo
1443 2743 1529 2777 sunt
1557 2739 1690 2783 abluti,

156 2803 468 2841 communionem.

198 2933 222 2971 ¹)
247 2932 325 2963 Gen.
350 2931 397 2964 17.
