1830 3147
221 115 270 150 5⁴.)

215 236 258 261 ex
287 227 392 275 parte
430 221 602 260 consistit
640 241 689 250 -—-
721 234 831 272 quam
869 220 994 272 potius
1021 233 1043 259 a
1072 220 1201 260 divina
1227 221 1462 273 providentia
1489 225 1524 260 et
1552 221 1758 268 voluntate,

219 293 341 327 servat
370 300 447 326 non
475 300 559 324 raro
589 286 689 324 Deus
721 299 827 324 suam
854 286 1063 324 Ecclesiam
1091 286 1219 325 divina
1248 300 1314 325 sua
1346 287 1485 325 virtute
1513 299 1556 325 ac
1579 288 1761 338 potentia,

220 365 535 405 progressumque
582 355 791 390 structurae
826 351 928 390 illius
965 351 1244 390 evidentissime
1269 357 1476 404 promovet,
1502 365 1582 390 non
1610 356 1758 390 tantum

223 419 304 458 sine
339 419 417 456 ullo
458 417 705 467 Magistratus
741 416 941 469 praesidio,
978 416 1041 455 sed
1077 417 1117 454 in
1153 430 1296 455 summa
1324 417 1436 455 etiam
1466 416 1759 466 Magistratuum

224 484 424 534 tyrannide
452 488 489 521 et
515 482 795 534 persecutione:
832 481 871 519 id
908 481 1009 533 quod
1037 482 1179 533 alioqui
1206 486 1336 520 nostro
1365 483 1437 519 hoc
1465 482 1589 520 seculo
1618 482 1759 520 factum

218 561 300 585 esse
348 547 476 584 divino
515 546 695 585 beneficio
733 551 843 598 atque
879 547 1084 585 etiamnum
1119 546 1201 584 fieri
1236 547 1533 585 luculentissime
1576 546 1758 585 videmus.

223 612 294 650 Sed
322 615 449 650 tamen
476 612 593 650 utitur
619 624 883 663 saepenumero
912 611 1023 649 etiam
1053 611 1343 661 Magistratuum
1371 612 1580 650 ministerio
1600 612 1649 649 ad
1668 624 1760 649 con-

222 676 442 715 servandam
478 676 731 727 tuendamque
765 676 955 727 publicam
993 675 1184 713 Ecclesiae
1217 675 1393 726 pietatem
1419 676 1559 727 pariter
1585 688 1627 713 ac
1653 679 1760 713 tran-

222 741 460 793 quillitatem,
496 745 534 778 ut
573 754 610 778 se
650 741 799 778 illorum
838 753 986 791 quoque
1022 739 1227 778 Dominum
1262 753 1341 778 esse
1368 740 1529 778 declaret
1565 745 1758 778 eteorum

221 810 411 858 praeterea
439 806 599 844 officium
625 806 718 857 ipsis
746 805 785 843 in
813 805 1054 856 praecellenti
1077 805 1232 843 illorum
1253 805 1452 843 vocatione
1477 808 1760 843 commonstret.

223 872 533 922 'Bresbyterorum
560 871 697 920 aut-(B
723 872 842 919 7²)em
867 870 1117 908 ministerium
1145 870 1226 907 vult
1253 870 1407 908 omnino
1436 883 1514 908 esse
1539 872 1759 921 perpetuum

223 937 264 974 in
293 936 425 987 quavis
451 942 551 974 recte
577 936 749 973 instituta
778 935 959 981 Ecclesia,
994 939 1036 972 ut
1069 948 1135 986 per
1161 935 1260 972 illius
1289 935 1520 973 functionem
1550 934 1756 984 legitimam

227 1002 330 1039 verbi
359 1002 417 1040 sui
445 1001 576 1039 Divini
603 1006 748 1052 sceptro
787 1004 938 1049 regatur
966 1004 1001 1038 et
1030 1004 1282 1038 conservetur.
1335 999 1390 1037 Ut
1418 1000 1517 1037 enim
1546 999 1626 1037 sine
1653 998 1756 1036 verbi

226 1065 356 1104 Divini
384 1065 554 1104 doctrina
583 1066 785 1103 consistere
812 1065 991 1110 Ecclesia,
1020 1065 1118 1102 haud
1147 1065 1254 1102 aliter
1281 1077 1392 1115 quam
1421 1077 1554 1115 corpus
1578 1063 1658 1101 sine
1677 1062 1759 1100 ani·

225 1144 297 1177 ma,
334 1143 411 1168 non
439 1134 572 1181 potest,
608 1130 660 1167 ita
689 1129 882 1167 doctrinae
909 1140 1061 1166 rursum
1086 1129 1259 1180 probatio
1287 1128 1455 1178 legitima
1483 1128 1562 1166 sine
1595 1127 1757 1177 Presby-

224 1199 390 1232 terorum
426 1194 634 1232 ministerio
671 1193 799 1231 haberi
835 1206 914 1231 non
942 1197 1076 1244 potest.
1132 1193 1246 1231 Quod
1273 1193 1445 1244 equidem
1473 1192 1504 1230 si
1530 1196 1659 1230 nostro
1689 1191 1761 1228 hoc

227 1264 405 1311 tempore,
429 1259 539 1297 initio
568 1259 796 1297 renascentis
823 1258 1037 1308 Euangelii,
1062 1259 1279 1297 restitutum
1307 1264 1493 1310 utcunque
1514 1258 1656 1303 fuisset,
1680 1270 1759 1295 non

226 1330 283 1363 tot
310 1324 558 1376 proculdubio
587 1337 689 1362 nunc
716 1324 909 1362 doctrinae
938 1323 1093 1362 dissidia
1118 1323 1217 1362 inter
1236 1337 1317 1370 nos,
1337 1324 1400 1374 qui
1420 1323 1760 1361 Antichristianam

227 1390 349 1440 Papae
385 1389 548 1427 Romani
582 1389 819 1439 tyrannidem
861 1389 1088 1427 unanimiter
1123 1401 1362 1431 accusamus.
1399 1388 1630 1426 haberemus.
1687 1387 1759 1425 Sed

228 1458 418 1492 momento
447 1454 573 1492 omnia
599 1454 747 1492 restitui
773 1467 851 1492 non
878 1457 1092 1505 potuerunt.
1147 1456 1271 1504 Atque
1300 1453 1442 1491 utinam
1471 1466 1572 1490 nunc
1599 1452 1758 1498 demum,

226 1518 292 1569 qui
326 1518 366 1556 in
404 1518 657 1556 Ecclesiarum
695 1519 904 1556 ministerio
943 1522 1150 1565 versantur,
1187 1519 1259 1555 huc
1294 1517 1460 1555 animum
1488 1517 1679 1563 adiiciant,
1705 1521 1759 1562 ut,

226 1582 408 1620 restitutis
444 1583 636 1621 Ecclesiae
673 1584 806 1634 cuique
841 1583 918 1622 suis
950 1583 1192 1634 presbyteris,
1227 1596 1337 1620 usum
1373 1583 1523 1620 tandem
1548 1582 1758 1631 legitimum

228 1647 447 1699 disciplinae
483 1648 768 1687 Ecclesiasticae
803 1649 1047 1700 legitimaque
1084 1662 1128 1687 ex
1164 1648 1278 1686 verbo
1321 1647 1391 1686 Dei
1418 1647 1671 1686 Ecclesiarum
1698 1646 1758 1685 iu-

228 1712 325 1751 dicia
353 1713 576 1752 instaurent.
1395 1761 1400 1765 .

279 1778 363 1816 Nos
389 1779 428 1816 id
456 1779 607 1829 quidem
634 1778 673 1817 in
701 1779 841 1817 nostris
869 1778 1049 1817 Ecclesiis
1075 1791 1144 1829 pro
1173 1781 1300 1816 nostra
1330 1777 1429 1814 virili
1467 1776 1592 1815 conati
1619 1789 1757 1823 sumus,

229 1848 376 1894 sumpto
405 1844 574 1895 exemplo
602 1858 622 1882 a
661 1844 873 1882 Genevensi
905 1849 941 1882 et
968 1843 1237 1893 Argentinensi
1265 1843 1543 1893 peregrinorum
1573 1842 1755 1880 Ecclesia.

227 1908 289 1954 Et,
325 1913 507 1959 quantum
539 1909 704 1947 fructum
741 1923 782 1947 ea
817 1923 875 1947 res
904 1909 1057 1957 attu-(B
1088 1904 1235 1956 7¹³)lerit
1263 1909 1302 1945 in
1332 1908 1470 1946 nostris
1498 1908 1690 1954 Ecclesiis,
1717 1908 1755 1945 id

226 1974 397 2024 equidem
426 1988 446 2012 a
473 1988 533 2012 me
560 1988 636 2013 non
664 1976 773 2013 facile
800 1976 925 2014 verbis
953 1975 1131 2026 explicari
1158 1979 1278 2025 queat,
1307 1979 1342 2012 et
1377 1978 1542 2031 praestat
1580 1975 1670 2012 haec
1706 1975 1754 2012 ab

221 2039 316 2084 aliis,
344 2053 456 2090 quam
483 2053 504 2077 a
534 2041 644 2078 nobis
672 2041 775 2092 ipsis,
804 2041 1099 2080 commemorari.
1156 2041 1241 2078 Hoc
1269 2053 1381 2077 unum
1410 2039 1557 2078 addam.
1597 2039 1754 2077 Nullum

224 2103 407 2141 eiusmodi
444 2104 521 2142 sive
550 2105 741 2144 doctrinae
770 2106 847 2144 sive
874 2105 1086 2144 animorum
1114 2105 1311 2143 dissidium
1339 2105 1380 2143 in
1407 2105 1547 2142 nostris
1576 2104 1755 2142 Ecclesiis

224 2172 395 2205 exortum
423 2182 513 2215 esse,
542 2169 632 2220 quin
659 2170 845 2220 protinus,
872 2170 1043 2208 adhibito
1074 2170 1293 2221 disciplinae
1319 2183 1400 2216 usu,
1420 2169 1487 2217 (sit
1503 2168 1581 2206 Deo
1597 2168 1716 2218 gratia
1729 2170 1755 2215 1)

227 2234 418 2272 sisteretur
454 2235 622 2286 adeoque
649 2240 686 2274 et
714 2237 920 2274 tolleretur.
967 2236 1050 2273 Iam
1083 2248 1168 2273 vero
1197 2247 1439 2285 exponemus,
1475 2245 1657 2284 quosnam
1684 2232 1755 2270 mi-

225 2300 428 2338 nistrorum
465 2301 629 2346 ordines,
664 2315 831 2352 quasque
868 2301 1104 2351 singulorum
1131 2301 1364 2338 functiones:
1401 2312 1493 2350 quos
1520 2298 1609 2335 item
1638 2299 1756 2335 cultus

226 2364 356 2402 Divini
391 2378 434 2403 ac
470 2366 557 2403 fidei
586 2371 735 2404 nostrae
762 2367 989 2404 exercendae
1016 2367 1134 2411 ritus,
1170 2369 1206 2403 et
1243 2365 1389 2416 qualem
1427 2363 1646 2414 disciplinae
1678 2363 1753 2400 Ec-

226 2431 453 2469 clesiasticae
479 2445 585 2470 usum
615 2432 654 2470 in
682 2432 822 2470 nostris
851 2431 1043 2477 Ecclesiis,
1071 2431 1307 2482 potissimum
1336 2433 1459 2466 autem
1486 2429 1524 2465 in
1546 2427 1753 2465 Germano-

229 2507 312 2532 rum
341 2494 522 2540 Ecclesia,
551 2496 751 2534 habeamus
779 2496 828 2544 (B
856 2497 927 2543 8³).
