1830 3147
157 118 204 153 86

163 241 281 278 neque
318 227 477 278 amplius
514 226 604 264 velis
641 230 795 264 mortem
832 226 1051 277 peccatoris,
1088 225 1149 263 sed
1177 225 1301 276 potius
1328 230 1370 263 ut
1397 228 1634 263 eonvertatur
1661 230 1697 264 et

162 292 276 329 vivat.
334 292 413 328 lmo
461 304 546 328 vero
582 291 622 328 in
658 291 849 342 amplexus
888 295 1036 328 nostros
1071 290 1151 341 ipse
1185 303 1285 335 ruas,
1319 290 1398 341 ipse
1435 290 1615 328 annulum
1652 303 1694 328 ae

164 357 297 394 stolam
343 356 508 408 proferas
553 360 703 393 nostrae
745 360 865 393 tecum
913 356 986 393 iam
1031 355 1071 392 in
1114 355 1192 392 filio
1227 360 1292 393 tuo
1330 355 1590 406 desponsionis
1627 368 1695 393 no-

163 425 332 470 straeque
360 420 398 457 in
426 419 492 456 illo
521 419 686 457 iustitiae
714 420 883 470 symbola
905 419 946 468 ¹).
1002 419 1087 456 Hae
1113 419 1227 468 igitur
1254 423 1318 457 tua
1348 419 1578 469 benignitate
1605 432 1695 457 con-

164 486 233 531 fisi,
271 485 316 522 ad
352 485 532 522 thronum
568 492 652 523 tuae
678 485 821 534 gratiae
848 485 1026 535 prostrati
1053 484 1321 535 provolvimur,
1348 486 1456 523 Pater
1486 485 1696 523 clementis-

164 550 272 587 sime!
301 550 398 599 apud
438 550 535 586 hunc
572 555 739 587 nostram
770 549 1004 600 deploramus
1034 549 1231 595 miseriam,
1259 554 1294 587 et
1323 563 1429 600 opem
1456 554 1561 588 tuam
1588 549 1696 587 Divi-

163 627 250 652 nam
293 627 357 665 per
403 614 575 652 meritum
617 614 686 651 filii
722 615 778 651 tui
806 613 931 651 dilecti
960 613 1145 664 supplices
1172 613 1425 664 imploramus,
1455 620 1495 652 ut
1522 627 1592 652 nos
1619 626 1696 651 non

162 679 200 716 in
238 679 348 716 nobis
383 678 475 729 ipsis
511 678 684 729 amplius,
712 678 776 729 qui
803 677 901 715 aliud
933 678 1026 715 nihil
1056 691 1166 728 quam
1194 679 1337 729 peccati
1365 684 1400 717 et
1427 679 1559 717 mortis
1586 692 1694 717 man·

164 743 259 794 cipia
294 757 434 788 sumuS‚
471 743 535 781 sed
572 744 611 781 in
644 748 708 781 tuo
747 743 880 781 dilecto
918 743 1007 789 filio,
1045 743 1109 793 qui
1137 749 1266 781 nostra
1294 749 1349 781 est
1376 744 1533 790 iustitia,
1560 743 1697 782 intueri

161 809 266 854 velis,
302 808 487 859 nobisque
525 808 642 846 dones
680 808 859 858 Spiritum
889 813 1061 845 sanctum
1089 813 1210 850 tuum,
1240 808 1303 858 qui
1332 821 1394 845 cor
1424 813 1606 855 nostrum,
1632 821 1696 859 per

162 888 200 912 se
227 874 368 924 alioqui
397 887 559 917 saxeum,
587 876 672 922 (69)
701 873 828 911 divino
870 873 993 910 afflatu
1023 886 1088 910 suo
1117 874 1343 911 mollefaciat
1372 886 1619 924 carneumque
1645 874 1696 911 ita

162 939 304 984 reddat,
342 943 382 976 ut
418 939 479 975 lex
515 943 578 976 tua
616 942 744 975 sancta
781 937 837 974 illi
865 937 1026 988 insculpi
1052 950 1096 974 ac
1132 951 1196 988 per
1233 950 1302 975 nos
1331 938 1489 983 demum,
1517 942 1695 988 tanquam

160 1003 254 1041 lucis
290 1003 365 1040 iam
399 1008 433 1040 et
468 1003 508 1040 in
547 1003 643 1041 vitae
680 1002 847 1040 novitate
885 1006 1072 1039 versantes
1109 1002 1221 1046 filios,
1258 1006 1335 1040 tota
1365 1002 1439 1040 vita
1476 1007 1603 1040 nostra
1631 1014 1695 1040 ex·

159 1067 270 1118 primi
306 1067 384 1104 eius
422 1067 603 1105 beneficio
640 1067 759 1118 possit
785 1066 828 1115 2),
858 1066 903 1103 ad
942 1071 1042 1103 tuam
1069 1066 1210 1117 filiique
1237 1067 1291 1104 tui
1320 1070 1356 1105 et
1385 1067 1545 1118 Spiritus
1574 1067 1694 1104 sancti

161 1132 217 1170 tui
243 1132 403 1182 gloriam
430 1137 465 1170 et
493 1131 683 1170 Ecclesiae
710 1136 796 1169 tuae
823 1130 1133 1170 aedificationem.
1164 1131 1326 1170 Amen.''

209 1262 332 1300 Finita
371 1262 440 1299 hac
467 1262 681 1312 precatione
706 1262 885 1313 proponit
923 1262 1096 1300 Minister
1132 1261 1203 1299 toti
1240 1261 1432 1299 Ecclesiae
1458 1265 1694 1312 peccatorum

155 1327 272 1378 ipsius
309 1327 476 1364 omnium
512 1327 767 1365 remissionem
800 1341 864 1365 seu
892 1327 1167 1365 absolutionem
1196 1331 1347 1377 propter
1375 1326 1566 1364 Christum
1592 1340 1694 1364 eam-

155 1407 224 1445 que
250 1393 400 1445 publice
428 1392 630 1430 denunciat
657 1392 704 1430 ad
732 1392 832 1430 hunc
860 1392 1032 1430 modum:

210 1541 227 1557 u
244 1523 437 1560 Habemus
466 1526 603 1560 certam
640 1527 674 1559 et
711 1521 963 1559 indubitatam
999 1520 1288 1572 promissionem
1326 1520 1370 1557 de
1409 1523 1559 1557 aeterna
1585 1523 1694 1570 atquc

158 1588 383 1626 immutabili
411 1588 603 1625 voluntate
619 1587 688 1624 Dei
708 1590 752 1635 3)‚
772 1586 872 1638 quod
893 1586 1069 1624 omnibus
1089 1599 1171 1623 vere
1190 1585 1482 1636 poenitentibus,
1501 1585 1567 1636 qui
1590 1585 1692 1622 vide-

154 1655 241 1692 lieet
285 1654 424 1703 agnitis
466 1652 628 1704 peccatis
674 1652 751 1689 suis
786 1665 871 1689 cum
907 1651 966 1688 sui
1008 1650 1243 1688 accusatione
1279 1650 1439 1699 gratiam
1474 1649 1592 1701 ipsius
1629 1662 1693 1700 per

157 1732 295 1757 nomen
342 1718 484 1757 Christi
529 1717 684 1755 Domini
726 1706 941 1767 implorant,
978 1715 1104 1753 omnia
1140 1715 1309 1766 ipsorum
1346 1718 1496 1765 peecata
1540 1726 1693 1765 prorsus

159 1783 347 1820 condonet
383 1786 493 1833 atque
529 1782 678 1819 aboleat
713 1793 833 1831 neque
876 1780 1026 1817 illorum
1071 1779 1243 1829 deinceps
1280 1791 1446 1829 unquam
1482 1778 1694 1816 meminisse

156 1847 234 1885 ullo
261 1846 373 1884 modo
403 1847 491 1884 velit
508 1849 554 1894 ⁴).
584 1847 642 1883 Ac
668 1858 818 1882 rursum
847 1845 1027 1882 habemus
1055 1843 1274 1881 horribilem
1303 1842 1433 1880 Divini
1459 1842 1588 1880 iudicii
1608 1855 1692 1880 sen-

156 1913 313 1952 tentiam
347 1911 534 1957 omnibus,
570 1910 635 1962 qui
670 1909 844 1948 tenebras
872 1910 990 1958 magis
1018 1921 1130 1959 quain
1158 1908 1278 1945 lucem
1316 1907 1477 1956 diligunt
1513 1906 1692 1944 delatam·

157 1990 228 2028 que
276 1977 316 2014 in
354 1976 504 2013 Christo
540 1974 698 2025 gratiam
735 1972 997 2024 aspernantur*
1018 1985 1061 2010 ac
1095 1973 1181 2021 (70)
1218 1975 1476 2018 contemnunt,
1516 1970 1692 2008 omnibus

159 2043 313 2093 inquam
339 2041 421 2079 istis
450 2040 691 2078 constitutam
722 2052 801 2077 esse
828 2043 1015 2077 aeternam
1046 2036 1411 2075 condemnationem.

212 2106 411 2157 Quotquot
444 2105 561 2155 igitur
585 2104 638 2142 ita
665 2103 785 2142 affecti
813 2103 914 2149 estis,
940 2106 982 2140 ut
1010 2115 1076 2139 vos
1104 2102 1208 2140 iuxta
1235 2101 1488 2152 precationem
1523 2114 1545 2138 a
1580 2100 1692 2138 nobis

161 2173 298 2211 factam
343 2175 579 2222 peecatorum
616 2173 822 2207 vestrorum
862 2168 1002 2219 pudeat
1028 2180 1072 2204 ac
1099 2166 1287 2218 poeniteat
1314 2166 1354 2203 in
1382 2169 1583 2216 conspectu
1611 2164 1692 2210 Dei,

161 2238 214 2275 sic
241 2242 283 2275 ut
311 2250 394 2274 cum
422 2235 535 2273 vestri
561 2233 799 2272 accusatione
826 2233 972 2271 veniam
999 2232 1150 2270 illorum
1177 2231 1275 2282 apud
1302 2231 1422 2269 Deum
1450 2235 1593 2281 patrem
1621 2243 1690 2268 no-

160 2305 279 2340 strum
316 2301 510 2338 coelestem
539 2299 722 2350 supplices
749 2297 969 2348 imploretis,
996 2310 1114 2347 neque
1142 2296 1318 2334 dubitetis
1346 2308 1388 2333 ea
1416 2295 1523 2332 vobis
1565 2294 1691 2331 omnia

160 2371 310 2416 propter
348 2364 535 2402 Christum
575 2364 779 2413 mortisque
815 2376 901 2400 suae
936 2361 1108 2399 meritum
1150 2360 1315 2410 gratuito
1352 2363 1387 2397 et
1414 2359 1520 2409 plene
1548 2358 1691 2395 condo-

162 2429 243 2466 nari
260 2430 305 2476 ⁵),
334 2428 578 2479 statuatisque
604 2428 643 2465 in
673 2427 804 2465 vestris
832 2427 980 2470 animis,
1007 2426 1099 2463 velle
1126 2438 1192 2463 vos
1215 2425 1394 2475 ‘deinceps
1421 2437 1485 2474 per
1512 2423 1582 2462 Dei
1601 2436 1690 2472 gra-

160 2492 253 2530 tiam
289 2492 512 2530 mortificare
555 2496 714 2530 veterem
743 2491 781 2528 in
811 2490 917 2532 vobis
946 2490 1135 2527 hominem
1164 2502 1247 2527 cum
1274 2488 1464 2526 affectibus
1492 2487 1622 2538 ipsius,
1649 2491 1691 2525 ut

161 2557 198 2593 in
229 2555 324 2592 vitae
353 2555 518 2592 novitate
544 2567 610 2605 pro
642 2558 762 2592 vestra
788 2554 1005 2591 infirmitate
1033 2552 1246 2594 ambuletis.
1263 2572 1314 2580 —
1340 2550 1516 2588 omnibus
1536 2549 1690 2601 inquam

162 2619 281 2665 vobis,
318 2619 384 2669 qui
420 2619 473 2655 ita
508 2618 628 2656 affecti
663 2618 764 2662 estis,
799 2617 984 2655 denuncio
1012 2617 1149 2654 fiducia
1176 2615 1468 2667 promissionum
1496 2615 1636 2652 Christi
1656 2616 1688 2662 6)

162 2687 284 2721 vestra
318 2687 468 2733 peccata
504 2682 628 2720 omnia
662 2682 703 2721 in
731 2682 834 2719 coelo
862 2695 882 2719 a
910 2681 989 2719 Deo
1016 2681 1125 2719 Patre
1160 2686 1289 2718 nostro
1323 2679 1445 2717 modis
1472 2679 1582 2730 plane
1608 2692 1689 2716 om·

203 2823 227 2861 ¹)
250 2821 364 2852 Ezech.
389 2821 438 2852 18,
523 2820 550 2859 ²)
574 2820 688 2853 Ezech.
712 2821 761 2852 ll.
786 2821 898 2851 Ierem.
922 2820 972 2851 31.
995 2820 1111 2861 Ephes.
1137 2823 1163 2851 5.
1244 2819 1270 2858 ³)
1294 2818 1406 2849 Ezech.
1432 2818 1480 2850 18.
1503 2818 1592 2850 Ioan.
1615 2818 1647 2850 3.

202 2877 229 2916 ⁴)
251 2877 333 2909 Mar.
358 2876 407 2908 16.
430 2876 518 2908 Ioan.
541 2876 571 2908 3.
614 2876 641 2916 ⁵)
664 2876 756 2909 Rom.
780 2876 808 2908 6.
831 2875 913 2916 Eph.
935 2876 965 2907 4.
989 2875 1106 2908 Collos.
1129 2875 1157 2908 3.
1201 2875 1228 2914 ⁶)
1251 2873 1369 2907 Matth.
1393 2873 1441 2911 16,
1460 2873 1509 2906 18.
1531 2873 1620 2906 Ioan.
1635 2873 1688 2908 20.
