<?xml version="1.0" encoding="UTF-8"?>
<!DOCTYPE html PUBLIC "-//W3C//DTD XHTML 1.0 Transitional//EN"
    "http://www.w3.org/TR/xhtml1/DTD/xhtml1-transitional.dtd">
<html xmlns="http://www.w3.org/1999/xhtml" xml:lang="en" lang="en">
 <head>
  <title>
</title>
<meta http-equiv="Content-Type" content="text/html;charset=utf-8" />
  <meta name='ocr-system' content='tesseract 3.04.00' />
  <meta name='ocr-capabilities' content='ocr_page ocr_carea ocr_par ocr_line ocrx_word'/>
</head>
<body>
  <div class='ocr_page' id='page_1' title='image "./operatameditaqua02lask_0782.png"; bbox 0 0 1830 3147; ppageno 0'>
   <div class='ocr_carea' id='block_1_1' title="bbox 206 111 1003 161">
    <p class='ocr_par' dir='ltr' id='par_1_1' title="bbox 206 111 1003 161">
     <span class='ocr_line' id='line_1_1' title="bbox 206 111 1003 161; baseline -0.001 -13"><span class='ocrx_word' id='word_1_1' title='bbox 206 112 267 161; x_wconf 88' lang='lat' dir='ltr'>[A.</span> <span class='ocrx_word' id='word_1_2' title='bbox 292 111 338 148; x_wconf 85' lang='grc'>1).</span> <span class='ocrx_word' id='word_1_3' title='bbox 365 111 475 158; x_wconf 84' lang='lat'>1558]</span> <span class='ocrx_word' id='word_1_4' title='bbox 936 111 1003 150; x_wconf 84' lang='lat'>756</span> 
     </span>
    </p>
   </div>
   <div class='ocr_carea' id='block_1_2' title="bbox 193 217 1738 1983">
    <p class='ocr_par' dir='ltr' id='par_1_2' title="bbox 201 217 1738 580">
     <span class='ocr_line' id='line_1_2' title="bbox 210 217 1734 268; baseline 0.003 -12"><span class='ocrx_word' id='word_1_5' title='bbox 210 220 321 261; x_wconf 77' lang='lat' dir='ltr'>,Non</span> <span class='ocrx_word' id='word_1_6' title='bbox 347 221 401 256; x_wconf 86' lang='lat' dir='ltr'>est</span> <span class='ocrx_word' id='word_1_7' title='bbox 426 219 492 263; x_wconf 89' lang='lat' dir='ltr'>hic,</span> <span class='ocrx_word' id='word_1_8' title='bbox 517 218 672 255; x_wconf 82' lang='lat' dir='ltr'>surrexit</span> <span class='ocrx_word' id='word_1_9' title='bbox 695 217 811 254; x_wconf 84' lang='lat' dir='ltr'>enim’&#39;</span> <span class='ocrx_word' id='word_1_10' title='bbox 837 218 968 267; x_wconf 88' lang='lat' dir='ltr'>(Math.</span> <span class='ocrx_word' id='word_1_11' title='bbox 987 221 1043 257; x_wconf 78' lang='lat'>28.</span> <span class='ocrx_word' id='word_1_12' title='bbox 1061 221 1111 268; x_wconf 83' lang='lat'>6).</span> <span class='ocrx_word' id='word_1_13' title='bbox 1139 245 1156 264; x_wconf 73' lang='lat' dir='ltr'><em>u</em></span> <span class='ocrx_word' id='word_1_14' title='bbox 1170 223 1352 261; x_wconf 79' lang='lat' dir='ltr'>Praecedit</span> <span class='ocrx_word' id='word_1_15' title='bbox 1369 235 1432 261; x_wconf 85' lang='lat' dir='ltr'>vos</span> <span class='ocrx_word' id='word_1_16' title='bbox 1449 224 1486 261; x_wconf 89' lang='lat' dir='ltr'>in</span> <span class='ocrx_word' id='word_1_17' title='bbox 1504 225 1734 263; x_wconf 85' lang='lat' dir='ltr'>Gallilaeum&#39;’</span> 
     </span>
     <span class='ocr_line' id='line_1_3' title="bbox 206 279 1737 336; baseline 0.005 -20"><span class='ocrx_word' id='word_1_18' title='bbox 206 280 359 329; x_wconf 84' lang='lat' dir='ltr'>(Ibidem</span> <span class='ocrx_word' id='word_1_19' title='bbox 385 282 435 328; x_wconf 86' lang='lat'><strong><em>¹7).</em></strong></span> <span class='ocrx_word' id='word_1_20' title='bbox 484 280 619 316; x_wconf 90' lang='lat' dir='ltr'>Obvius</span> <span class='ocrx_word' id='word_1_21' title='bbox 656 279 771 316; x_wconf 82' lang='lat' dir='ltr'>factus</span> <span class='ocrx_word' id='word_1_22' title='bbox 798 282 852 317; x_wconf 90' lang='lat' dir='ltr'>est</span> <span class='ocrx_word' id='word_1_23' title='bbox 877 281 1106 319; x_wconf 84' lang='lat' dir='ltr'>muliebribus</span> <span class='ocrx_word' id='word_1_24' title='bbox 1133 284 1203 331; x_wconf 92' lang='lat' dir='ltr'>(Ib.</span> <span class='ocrx_word' id='word_1_25' title='bbox 1230 286 1279 333; x_wconf 85' lang='lat'>9).</span> <span class='ocrx_word' id='word_1_26' title='bbox 1329 285 1440 322; x_wconf 88' lang='lat' dir='ltr'>Venit</span> <span class='ocrx_word' id='word_1_27' title='bbox 1465 286 1508 322; x_wconf 88' lang='lat' dir='ltr'>ad</span> <span class='ocrx_word' id='word_1_28' title='bbox 1533 286 1737 336; x_wconf 90' lang='lat' dir='ltr'>discipulos,</span> 
     </span>
     <span class='ocr_line' id='line_1_4' title="bbox 202 341 1738 396; baseline 0.005 -17"><span class='ocrx_word' id='word_1_29' title='bbox 202 343 368 379; x_wconf 84' lang='lat' dir='ltr'>constitit</span> <span class='ocrx_word' id='word_1_30' title='bbox 399 341 436 378; x_wconf 92' lang='lat' dir='ltr'>in</span> <span class='ocrx_word' id='word_1_31' title='bbox 461 341 575 378; x_wconf 87' lang='lat' dir='ltr'>medio</span> <span class='ocrx_word' id='word_1_32' title='bbox 603 343 719 389; x_wconf 85' lang='lat' dir='ltr'>(loan.</span> <span class='ocrx_word' id='word_1_33' title='bbox 748 342 804 379; x_wconf 79' lang='lat'>20.</span> <span class='ocrx_word' id='word_1_34' title='bbox 831 342 906 389; x_wconf 86' lang='lat'>19).</span> <span class='ocrx_word' id='word_1_35' title='bbox 956 343 1055 379; x_wconf 87' lang='lat' dir='ltr'>Haec</span> <span class='ocrx_word' id='word_1_36' title='bbox 1080 346 1197 382; x_wconf 89' lang='lat' dir='ltr'>omnia</span> <span class='ocrx_word' id='word_1_37' title='bbox 1221 346 1291 384; x_wconf 91' lang='lat' dir='ltr'>loci</span> <span class='ocrx_word' id='word_1_38' title='bbox 1316 347 1502 384; x_wconf 80' lang='lat' dir='ltr'>discrimen</span> <span class='ocrx_word' id='word_1_39' title='bbox 1528 348 1738 396; x_wconf 85' lang='lat' dir='ltr'>significant.</span> 
     </span>
     <span class='ocr_line' id='line_1_5' title="bbox 205 402 1738 456; baseline 0.005 -16"><span class='ocrx_word' id='word_1_40' title='bbox 205 403 255 440; x_wconf 82' lang='lat'>3⁰.</span> <span class='ocrx_word' id='word_1_41' title='bbox 295 402 398 449; x_wconf 81' lang='lat' dir='ltr'>Quod</span> <span class='ocrx_word' id='word_1_42' title='bbox 432 403 564 438; x_wconf 78' lang='lat' dir='ltr'>Christi</span> <span class='ocrx_word' id='word_1_43' title='bbox 600 403 746 439; x_wconf 85' lang='lat' dir='ltr'>Domini</span> <span class='ocrx_word' id='word_1_44' title='bbox 779 414 906 450; x_wconf 88' lang='lat' dir='ltr'>corpus</span> <span class='ocrx_word' id='word_1_45' title='bbox 939 403 988 440; x_wconf 89' lang='lat' dir='ltr'>sit</span> <span class='ocrx_word' id='word_1_46' title='bbox 1021 404 1193 454; x_wconf 84' lang='lat' dir='ltr'>palpabile</span> <span class='ocrx_word' id='word_1_47' title='bbox 1219 412 1254 444; x_wconf 91' lang='lat' dir='ltr'>et</span> <span class='ocrx_word' id='word_1_48' title='bbox 1280 409 1376 455; x_wconf 90' lang='lat' dir='ltr'>quod</span> <span class='ocrx_word' id='word_1_49' title='bbox 1401 409 1549 456; x_wconf 88' lang='lat' dir='ltr'>ipsemet</span> <span class='ocrx_word' id='word_1_50' title='bbox 1575 410 1738 447; x_wconf 87' lang='lat' dir='ltr'>Christ-us</span> 
     </span>
     <span class='ocr_line' id='line_1_6' title="bbox 203 464 1736 517; baseline 0.004 -16"><span class='ocrx_word' id='word_1_51' title='bbox 203 464 378 501; x_wconf 89' lang='lat' dir='ltr'>Dominus</span> <span class='ocrx_word' id='word_1_52' title='bbox 402 477 528 513; x_wconf 90' lang='lat' dir='ltr'>corpus</span> <span class='ocrx_word' id='word_1_53' title='bbox 554 477 657 501; x_wconf 90' lang='lat' dir='ltr'>suum</span> <span class='ocrx_word' id='word_1_54' title='bbox 682 464 750 500; x_wconf 90' lang='lat' dir='ltr'>iam</span> <span class='ocrx_word' id='word_1_55' title='bbox 776 464 1014 512; x_wconf 85' lang='lat' dir='ltr'>glorificatum</span> <span class='ocrx_word' id='word_1_56' title='bbox 1040 479 1110 503; x_wconf 91' lang='lat' dir='ltr'>non</span> <span class='ocrx_word' id='word_1_57' title='bbox 1136 470 1209 504; x_wconf 88' lang='lat' dir='ltr'>tam</span> <span class='ocrx_word' id='word_1_58' title='bbox 1235 469 1397 516; x_wconf 86' lang='lat' dir='ltr'>equidem</span> <span class='ocrx_word' id='word_1_59' title='bbox 1423 470 1503 506; x_wconf 89' lang='lat' dir='ltr'>fidei</span> <span class='ocrx_word' id='word_1_60' title='bbox 1529 483 1633 517; x_wconf 84' lang='lat' dir='ltr'>quam</span> <span class='ocrx_word' id='word_1_61' title='bbox 1660 483 1736 507; x_wconf 90' lang='lat' dir='ltr'>sen-</span> 
     </span>
     <span class='ocr_line' id='line_1_7' title="bbox 201 526 1736 580; baseline 0.004 -17"><span class='ocrx_word' id='word_1_62' title='bbox 201 539 302 563; x_wconf 89' lang='lat' dir='ltr'>suum</span> <span class='ocrx_word' id='word_1_63' title='bbox 328 527 448 574; x_wconf 88' lang='lat' dir='ltr'>potius</span> <span class='ocrx_word' id='word_1_64' title='bbox 474 526 677 563; x_wconf 88' lang='lat' dir='ltr'>testimonio</span> <span class='ocrx_word' id='word_1_65' title='bbox 703 539 723 562; x_wconf 88' lang='lat' dir='ltr'>a</span> <span class='ocrx_word' id='word_1_66' title='bbox 747 526 876 573; x_wconf 90' lang='lat' dir='ltr'>spiritu</span> <span class='ocrx_word' id='word_1_67' title='bbox 900 526 1051 564; x_wconf 82' lang='lat' dir='ltr'>discerni</span> <span class='ocrx_word' id='word_1_68' title='bbox 1076 528 1163 566; x_wconf 87' lang='lat' dir='ltr'>velit</span> <span class='ocrx_word' id='word_1_69' title='bbox 1190 530 1292 577; x_wconf 85' lang='lat' dir='ltr'>(Luc.</span> <span class='ocrx_word' id='word_1_70' title='bbox 1312 531 1367 567; x_wconf 80' lang='lat'>24.</span> <span class='ocrx_word' id='word_1_71' title='bbox 1386 532 1443 568; x_wconf 83' lang='lat'>39.</span> <span class='ocrx_word' id='word_1_72' title='bbox 1469 532 1569 568; x_wconf 89' lang='lat' dir='ltr'>Ioan.</span> <span class='ocrx_word' id='word_1_73' title='bbox 1588 533 1736 580; x_wconf 74' lang='lat'>2017).</span> 
     </span>
    </p>

    <p class='ocr_par' dir='ltr' id='par_1_3' title="bbox 196 588 1734 1067">
     <span class='ocr_line' id='line_1_8' title="bbox 248 588 1733 639; baseline 0.001 -14"><span class='ocrx_word' id='word_1_74' title='bbox 248 589 384 625; x_wconf 85' lang='lat' dir='ltr'>Adimit</span> <span class='ocrx_word' id='word_1_75' title='bbox 409 589 491 626; x_wconf 84' lang='lat' dir='ltr'>haec</span> <span class='ocrx_word' id='word_1_76' title='bbox 516 588 676 625; x_wconf 86' lang='lat' dir='ltr'>doctrina</span> <span class='ocrx_word' id='word_1_77' title='bbox 701 588 843 625; x_wconf 88' lang='lat' dir='ltr'>Christo</span> <span class='ocrx_word' id='word_1_78' title='bbox 870 588 1022 626; x_wconf 89' lang='lat' dir='ltr'>Domino</span> <span class='ocrx_word' id='word_1_79' title='bbox 1056 589 1202 636; x_wconf 82' lang='lat' dir='ltr'>gloriam</span> <span class='ocrx_word' id='word_1_80' title='bbox 1236 603 1334 627; x_wconf 91' lang='lat' dir='ltr'>suam</span> <span class='ocrx_word' id='word_1_81' title='bbox 1370 594 1406 627; x_wconf 91' lang='lat' dir='ltr'>et</span> <span class='ocrx_word' id='word_1_82' title='bbox 1437 592 1603 639; x_wconf 88' lang='lat' dir='ltr'>spiritum</span> <span class='ocrx_word' id='word_1_83' title='bbox 1630 604 1733 628; x_wconf 89' lang='lat' dir='ltr'>suum</span> 
     </span>
     <span class='ocr_line' id='line_1_9' title="bbox 200 649 1734 702; baseline 0.002 -16"><span class='ocrx_word' id='word_1_84' title='bbox 200 650 237 686; x_wconf 90' lang='grc'>111</span> <span class='ocrx_word' id='word_1_85' title='bbox 262 662 327 687; x_wconf 89' lang='grc'>5110</span> <span class='ocrx_word' id='word_1_86' title='bbox 352 662 506 698; x_wconf 88' lang='lat' dir='ltr'>corpore.</span> <span class='ocrx_word' id='word_1_87' title='bbox 532 649 715 696; x_wconf 75' lang='lat' dir='ltr'>Quatenus</span> <span class='ocrx_word' id='word_1_88' title='bbox 742 649 834 686; x_wconf 87' lang='lat' dir='ltr'>enim</span> <span class='ocrx_word' id='word_1_89' title='bbox 860 662 988 698; x_wconf 86' lang='lat' dir='ltr'>corpus</span> <span class='ocrx_word' id='word_1_90' title='bbox 1015 650 1148 687; x_wconf 78' lang='lat' dir='ltr'>Christi</span> <span class='ocrx_word' id='word_1_91' title='bbox 1172 651 1285 699; x_wconf 86' lang='lat' dir='ltr'>reipsa</span> <span class='ocrx_word' id='word_1_92' title='bbox 1296 653 1347 702; x_wconf 45' lang='lat' dir='ltr'>„et</span> <span class='ocrx_word' id='word_1_93' title='bbox 1370 652 1598 700; x_wconf 74' lang='lat' dir='ltr'>corporaliter</span> <span class='ocrx_word' id='word_1_94' title='bbox 1623 655 1678 689; x_wconf 88' lang='lat' dir='ltr'>est</span> <span class='ocrx_word' id='word_1_95' title='bbox 1698 653 1734 688; x_wconf 90' lang='lat' dir='ltr'>in</span> 
     </span>
     <span class='ocr_line' id='line_1_10' title="bbox 199 711 1731 761; baseline 0.002 -13"><span class='ocrx_word' id='word_1_96' title='bbox 199 724 288 760; x_wconf 86' lang='lat' dir='ltr'>pane</span> <span class='ocrx_word' id='word_1_97' title='bbox 312 724 439 749; x_wconf 87' lang='lat' dir='ltr'>coenae</span> <span class='ocrx_word' id='word_1_98' title='bbox 463 711 695 759; x_wconf 87' lang='lat' dir='ltr'>manibusque</span> <span class='ocrx_word' id='word_1_99' title='bbox 719 711 872 748; x_wconf 88' lang='lat' dir='ltr'>ministri</span> <span class='ocrx_word' id='word_1_100' title='bbox 896 713 1091 760; x_wconf 81' lang='lat' dir='ltr'>porrigitur</span> <span class='ocrx_word' id='word_1_101' title='bbox 1116 713 1153 749; x_wconf 91' lang='lat' dir='ltr'>in</span> <span class='ocrx_word' id='word_1_102' title='bbox 1179 713 1254 761; x_wconf 89' lang='lat' dir='ltr'>ipso</span> <span class='ocrx_word' id='word_1_103' title='bbox 1279 726 1368 761; x_wconf 90' lang='lat' dir='ltr'>pane</span> <span class='ocrx_word' id='word_1_104' title='bbox 1394 717 1430 750; x_wconf 87' lang='lat' dir='ltr'>et</span> <span class='ocrx_word' id='word_1_105' title='bbox 1453 714 1496 750; x_wconf 87' lang='lat' dir='ltr'>ab</span> <span class='ocrx_word' id='word_1_106' title='bbox 1515 715 1677 751; x_wconf 90' lang='lat' dir='ltr'>omnibus</span> <span class='ocrx_word' id='word_1_107' title='bbox 1696 715 1731 750; x_wconf 89' lang='lat' dir='ltr'>in</span> 
     </span>
     <span class='ocr_line' id='line_1_11' title="bbox 199 772 1730 823; baseline 0.002 -15"><span class='ocrx_word' id='word_1_108' title='bbox 199 785 289 820; x_wconf 88' lang='lat' dir='ltr'>pane</span> <span class='ocrx_word' id='word_1_109' title='bbox 313 773 400 821; x_wconf 89' lang='lat' dir='ltr'>ipso,</span> <span class='ocrx_word' id='word_1_110' title='bbox 427 785 487 809; x_wconf 90' lang='lat' dir='ltr'>ore</span> <span class='ocrx_word' id='word_1_111' title='bbox 510 772 652 817; x_wconf 85' lang='lat' dir='ltr'>carnali,</span> <span class='ocrx_word' id='word_1_112' title='bbox 678 772 903 820; x_wconf 81' lang='lat' dir='ltr'>percipiatur,</span> <span class='ocrx_word' id='word_1_113' title='bbox 931 775 1076 810; x_wconf 87' lang='lat' dir='ltr'>eatenus</span> <span class='ocrx_word' id='word_1_114' title='bbox 1103 786 1245 821; x_wconf 89' lang='lat' dir='ltr'>quoque</span> <span class='ocrx_word' id='word_1_115' title='bbox 1271 777 1307 811; x_wconf 91' lang='lat' dir='ltr'>et</span> <span class='ocrx_word' id='word_1_116' title='bbox 1332 774 1477 822; x_wconf 84' lang='lat' dir='ltr'>gloriam</span> <span class='ocrx_word' id='word_1_117' title='bbox 1504 778 1540 812; x_wconf 86' lang='lat' dir='ltr'>et</span> <span class='ocrx_word' id='word_1_118' title='bbox 1566 775 1730 823; x_wconf 86' lang='lat' dir='ltr'>spiritum</span> 
     </span>
     <span class='ocr_line' id='line_1_12' title="bbox 200 834 1733 884; baseline 0.002 -14"><span class='ocrx_word' id='word_1_119' title='bbox 200 834 333 871; x_wconf 87' lang='lat' dir='ltr'>Christi</span> <span class='ocrx_word' id='word_1_120' title='bbox 365 847 446 871; x_wconf 86' lang='lat' dir='ltr'>cum</span> <span class='ocrx_word' id='word_1_121' title='bbox 478 835 552 871; x_wconf 92' lang='lat' dir='ltr'>eius</span> <span class='ocrx_word' id='word_1_122' title='bbox 578 847 726 883; x_wconf 87' lang='lat' dir='ltr'>corpore</span> <span class='ocrx_word' id='word_1_123' title='bbox 750 835 787 871; x_wconf 89' lang='lat' dir='ltr'>in</span> <span class='ocrx_word' id='word_1_124' title='bbox 812 835 889 882; x_wconf 90' lang='lat' dir='ltr'>ipso</span> <span class='ocrx_word' id='word_1_125' title='bbox 915 848 1004 883; x_wconf 87' lang='lat' dir='ltr'>pane</span> <span class='ocrx_word' id='word_1_126' title='bbox 1030 837 1066 872; x_wconf 91' lang='lat' dir='ltr'>et</span> <span class='ocrx_word' id='word_1_127' title='bbox 1090 835 1225 884; x_wconf 81' lang='lat' dir='ltr'>porrigi</span> <span class='ocrx_word' id='word_1_128' title='bbox 1248 836 1401 873; x_wconf 91' lang='lat' dir='ltr'>ministri</span> <span class='ocrx_word' id='word_1_129' title='bbox 1426 837 1587 873; x_wconf 88' lang='lat' dir='ltr'>manibus</span> <span class='ocrx_word' id='word_1_130' title='bbox 1612 840 1649 874; x_wconf 89' lang='lat' dir='ltr'>et</span> <span class='ocrx_word' id='word_1_131' title='bbox 1674 850 1733 874; x_wconf 90' lang='lat' dir='ltr'>ore</span> 
     </span>
     <span class='ocr_line' id='line_1_13' title="bbox 197 894 1734 945; baseline 0.002 -14"><span class='ocrx_word' id='word_1_132' title='bbox 197 894 327 931; x_wconf 88' lang='lat' dir='ltr'>carnali</span> <span class='ocrx_word' id='word_1_133' title='bbox 352 895 482 943; x_wconf 80' lang='lat' dir='ltr'>percipi</span> <span class='ocrx_word' id='word_1_134' title='bbox 506 895 548 931; x_wconf 89' lang='lat' dir='ltr'>ab</span> <span class='ocrx_word' id='word_1_135' title='bbox 574 895 737 932; x_wconf 91' lang='lat' dir='ltr'>omnibus</span> <span class='ocrx_word' id='word_1_136' title='bbox 763 898 915 944; x_wconf 84' lang='lat' dir='ltr'>oportet,</span> <span class='ocrx_word' id='word_1_137' title='bbox 942 896 1147 944; x_wconf 85' lang='lat' dir='ltr'>quicunque</span> <span class='ocrx_word' id='word_1_138' title='bbox 1171 897 1253 945; x_wconf 85' lang='lat' dir='ltr'>pani</span> <span class='ocrx_word' id='word_1_139' title='bbox 1277 897 1500 945; x_wconf 85' lang='lat' dir='ltr'>participant,</span> <span class='ocrx_word' id='word_1_140' title='bbox 1525 901 1588 934; x_wconf 90' lang='lat' dir='ltr'>aut</span> <span class='ocrx_word' id='word_1_141' title='bbox 1612 898 1734 934; x_wconf 86' lang='lat' dir='ltr'>adimi-</span> 
     </span>
     <span class='ocr_line' id='line_1_14' title="bbox 196 956 1733 1007; baseline 0.003 -15"><span class='ocrx_word' id='word_1_142' title='bbox 196 958 257 992; x_wconf 89' lang='lat' dir='ltr'>tur</span> <span class='ocrx_word' id='word_1_143' title='bbox 289 956 519 1004; x_wconf 86' lang='lat' dir='ltr'>proculdubio</span> <span class='ocrx_word' id='word_1_144' title='bbox 552 962 588 993; x_wconf 83' lang='lat' dir='ltr'>et</span> <span class='ocrx_word' id='word_1_145' title='bbox 621 956 733 1004; x_wconf 88' lang='lat' dir='ltr'>gloria</span> <span class='ocrx_word' id='word_1_146' title='bbox 765 959 801 994; x_wconf 93' lang='lat' dir='ltr'>et</span> <span class='ocrx_word' id='word_1_147' title='bbox 836 957 982 1005; x_wconf 87' lang='lat' dir='ltr'>spiritus</span> <span class='ocrx_word' id='word_1_148' title='bbox 1019 958 1162 995; x_wconf 89' lang='lat' dir='ltr'>Christo</span> <span class='ocrx_word' id='word_1_149' title='bbox 1198 959 1350 995; x_wconf 91' lang='lat' dir='ltr'>Domino</span> <span class='ocrx_word' id='word_1_150' title='bbox 1376 959 1414 995; x_wconf 89' lang='lat' dir='ltr'>in</span> <span class='ocrx_word' id='word_1_151' title='bbox 1439 971 1585 1007; x_wconf 89' lang='lat' dir='ltr'>corpore</span> <span class='ocrx_word' id='word_1_152' title='bbox 1610 959 1733 1007; x_wconf 82' lang='lat' dir='ltr'>ipsiuS,</span> 
     </span>
     <span class='ocr_line' id='line_1_15' title="bbox 196 1018 1414 1067; baseline 0.002 -13"><span class='ocrx_word' id='word_1_153' title='bbox 196 1018 278 1054; x_wconf 89' lang='lat' dir='ltr'>dum</span> <span class='ocrx_word' id='word_1_154' title='bbox 304 1018 378 1055; x_wconf 89' lang='lat' dir='ltr'>sine</span> <span class='ocrx_word' id='word_1_155' title='bbox 402 1018 473 1055; x_wconf 89' lang='lat' dir='ltr'>illis</span> <span class='ocrx_word' id='word_1_156' title='bbox 496 1018 631 1066; x_wconf 85' lang='lat' dir='ltr'>porrigi</span> <span class='ocrx_word' id='word_1_157' title='bbox 653 1020 762 1066; x_wconf 87' lang='lat' dir='ltr'>atque</span> <span class='ocrx_word' id='word_1_158' title='bbox 787 1019 918 1067; x_wconf 89' lang='lat' dir='ltr'>percipi</span> <span class='ocrx_word' id='word_1_159' title='bbox 943 1032 1070 1067; x_wconf 88' lang='lat' dir='ltr'>corpus</span> <span class='ocrx_word' id='word_1_160' title='bbox 1097 1020 1230 1056; x_wconf 81' lang='lat' dir='ltr'>Christi</span> <span class='ocrx_word' id='word_1_161' title='bbox 1255 1020 1414 1058; x_wconf 84' lang='lat' dir='ltr'>docetur.</span> 
     </span>
    </p>

    <p class='ocr_par' dir='ltr' id='par_1_4' title="bbox 195 1079 1735 1430">
     <span class='ocr_line' id='line_1_16' title="bbox 241 1079 1735 1129; baseline 0.003 -15"><span class='ocrx_word' id='word_1_162' title='bbox 241 1079 387 1126; x_wconf 81' lang='lat' dir='ltr'>Pugnat</span> <span class='ocrx_word' id='word_1_163' title='bbox 411 1079 493 1116; x_wconf 88' lang='lat' dir='ltr'>haec</span> <span class='ocrx_word' id='word_1_164' title='bbox 518 1079 679 1116; x_wconf 86' lang='lat' dir='ltr'>doctrina</span> <span class='ocrx_word' id='word_1_165' title='bbox 703 1092 783 1116; x_wconf 88' lang='lat' dir='ltr'>cum</span> <span class='ocrx_word' id='word_1_166' title='bbox 808 1081 937 1116; x_wconf 85' lang='lat' dir='ltr'>natura</span> <span class='ocrx_word' id='word_1_167' title='bbox 956 1083 992 1117; x_wconf 90' lang='lat' dir='ltr'>et</span> <span class='ocrx_word' id='word_1_168' title='bbox 1009 1081 1226 1129; x_wconf 86' lang='lat' dir='ltr'>proprietate</span> <span class='ocrx_word' id='word_1_169' title='bbox 1245 1082 1402 1118; x_wconf 88' lang='lat' dir='ltr'>omnium</span> <span class='ocrx_word' id='word_1_170' title='bbox 1422 1083 1735 1118; x_wconf 86' lang='lat' dir='ltr'>sacramentorum.</span> 
     </span>
     <span class='ocr_line' id='line_1_17' title="bbox 195 1141 1730 1191; baseline 0.003 -15"><span class='ocrx_word' id='word_1_171' title='bbox 195 1141 321 1177; x_wconf 86' lang='lat' dir='ltr'>Omnia</span> <span class='ocrx_word' id='word_1_172' title='bbox 347 1141 438 1178; x_wconf 88' lang='lat' dir='ltr'>enim</span> <span class='ocrx_word' id='word_1_173' title='bbox 464 1146 679 1178; x_wconf 87' lang='lat' dir='ltr'>sacramenta</span> <span class='ocrx_word' id='word_1_174' title='bbox 704 1141 740 1177; x_wconf 86' lang='lat' dir='ltr'>in</span> <span class='ocrx_word' id='word_1_175' title='bbox 766 1142 934 1190; x_wconf 78' lang='lat' dir='ltr'>mysterio</span> <span class='ocrx_word' id='word_1_176' title='bbox 960 1155 1071 1179; x_wconf 85' lang='lat' dir='ltr'>unum</span> <span class='ocrx_word' id='word_1_177' title='bbox 1099 1145 1184 1179; x_wconf 87' lang='lat' dir='ltr'>sunt</span> <span class='ocrx_word' id='word_1_178' title='bbox 1210 1146 1478 1188; x_wconf 87' lang='lat' dir='ltr'>sacramentum,</span> <span class='ocrx_word' id='word_1_179' title='bbox 1505 1143 1730 1191; x_wconf 89' lang='lat' dir='ltr'>quemadmo-</span> 
     </span>
     <span class='ocr_line' id='line_1_18' title="bbox 195 1203 1730 1253; baseline 0.002 -15"><span class='ocrx_word' id='word_1_180' title='bbox 195 1203 279 1239; x_wconf 90' lang='lat' dir='ltr'>dum</span> <span class='ocrx_word' id='word_1_181' title='bbox 314 1203 449 1239; x_wconf 85' lang='lat' dir='ltr'>Paulus</span> <span class='ocrx_word' id='word_1_182' title='bbox 481 1205 597 1251; x_wconf 85' lang='lat' dir='ltr'>patres</span> <span class='ocrx_word' id='word_1_183' title='bbox 631 1205 772 1240; x_wconf 87' lang='lat' dir='ltr'>nostros</span> <span class='ocrx_word' id='word_1_184' title='bbox 798 1204 835 1240; x_wconf 90' lang='lat' dir='ltr'>in</span> <span class='ocrx_word' id='word_1_185' title='bbox 860 1204 992 1241; x_wconf 84' lang='lat' dir='ltr'>Israele</span> <span class='ocrx_word' id='word_1_186' title='bbox 1019 1204 1225 1253; x_wconf 83' lang='lat' dir='ltr'>baptizatos,</span> <span class='ocrx_word' id='word_1_187' title='bbox 1251 1218 1315 1242; x_wconf 87' lang='lat' dir='ltr'>nos</span> <span class='ocrx_word' id='word_1_188' title='bbox 1341 1218 1480 1242; x_wconf 88' lang='lat' dir='ltr'>rursum</span> <span class='ocrx_word' id='word_1_189' title='bbox 1507 1206 1730 1242; x_wconf 83' lang='lat' dir='ltr'>circumcisos</span> 
     </span>
     <span class='ocr_line' id='line_1_19' title="bbox 195 1263 1724 1314; baseline 0.001 -14"><span class='ocrx_word' id='word_1_190' title='bbox 195 1266 232 1300; x_wconf 84' lang='lat' dir='ltr'>et</span> <span class='ocrx_word' id='word_1_191' title='bbox 266 1263 346 1300; x_wconf 87' lang='lat' dir='ltr'>illos</span> <span class='ocrx_word' id='word_1_192' title='bbox 377 1263 519 1300; x_wconf 88' lang='lat' dir='ltr'>eandem</span> <span class='ocrx_word' id='word_1_193' title='bbox 545 1263 727 1300; x_wconf 87' lang='lat' dir='ltr'>nobiscum</span> <span class='ocrx_word' id='word_1_194' title='bbox 753 1277 865 1301; x_wconf 86' lang='lat' dir='ltr'>escam</span> <span class='ocrx_word' id='word_1_195' title='bbox 891 1265 1040 1302; x_wconf 86' lang='lat' dir='ltr'>edidisse</span> <span class='ocrx_word' id='word_1_196' title='bbox 1065 1265 1279 1312; x_wconf 85' lang='lat' dir='ltr'>eandemque</span> <span class='ocrx_word' id='word_1_197' title='bbox 1305 1267 1484 1314; x_wconf 88' lang='lat' dir='ltr'>potionem</span> <span class='ocrx_word' id='word_1_198' title='bbox 1511 1266 1640 1303; x_wconf 86' lang='lat' dir='ltr'>bibisse</span> <span class='ocrx_word' id='word_1_199' title='bbox 1666 1266 1724 1302; x_wconf 92' lang='lat' dir='ltr'>do-</span> 
     </span>
     <span class='ocr_line' id='line_1_20' title="bbox 197 1325 1730 1375; baseline 0.002 -15"><span class='ocrx_word' id='word_1_200' title='bbox 197 1326 265 1368; x_wconf 88' lang='lat' dir='ltr'>cet,</span> <span class='ocrx_word' id='word_1_201' title='bbox 301 1337 424 1372; x_wconf 85' lang='lat' dir='ltr'>nempe</span> <span class='ocrx_word' id='word_1_202' title='bbox 458 1325 651 1369; x_wconf 87' lang='lat' dir='ltr'>Christum,</span> <span class='ocrx_word' id='word_1_203' title='bbox 688 1325 824 1361; x_wconf 87' lang='lat' dir='ltr'>etiamsi</span> <span class='ocrx_word' id='word_1_204' title='bbox 855 1338 970 1373; x_wconf 89' lang='lat' dir='ltr'>neque</span> <span class='ocrx_word' id='word_1_205' title='bbox 995 1338 1123 1374; x_wconf 86' lang='lat' dir='ltr'>corpus</span> <span class='ocrx_word' id='word_1_206' title='bbox 1148 1339 1263 1374; x_wconf 85' lang='lat' dir='ltr'>neque</span> <span class='ocrx_word' id='word_1_207' title='bbox 1289 1327 1431 1374; x_wconf 86' lang='lat' dir='ltr'>sanguis</span> <span class='ocrx_word' id='word_1_208' title='bbox 1458 1327 1589 1364; x_wconf 83' lang='lat' dir='ltr'>Christi</span> <span class='ocrx_word' id='word_1_209' title='bbox 1616 1327 1730 1375; x_wconf 85' lang='lat' dir='ltr'>reipsa</span> 
     </span>
     <span class='ocr_line' id='line_1_21' title="bbox 196 1385 864 1430; baseline 0.001 -9"><span class='ocrx_word' id='word_1_210' title='bbox 196 1385 308 1423; x_wconf 82' lang='lat' dir='ltr'>adhuc</span> <span class='ocrx_word' id='word_1_211' title='bbox 334 1388 411 1422; x_wconf 88' lang='lat' dir='ltr'>tum</span> <span class='ocrx_word' id='word_1_212' title='bbox 437 1388 628 1430; x_wconf 80' lang='lat' dir='ltr'>exstarent,</span> <span class='ocrx_word' id='word_1_213' title='bbox 655 1386 675 1421; x_wconf 82' lang='lat'>1</span> <span class='ocrx_word' id='word_1_214' title='bbox 703 1387 783 1423; x_wconf 90' lang='lat' dir='ltr'>Cor.</span> <span class='ocrx_word' id='word_1_215' title='bbox 809 1386 864 1422; x_wconf 90' lang='grc'>10.</span> 
     </span>
    </p>

    <p class='ocr_par' dir='ltr' id='par_1_5' title="bbox 193 1447 1730 1983">
     <span class='ocr_line' id='line_1_22' title="bbox 245 1447 1729 1495; baseline 0.002 -13"><span class='ocrx_word' id='word_1_216' title='bbox 245 1447 315 1483; x_wconf 87' lang='grc' dir='ltr'>Η10</span> <span class='ocrx_word' id='word_1_217' title='bbox 340 1459 422 1483; x_wconf 84' lang='lat' dir='ltr'>sane</span> <span class='ocrx_word' id='word_1_218' title='bbox 447 1449 509 1483; x_wconf 85' lang='lat' dir='ltr'>aut</span> <span class='ocrx_word' id='word_1_219' title='bbox 535 1449 590 1483; x_wconf 86' lang='lat' dir='ltr'>est</span> <span class='ocrx_word' id='word_1_220' title='bbox 607 1447 804 1495; x_wconf 86' lang='lat' dir='ltr'>negandum</span> <span class='ocrx_word' id='word_1_221' title='bbox 822 1450 939 1495; x_wconf 89' lang='lat' dir='ltr'>patres</span> <span class='ocrx_word' id='word_1_222' title='bbox 957 1450 1097 1484; x_wconf 89' lang='lat' dir='ltr'>nostros</span> <span class='ocrx_word' id='word_1_223' title='bbox 1116 1448 1269 1484; x_wconf 83' lang='lat' dir='ltr'>eamdem</span> <span class='ocrx_word' id='word_1_224' title='bbox 1288 1448 1469 1485; x_wconf 86' lang='lat' dir='ltr'>nobiscum</span> <span class='ocrx_word' id='word_1_225' title='bbox 1487 1461 1599 1485; x_wconf 84' lang='lat' dir='ltr'>escam</span> <span class='ocrx_word' id='word_1_226' title='bbox 1618 1449 1729 1486; x_wconf 86' lang='lat' dir='ltr'>edisse</span> 
     </span>
     <span class='ocr_line' id='line_1_23' title="bbox 195 1508 1730 1557; baseline 0.001 -12"><span class='ocrx_word' id='word_1_227' title='bbox 195 1511 232 1545; x_wconf 87' lang='lat' dir='ltr'>et</span> <span class='ocrx_word' id='word_1_228' title='bbox 258 1509 349 1546; x_wconf 88' lang='lat' dir='ltr'>idem</span> <span class='ocrx_word' id='word_1_229' title='bbox 373 1508 501 1545; x_wconf 85' lang='lat' dir='ltr'>bibisse</span> <span class='ocrx_word' id='word_1_230' title='bbox 525 1508 691 1557; x_wconf 89' lang='lat' dir='ltr'>poculum</span> <span class='ocrx_word' id='word_1_231' title='bbox 717 1508 910 1556; x_wconf 87' lang='lat' dir='ltr'>spirituale,</span> <span class='ocrx_word' id='word_1_232' title='bbox 937 1522 1059 1557; x_wconf 85' lang='lat' dir='ltr'>nempe</span> <span class='ocrx_word' id='word_1_233' title='bbox 1085 1509 1265 1545; x_wconf 87' lang='lat' dir='ltr'>Christum</span> <span class='ocrx_word' id='word_1_234' title='bbox 1291 1510 1327 1544; x_wconf 92' lang='grc'>111</span> <span class='ocrx_word' id='word_1_235' title='bbox 1342 1521 1487 1557; x_wconf 88' lang='lat' dir='ltr'>corpore</span> <span class='ocrx_word' id='word_1_236' title='bbox 1506 1511 1542 1545; x_wconf 86' lang='lat' dir='ltr'>et</span> <span class='ocrx_word' id='word_1_237' title='bbox 1561 1510 1730 1556; x_wconf 88' lang='lat' dir='ltr'>sanguine</span> 
     </span>
     <span class='ocr_line' id='line_1_24' title="bbox 194 1569 1728 1615; baseline 0 -8"><span class='ocrx_word' id='word_1_238' title='bbox 194 1584 271 1615; x_wconf 90' lang='lat' dir='ltr'>suo,</span> <span class='ocrx_word' id='word_1_239' title='bbox 297 1572 332 1607; x_wconf 87' lang='lat' dir='ltr'>et</span> <span class='ocrx_word' id='word_1_240' title='bbox 357 1572 435 1606; x_wconf 88' lang='lat' dir='ltr'>tum</span> <span class='ocrx_word' id='word_1_241' title='bbox 460 1570 659 1606; x_wconf 86' lang='lat' dir='ltr'>universam</span> <span class='ocrx_word' id='word_1_242' title='bbox 685 1570 826 1606; x_wconf 88' lang='lat' dir='ltr'>Israelis</span> <span class='ocrx_word' id='word_1_243' title='bbox 853 1569 1031 1606; x_wconf 85' lang='lat' dir='ltr'>ecclesiam</span> <span class='ocrx_word' id='word_1_244' title='bbox 1057 1583 1076 1606; x_wconf 86' lang='lat' dir='ltr'>a</span> <span class='ocrx_word' id='word_1_245' title='bbox 1102 1570 1177 1606; x_wconf 86' lang='lat' dir='ltr'>vita</span> <span class='ocrx_word' id='word_1_246' title='bbox 1202 1572 1343 1606; x_wconf 83' lang='lat' dir='ltr'>aeterna</span> <span class='ocrx_word' id='word_1_247' title='bbox 1362 1570 1600 1614; x_wconf 81' lang='lat' dir='ltr'>excludemus,</span> <span class='ocrx_word' id='word_1_248' title='bbox 1625 1571 1728 1607; x_wconf 80' lang='lat' dir='ltr'>iuxta</span> 
     </span>
     <span class='ocr_line' id='line_1_25' title="bbox 193 1629 1726 1677; baseline 0 -10"><span class='ocrx_word' id='word_1_249' title='bbox 193 1631 292 1668; x_wconf 88' lang='lat' dir='ltr'>illud.</span> <span class='ocrx_word' id='word_1_250' title='bbox 346 1653 362 1672; x_wconf 75' lang='lat' dir='ltr'>u</span> <span class='ocrx_word' id='word_1_251' title='bbox 372 1630 452 1668; x_wconf 87' lang='lat' dir='ltr'>Nisi</span> <span class='ocrx_word' id='word_1_252' title='bbox 485 1631 564 1677; x_wconf 91' lang='lat' dir='ltr'>quis</span> <span class='ocrx_word' id='word_1_253' title='bbox 596 1630 707 1667; x_wconf 88' lang='lat' dir='ltr'>ederit</span> <span class='ocrx_word' id='word_1_254' title='bbox 732 1642 870 1666; x_wconf 87' lang='lat' dir='ltr'>carnem</span> <span class='ocrx_word' id='word_1_255' title='bbox 895 1631 987 1668; x_wconf 72' lang='lat' dir='ltr'>cet-&#39;³</span> <span class='ocrx_word' id='word_1_256' title='bbox 1036 1630 1135 1666; x_wconf 85' lang='lat' dir='ltr'>Ioan.</span> <span class='ocrx_word' id='word_1_257' title='bbox 1163 1631 1195 1666; x_wconf 88' lang='lat'>6.</span> <span class='ocrx_word' id='word_1_258' title='bbox 1221 1633 1284 1666; x_wconf 87' lang='lat' dir='ltr'>aut</span> <span class='ocrx_word' id='word_1_259' title='bbox 1310 1629 1489 1666; x_wconf 89' lang='lat' dir='ltr'>fatendum</span> <span class='ocrx_word' id='word_1_260' title='bbox 1516 1632 1571 1666; x_wconf 89' lang='lat' dir='ltr'>est</span> <span class='ocrx_word' id='word_1_261' title='bbox 1596 1630 1633 1665; x_wconf 90' lang='lat' dir='ltr'>in</span> <span class='ocrx_word' id='word_1_262' title='bbox 1658 1643 1726 1667; x_wconf 84' lang='lat' dir='ltr'>usu</span> 
     </span>
     <span class='ocr_line' id='line_1_26' title="bbox 195 1691 1725 1738; baseline -0.001 -9"><span class='ocrx_word' id='word_1_263' title='bbox 195 1694 491 1729; x_wconf 82' lang='lat' dir='ltr'>sacramentorum</span> <span class='ocrx_word' id='word_1_264' title='bbox 529 1691 584 1728; x_wconf 91' lang='lat' dir='ltr'>edi</span> <span class='ocrx_word' id='word_1_265' title='bbox 617 1704 755 1728; x_wconf 84' lang='lat' dir='ltr'>carnem</span> <span class='ocrx_word' id='word_1_266' title='bbox 787 1691 921 1727; x_wconf 84' lang='lat' dir='ltr'>Christi</span> <span class='ocrx_word' id='word_1_267' title='bbox 952 1694 988 1728; x_wconf 88' lang='lat' dir='ltr'>et</span> <span class='ocrx_word' id='word_1_268' title='bbox 1012 1691 1084 1727; x_wconf 91' lang='lat' dir='ltr'>bibi</span> <span class='ocrx_word' id='word_1_269' title='bbox 1109 1691 1185 1728; x_wconf 86' lang='lat' dir='ltr'>eius</span> <span class='ocrx_word' id='word_1_270' title='bbox 1210 1691 1413 1738; x_wconf 86' lang='lat' dir='ltr'>sanguinem</span> <span class='ocrx_word' id='word_1_271' title='bbox 1440 1703 1522 1728; x_wconf 85' lang='lat' dir='ltr'>vere</span> <span class='ocrx_word' id='word_1_272' title='bbox 1546 1691 1589 1727; x_wconf 87' lang='lat' dir='ltr'>ad</span> <span class='ocrx_word' id='word_1_273' title='bbox 1616 1692 1725 1728; x_wconf 84' lang='lat' dir='ltr'>vitam</span> 
     </span>
     <span class='ocr_line' id='line_1_27' title="bbox 194 1751 1728 1799; baseline -0.002 -9"><span class='ocrx_word' id='word_1_274' title='bbox 194 1756 382 1797; x_wconf 87' lang='lat' dir='ltr'>aeternam,</span> <span class='ocrx_word' id='word_1_275' title='bbox 401 1752 538 1789; x_wconf 88' lang='lat' dir='ltr'>etiamsi</span> <span class='ocrx_word' id='word_1_276' title='bbox 553 1754 848 1789; x_wconf 84' lang='lat' dir='ltr'>sacramentorum</span> <span class='ocrx_word' id='word_1_277' title='bbox 862 1751 1044 1788; x_wconf 89' lang='lat' dir='ltr'>elementis</span> <span class='ocrx_word' id='word_1_278' title='bbox 1057 1764 1126 1788; x_wconf 90' lang='lat' dir='ltr'>non</span> <span class='ocrx_word' id='word_1_279' title='bbox 1140 1751 1224 1788; x_wconf 87' lang='lat' dir='ltr'>insit</span> <span class='ocrx_word' id='word_1_280' title='bbox 1238 1751 1351 1799; x_wconf 89' lang='lat' dir='ltr'>reipsa</span> <span class='ocrx_word' id='word_1_281' title='bbox 1363 1751 1559 1786; x_wconf 78' lang='lat' dir='ltr'>substantia</span> <span class='ocrx_word' id='word_1_282' title='bbox 1571 1751 1728 1798; x_wconf 88' lang='lat' dir='ltr'>corporis</span> 
     </span>
     <span class='ocr_line' id='line_1_28' title="bbox 196 1813 1722 1861; baseline 0.001 -11"><span class='ocrx_word' id='word_1_283' title='bbox 196 1814 329 1851; x_wconf 88' lang='lat' dir='ltr'>Christi</span> <span class='ocrx_word' id='word_1_284' title='bbox 361 1813 542 1857; x_wconf 82' lang='lat' dir='ltr'>naturalis,</span> <span class='ocrx_word' id='word_1_285' title='bbox 576 1813 669 1850; x_wconf 90' lang='lat' dir='ltr'>unde</span> <span class='ocrx_word' id='word_1_286' title='bbox 695 1817 730 1850; x_wconf 89' lang='lat' dir='ltr'>et</span> <span class='ocrx_word' id='word_1_287' title='bbox 755 1813 890 1849; x_wconf 84' lang='lat' dir='ltr'>Paulus</span> <span class='ocrx_word' id='word_1_288' title='bbox 915 1813 1030 1858; x_wconf 81' lang='lat' dir='ltr'>docet,</span> <span class='ocrx_word' id='word_1_289' title='bbox 1056 1813 1179 1849; x_wconf 85' lang='lat' dir='ltr'>Unum</span> <span class='ocrx_word' id='word_1_290' title='bbox 1205 1826 1279 1849; x_wconf 88' lang='lat' dir='ltr'>esse</span> <span class='ocrx_word' id='word_1_291' title='bbox 1303 1813 1418 1849; x_wconf 89' lang='lat' dir='ltr'>Deum</span> <span class='ocrx_word' id='word_1_292' title='bbox 1444 1813 1632 1861; x_wconf 86' lang='lat' dir='ltr'>utriusque</span> <span class='ocrx_word' id='word_1_293' title='bbox 1659 1814 1722 1851; x_wconf 84' lang='lat' dir='ltr'>Ec-</span> 
     </span>
     <span class='ocr_line' id='line_1_29' title="bbox 194 1875 1725 1923; baseline 0 -11"><span class='ocrx_word' id='word_1_294' title='bbox 194 1876 330 1920; x_wconf 89' lang='lat' dir='ltr'>clesiae,</span> <span class='ocrx_word' id='word_1_295' title='bbox 357 1887 461 1912; x_wconf 89' lang='lat' dir='ltr'>unam</span> <span class='ocrx_word' id='word_1_296' title='bbox 487 1875 588 1912; x_wconf 89' lang='lat' dir='ltr'>fidem</span> <span class='ocrx_word' id='word_1_297' title='bbox 614 1877 650 1911; x_wconf 86' lang='lat' dir='ltr'>et</span> <span class='ocrx_word' id='word_1_298' title='bbox 675 1888 786 1911; x_wconf 90' lang='lat' dir='ltr'>unum</span> <span class='ocrx_word' id='word_1_299' title='bbox 812 1875 1023 1923; x_wconf 86' lang='lat' dir='ltr'>baptismum</span> <span class='ocrx_word' id='word_1_300' title='bbox 1052 1875 1154 1923; x_wconf 88' lang='lat' dir='ltr'>(Eph.</span> <span class='ocrx_word' id='word_1_301' title='bbox 1181 1877 1213 1910; x_wconf 80' lang='lat'>4.</span> <span class='ocrx_word' id='word_1_302' title='bbox 1241 1875 1278 1922; x_wconf 89' lang='lat'>6)</span> <span class='ocrx_word' id='word_1_303' title='bbox 1304 1876 1340 1911; x_wconf 86' lang='lat' dir='ltr'>et</span> <span class='ocrx_word' id='word_1_304' title='bbox 1365 1875 1589 1922; x_wconf 82' lang='lat' dir='ltr'>Augustinus</span> <span class='ocrx_word' id='word_1_305' title='bbox 1609 1876 1725 1912; x_wconf 89' lang='lat' dir='ltr'>omnia</span> 
     </span>
     <span class='ocr_line' id='line_1_30' title="bbox 194 1934 1542 1983; baseline -0.001 -10"><span class='ocrx_word' id='word_1_306' title='bbox 194 1938 410 1973; x_wconf 82' lang='lat' dir='ltr'>sacramenta</span> <span class='ocrx_word' id='word_1_307' title='bbox 433 1948 544 1972; x_wconf 92' lang='lat' dir='ltr'>unum</span> <span class='ocrx_word' id='word_1_308' title='bbox 570 1937 825 1972; x_wconf 86' lang='lat' dir='ltr'>sacramentum</span> <span class='ocrx_word' id='word_1_309' title='bbox 850 1935 887 1971; x_wconf 91' lang='lat' dir='ltr'>in</span> <span class='ocrx_word' id='word_1_310' title='bbox 911 1935 1047 1972; x_wconf 87' lang='lat' dir='ltr'>virtute</span> <span class='ocrx_word' id='word_1_311' title='bbox 1073 1937 1109 1972; x_wconf 92' lang='lat' dir='ltr'>et</span> <span class='ocrx_word' id='word_1_312' title='bbox 1134 1934 1302 1983; x_wconf 80' lang='lat' dir='ltr'>mysterio</span> <span class='ocrx_word' id='word_1_313' title='bbox 1328 1947 1403 1971; x_wconf 87' lang='lat' dir='ltr'>esse</span> <span class='ocrx_word' id='word_1_314' title='bbox 1429 1934 1542 1972; x_wconf 88' lang='lat' dir='ltr'>docet.</span> 
     </span>
    </p>
   </div>
   <div class='ocr_carea' id='block_1_3' title="bbox 191 2045 1726 2955">
    <p class='ocr_par' dir='ltr' id='par_1_6' title="bbox 191 2045 1726 2280">
     <span class='ocr_line' id='line_1_31' title="bbox 239 2045 1725 2093; baseline -0.003 -8"><span class='ocrx_word' id='word_1_315' title='bbox 239 2048 337 2085; x_wconf 87' lang='lat' dir='ltr'>Haec</span> <span class='ocrx_word' id='word_1_316' title='bbox 367 2059 460 2084; x_wconf 85' lang='lat' dir='ltr'>nunc</span> <span class='ocrx_word' id='word_1_317' title='bbox 486 2048 537 2083; x_wconf 88' lang='lat' dir='ltr'>ita</span> <span class='ocrx_word' id='word_1_318' title='bbox 561 2046 748 2083; x_wconf 80' lang='lat' dir='ltr'>adduxisse</span> <span class='ocrx_word' id='word_1_319' title='bbox 773 2045 859 2082; x_wconf 88' lang='lat' dir='ltr'>satis</span> <span class='ocrx_word' id='word_1_320' title='bbox 885 2058 959 2082; x_wconf 86' lang='lat' dir='ltr'>esse</span> <span class='ocrx_word' id='word_1_321' title='bbox 983 2048 1160 2093; x_wconf 86' lang='lat' dir='ltr'>putamus.</span> <span class='ocrx_word' id='word_1_322' title='bbox 1186 2046 1279 2082; x_wconf 88' lang='lat' dir='ltr'>Nam</span> <span class='ocrx_word' id='word_1_323' title='bbox 1300 2059 1406 2089; x_wconf 91' lang='lat' dir='ltr'>nunc,</span> <span class='ocrx_word' id='word_1_324' title='bbox 1431 2049 1474 2082; x_wconf 92' lang='lat' dir='ltr'>ut</span> <span class='ocrx_word' id='word_1_325' title='bbox 1500 2049 1554 2083; x_wconf 88' lang='lat' dir='ltr'>est</span> <span class='ocrx_word' id='word_1_326' title='bbox 1579 2045 1725 2089; x_wconf 88' lang='lat' dir='ltr'>dictum,</span> 
     </span>
     <span class='ocr_line' id='line_1_32' title="bbox 191 2106 1726 2157; baseline -0.001 -11"><span class='ocrx_word' id='word_1_327' title='bbox 191 2109 466 2157; x_wconf 88' lang='lat' dir='ltr'>disputationem</span> <span class='ocrx_word' id='word_1_328' title='bbox 500 2121 572 2145; x_wconf 89' lang='lat' dir='ltr'>non</span> <span class='ocrx_word' id='word_1_329' title='bbox 597 2107 804 2155; x_wconf 81' lang='lat' dir='ltr'>expetimus,</span> <span class='ocrx_word' id='word_1_330' title='bbox 831 2106 891 2143; x_wconf 91' lang='lat' dir='ltr'>sed</span> <span class='ocrx_word' id='word_1_331' title='bbox 916 2108 1058 2143; x_wconf 87' lang='lat' dir='ltr'>tantum</span> <span class='ocrx_word' id='word_1_332' title='bbox 1084 2107 1204 2155; x_wconf 83' lang='lat' dir='ltr'>paucis</span> <span class='ocrx_word' id='word_1_333' title='bbox 1221 2107 1413 2145; x_wconf 86' lang='lat' dir='ltr'>indicamus</span> <span class='ocrx_word' id='word_1_334' title='bbox 1431 2120 1565 2152; x_wconf 86' lang='lat' dir='ltr'>causas,</span> <span class='ocrx_word' id='word_1_335' title='bbox 1583 2110 1726 2156; x_wconf 89' lang='lat' dir='ltr'>propter</span> 
     </span>
     <span class='ocr_line' id='line_1_33' title="bbox 192 2168 1724 2218; baseline -0.001 -11"><span class='ocrx_word' id='word_1_336' title='bbox 192 2183 280 2218; x_wconf 88' lang='lat' dir='ltr'>quas</span> <span class='ocrx_word' id='word_1_337' title='bbox 313 2171 492 2207; x_wconf 88' lang='lat' dir='ltr'>doctrinae</span> <span class='ocrx_word' id='word_1_338' title='bbox 524 2169 605 2206; x_wconf 88' lang='lat' dir='ltr'>huic</span> <span class='ocrx_word' id='word_1_339' title='bbox 636 2169 801 2206; x_wconf 87' lang='lat' dir='ltr'>assentiri</span> <span class='ocrx_word' id='word_1_340' title='bbox 836 2181 907 2205; x_wconf 90' lang='lat' dir='ltr'>non</span> <span class='ocrx_word' id='word_1_341' title='bbox 940 2168 1115 2216; x_wconf 84' lang='lat' dir='ltr'>possimus</span> <span class='ocrx_word' id='word_1_342' title='bbox 1147 2168 1189 2205; x_wconf 91' lang='lat' dir='ltr'>de</span> <span class='ocrx_word' id='word_1_343' title='bbox 1220 2169 1392 2216; x_wconf 84' lang='lat' dir='ltr'>corporali</span> <span class='ocrx_word' id='word_1_344' title='bbox 1425 2169 1462 2205; x_wconf 88' lang='lat' dir='ltr'>in</span> <span class='ocrx_word' id='word_1_345' title='bbox 1486 2181 1572 2216; x_wconf 87' lang='lat' dir='ltr'>pane</span> <span class='ocrx_word' id='word_1_346' title='bbox 1597 2181 1724 2206; x_wconf 89' lang='lat' dir='ltr'>coenae</span> 
     </span>
     <span class='ocr_line' id='line_1_34' title="bbox 191 2230 1364 2280; baseline -0.003 -11"><span class='ocrx_word' id='word_1_347' title='bbox 191 2232 346 2280; x_wconf 87' lang='lat' dir='ltr'>corporis</span> <span class='ocrx_word' id='word_1_348' title='bbox 371 2231 504 2268; x_wconf 90' lang='lat' dir='ltr'>Christi</span> <span class='ocrx_word' id='word_1_349' title='bbox 528 2231 726 2279; x_wconf 87' lang='lat' dir='ltr'>praesentia</span> <span class='ocrx_word' id='word_1_350' title='bbox 751 2230 1001 2267; x_wconf 84' lang='lat' dir='ltr'>distributione</span> <span class='ocrx_word' id='word_1_351' title='bbox 1026 2232 1063 2267; x_wconf 90' lang='lat' dir='ltr'>et</span> <span class='ocrx_word' id='word_1_352' title='bbox 1087 2230 1364 2267; x_wconf 86' lang='lat' dir='ltr'>manducatione.</span> 
     </span>
    </p>

    <p class='ocr_par' dir='ltr' id='par_1_7' title="bbox 191 2291 1726 2955">
     <span class='ocr_line' id='line_1_35' title="bbox 242 2291 1722 2340; baseline -0.001 -11"><span class='ocrx_word' id='word_1_353' title='bbox 242 2294 449 2330; x_wconf 84' lang='lat' dir='ltr'>Omittimus</span> <span class='ocrx_word' id='word_1_354' title='bbox 483 2295 601 2329; x_wconf 88' lang='lat' dir='ltr'>autem</span> <span class='ocrx_word' id='word_1_355' title='bbox 632 2292 689 2329; x_wconf 88' lang='lat' dir='ltr'>hie</span> <span class='ocrx_word' id='word_1_356' title='bbox 721 2291 942 2329; x_wconf 89' lang='lat' dir='ltr'>incommoda</span> <span class='ocrx_word' id='word_1_357' title='bbox 976 2294 1016 2328; x_wconf 87' lang='lat' dir='ltr'>et</span> <span class='ocrx_word' id='word_1_358' title='bbox 1047 2291 1197 2328; x_wconf 87' lang='lat' dir='ltr'>absurda</span> <span class='ocrx_word' id='word_1_359' title='bbox 1230 2291 1344 2328; x_wconf 88' lang='lat' dir='ltr'>multa</span> <span class='ocrx_word' id='word_1_360' title='bbox 1369 2294 1494 2329; x_wconf 88' lang='lat' dir='ltr'>contra</span> <span class='ocrx_word' id='word_1_361' title='bbox 1519 2292 1722 2340; x_wconf 87' lang='lat' dir='ltr'>scripturas,</span> 
     </span>
     <span class='ocr_line' id='line_1_36' title="bbox 198 2353 1726 2403; baseline -0.001 -11"><span class='ocrx_word' id='word_1_362' title='bbox 198 2368 288 2403; x_wconf 87' lang='lat' dir='ltr'>quae</span> <span class='ocrx_word' id='word_1_363' title='bbox 313 2368 392 2392; x_wconf 90' lang='lat' dir='ltr'>eum</span> <span class='ocrx_word' id='word_1_364' title='bbox 416 2355 480 2392; x_wconf 85' lang='lat' dir='ltr'>hac</span> <span class='ocrx_word' id='word_1_365' title='bbox 505 2354 667 2392; x_wconf 87' lang='lat' dir='ltr'>doctrina</span> <span class='ocrx_word' id='word_1_366' title='bbox 693 2353 820 2391; x_wconf 89' lang='lat' dir='ltr'>evitari</span> <span class='ocrx_word' id='word_1_367' title='bbox 845 2353 945 2390; x_wconf 86' lang='lat' dir='ltr'>nullo</span> <span class='ocrx_word' id='word_1_368' title='bbox 971 2353 1075 2390; x_wconf 89' lang='lat' dir='ltr'>modo</span> <span class='ocrx_word' id='word_1_369' title='bbox 1101 2357 1262 2401; x_wconf 91' lang='lat' dir='ltr'>possunt.</span> <span class='ocrx_word' id='word_1_370' title='bbox 1289 2354 1445 2390; x_wconf 88' lang='lat' dir='ltr'>Gustum</span> <span class='ocrx_word' id='word_1_371' title='bbox 1471 2366 1621 2401; x_wconf 90' lang='lat' dir='ltr'>namque</span> <span class='ocrx_word' id='word_1_372' title='bbox 1638 2353 1726 2390; x_wconf 92' lang='lat' dir='ltr'>dun-</span> 
     </span>
     <span class='ocr_line' id='line_1_37' title="bbox 194 2416 1721 2464; baseline -0.002 -9"><span class='ocrx_word' id='word_1_373' title='bbox 194 2420 294 2455; x_wconf 79' lang='lat' dir='ltr'>taxat</span> <span class='ocrx_word' id='word_1_374' title='bbox 324 2418 446 2455; x_wconf 87' lang='lat' dir='ltr'>damus</span> <span class='ocrx_word' id='word_1_375' title='bbox 481 2417 660 2454; x_wconf 89' lang='lat' dir='ltr'>doctrinae</span> <span class='ocrx_word' id='word_1_376' title='bbox 695 2419 836 2453; x_wconf 86' lang='lat' dir='ltr'>nostrae</span> <span class='ocrx_word' id='word_1_377' title='bbox 860 2429 976 2464; x_wconf 90' lang='lat' dir='ltr'>neque</span> <span class='ocrx_word' id='word_1_378' title='bbox 1001 2419 1055 2453; x_wconf 87' lang='lat' dir='ltr'>est</span> <span class='ocrx_word' id='word_1_379' title='bbox 1080 2416 1217 2453; x_wconf 89' lang='lat' dir='ltr'>animus</span> <span class='ocrx_word' id='word_1_380' title='bbox 1242 2429 1315 2453; x_wconf 90' lang='lat' dir='ltr'>rem</span> <span class='ocrx_word' id='word_1_381' title='bbox 1342 2417 1518 2464; x_wconf 76' lang='lat' dir='ltr'>exagitare</span> <span class='ocrx_word' id='word_1_382' title='bbox 1543 2429 1621 2453; x_wconf 90' lang='lat' dir='ltr'>cum</span> <span class='ocrx_word' id='word_1_383' title='bbox 1642 2416 1721 2464; x_wconf 91' lang='lat' dir='ltr'>plus</span> 
     </span>
     <span class='ocr_line' id='line_1_38' title="bbox 194 2477 1720 2522; baseline -0.003 -6"><span class='ocrx_word' id='word_1_384' title='bbox 194 2481 279 2516; x_wconf 88' lang='lat' dir='ltr'>satis</span> <span class='ocrx_word' id='word_1_385' title='bbox 305 2480 458 2516; x_wconf 77' lang='lat' dir='ltr'>rixarum</span> <span class='ocrx_word' id='word_1_386' title='bbox 484 2479 676 2516; x_wconf 85' lang='lat' dir='ltr'>videamus.</span> <span class='ocrx_word' id='word_1_387' title='bbox 714 2478 793 2514; x_wconf 86' lang='lat' dir='ltr'>Etsi</span> <span class='ocrx_word' id='word_1_388' title='bbox 819 2490 903 2514; x_wconf 85' lang='lat' dir='ltr'>vero</span> <span class='ocrx_word' id='word_1_389' title='bbox 929 2478 1008 2514; x_wconf 88' lang='lat' dir='ltr'>istis</span> <span class='ocrx_word' id='word_1_390' title='bbox 1033 2490 1105 2514; x_wconf 91' lang='lat' dir='ltr'>non</span> <span class='ocrx_word' id='word_1_391' title='bbox 1129 2478 1373 2522; x_wconf 86' lang='lat' dir='ltr'>assentiamur,</span> <span class='ocrx_word' id='word_1_392' title='bbox 1398 2481 1441 2514; x_wconf 89' lang='lat' dir='ltr'>ut</span> <span class='ocrx_word' id='word_1_393' title='bbox 1464 2477 1532 2514; x_wconf 88' lang='lat' dir='ltr'>iam</span> <span class='ocrx_word' id='word_1_394' title='bbox 1558 2477 1720 2520; x_wconf 85' lang='lat' dir='ltr'>diximus,</span> 
     </span>
     <span class='ocr_line' id='line_1_39' title="bbox 196 2539 1716 2585; baseline -0.001 -9"><span class='ocrx_word' id='word_1_395' title='bbox 196 2540 423 2577; x_wconf 86' lang='lat' dir='ltr'>nihilominus</span> <span class='ocrx_word' id='word_1_396' title='bbox 448 2542 565 2576; x_wconf 86' lang='lat' dir='ltr'>tamen</span> <span class='ocrx_word' id='word_1_397' title='bbox 591 2552 672 2576; x_wconf 90' lang='lat' dir='ltr'>cum</span> <span class='ocrx_word' id='word_1_398' title='bbox 697 2539 811 2575; x_wconf 87' lang='lat' dir='ltr'>Paulo</span> <span class='ocrx_word' id='word_1_399' title='bbox 827 2541 999 2585; x_wconf 75' lang='lat' dir='ltr'>fatemur:</span> <span class='ocrx_word' id='word_1_400' title='bbox 1026 2540 1177 2576; x_wconf 89' lang='lat' dir='ltr'>Coenam</span> <span class='ocrx_word' id='word_1_401' title='bbox 1205 2539 1347 2576; x_wconf 88' lang='lat' dir='ltr'>Domini</span> <span class='ocrx_word' id='word_1_402' title='bbox 1374 2552 1448 2576; x_wconf 83' lang='lat' dir='ltr'>esse</span> <span class='ocrx_word' id='word_1_403' title='bbox 1473 2552 1590 2576; x_wconf 88' lang='lat' dir='ltr'>veram</span> <span class='ocrx_word' id='word_1_404' title='bbox 1607 2551 1647 2575; x_wconf 88' lang='lat' dir='ltr'>ac</span> <span class='ocrx_word' id='word_1_405' title='bbox 1664 2550 1716 2574; x_wconf 87' lang='lat' dir='ltr'>sa-</span> 
     </span>
     <span class='ocr_line' id='line_1_40' title="bbox 193 2598 1718 2648; baseline -0.001 -11"><span class='ocrx_word' id='word_1_406' title='bbox 193 2600 343 2637; x_wconf 89' lang='lat' dir='ltr'>lutarem</span> <span class='ocrx_word' id='word_1_407' title='bbox 368 2601 647 2637; x_wconf 86' lang='lat' dir='ltr'>communionem</span> <span class='ocrx_word' id='word_1_408' title='bbox 673 2600 828 2647; x_wconf 90' lang='lat' dir='ltr'>corporis</span> <span class='ocrx_word' id='word_1_409' title='bbox 855 2602 891 2636; x_wconf 87' lang='lat' dir='ltr'>et</span> <span class='ocrx_word' id='word_1_410' title='bbox 916 2600 1096 2646; x_wconf 75' lang='lat' dir='ltr'>sanguinis</span> <span class='ocrx_word' id='word_1_411' title='bbox 1123 2599 1256 2636; x_wconf 86' lang='lat' dir='ltr'>Christi</span> <span class='ocrx_word' id='word_1_412' title='bbox 1281 2600 1376 2647; x_wconf 92' lang='lat' dir='ltr'>quod</span> <span class='ocrx_word' id='word_1_413' title='bbox 1401 2612 1464 2648; x_wconf 90' lang='lat' dir='ltr'>pro</span> <span class='ocrx_word' id='word_1_414' title='bbox 1490 2599 1589 2636; x_wconf 89' lang='lat' dir='ltr'>nobis</span> <span class='ocrx_word' id='word_1_415' title='bbox 1609 2598 1718 2635; x_wconf 84' lang='lat' dir='ltr'>tradi·</span> 
     </span>
     <span class='ocr_line' id='line_1_41' title="bbox 194 2660 1718 2711; baseline -0.002 -12"><span class='ocrx_word' id='word_1_416' title='bbox 194 2666 271 2699; x_wconf 85' lang='lat' dir='ltr'>tum</span> <span class='ocrx_word' id='word_1_417' title='bbox 297 2665 350 2700; x_wconf 90' lang='lat' dir='ltr'>est</span> <span class='ocrx_word' id='word_1_418' title='bbox 375 2666 411 2700; x_wconf 90' lang='lat' dir='ltr'>et</span> <span class='ocrx_word' id='word_1_419' title='bbox 437 2663 500 2711; x_wconf 91' lang='lat' dir='ltr'>qui</span> <span class='ocrx_word' id='word_1_420' title='bbox 523 2675 586 2711; x_wconf 89' lang='lat' dir='ltr'>pro</span> <span class='ocrx_word' id='word_1_421' title='bbox 613 2661 712 2698; x_wconf 91' lang='lat' dir='ltr'>nobis</span> <span class='ocrx_word' id='word_1_422' title='bbox 739 2661 838 2697; x_wconf 83' lang='lat' dir='ltr'>fusus</span> <span class='ocrx_word' id='word_1_423' title='bbox 864 2663 929 2704; x_wconf 88' lang='lat' dir='ltr'>est,</span> <span class='ocrx_word' id='word_1_424' title='bbox 955 2661 991 2697; x_wconf 92' lang='lat' dir='ltr'>in</span> <span class='ocrx_word' id='word_1_425' title='bbox 1008 2660 1246 2697; x_wconf 85' lang='lat' dir='ltr'>remissionem</span> <span class='ocrx_word' id='word_1_426' title='bbox 1264 2663 1486 2708; x_wconf 84' lang='lat' dir='ltr'>peccatorum</span> <span class='ocrx_word' id='word_1_427' title='bbox 1504 2661 1718 2696; x_wconf 82' lang='lat' dir='ltr'>nost-rorum.</span> 
     </span>
     <span class='ocr_line' id='line_1_42' title="bbox 191 2720 1716 2769; baseline -0.003 -9"><span class='ocrx_word' id='word_1_428' title='bbox 191 2725 346 2760; x_wconf 77' lang='lat' dir='ltr'>Fatemur</span> <span class='ocrx_word' id='word_1_429' title='bbox 378 2724 463 2761; x_wconf 85' lang='lat' dir='ltr'>item</span> <span class='ocrx_word' id='word_1_430' title='bbox 501 2726 538 2761; x_wconf 86' lang='lat' dir='ltr'>et</span> <span class='ocrx_word' id='word_1_431' title='bbox 568 2723 746 2761; x_wconf 89' lang='lat' dir='ltr'>credimus</span> <span class='ocrx_word' id='word_1_432' title='bbox 779 2723 931 2760; x_wconf 87' lang='lat' dir='ltr'>Coenam</span> <span class='ocrx_word' id='word_1_433' title='bbox 969 2722 1112 2759; x_wconf 89' lang='lat' dir='ltr'>Domini</span> <span class='ocrx_word' id='word_1_434' title='bbox 1137 2722 1428 2769; x_wconf 88' lang='lat' dir='ltr'>quemadmodum</span> <span class='ocrx_word' id='word_1_435' title='bbox 1454 2724 1490 2757; x_wconf 91' lang='lat' dir='ltr'>et</span> <span class='ocrx_word' id='word_1_436' title='bbox 1513 2720 1580 2756; x_wconf 91' lang='lat' dir='ltr'>alia</span> <span class='ocrx_word' id='word_1_437' title='bbox 1605 2732 1716 2757; x_wconf 86' lang='lat' dir='ltr'>sacra-</span> 
     </span>
     <span class='ocr_line' id='line_1_43' title="bbox 193 2780 1718 2832; baseline -0.003 -12"><span class='ocrx_word' id='word_1_438' title='bbox 193 2787 312 2821; x_wconf 86' lang='lat' dir='ltr'>menta</span> <span class='ocrx_word' id='word_1_439' title='bbox 338 2797 411 2820; x_wconf 87' lang='lat' dir='ltr'>esse</span> <span class='ocrx_word' id='word_1_440' title='bbox 437 2785 575 2832; x_wconf 85' lang='lat' dir='ltr'>signum</span> <span class='ocrx_word' id='word_1_441' title='bbox 601 2789 786 2821; x_wconf 78' lang='lat' dir='ltr'>externum</span> <span class='ocrx_word' id='word_1_442' title='bbox 813 2785 848 2820; x_wconf 90' lang='lat' dir='ltr'>et</span> <span class='ocrx_word' id='word_1_443' title='bbox 873 2783 1052 2819; x_wconf 88' lang='lat' dir='ltr'>internum</span> <span class='ocrx_word' id='word_1_444' title='bbox 1069 2783 1106 2819; x_wconf 90' lang='lat' dir='ltr'>in</span> <span class='ocrx_word' id='word_1_445' title='bbox 1124 2783 1286 2820; x_wconf 84' lang='lat' dir='ltr'>cordibus</span> <span class='ocrx_word' id='word_1_446' title='bbox 1304 2783 1435 2820; x_wconf 86' lang='lat' dir='ltr'>nostris</span> <span class='ocrx_word' id='word_1_447' title='bbox 1452 2780 1718 2827; x_wconf 88' lang='lat' dir='ltr'>obsignaculum</span> 
     </span>
     <span class='ocr_line' id='line_1_44' title="bbox 197 2841 1718 2893; baseline -0.003 -11"><span class='ocrx_word' id='word_1_448' title='bbox 197 2847 337 2893; x_wconf 90' lang='lat' dir='ltr'>(autore</span> <span class='ocrx_word' id='word_1_449' title='bbox 369 2846 495 2893; x_wconf 90' lang='lat' dir='ltr'>spiritu</span> <span class='ocrx_word' id='word_1_450' title='bbox 530 2847 666 2893; x_wconf 89' lang='lat' dir='ltr'>sancto)</span> <span class='ocrx_word' id='word_1_451' title='bbox 700 2845 859 2882; x_wconf 88' lang='lat' dir='ltr'>iustitiae</span> <span class='ocrx_word' id='word_1_452' title='bbox 892 2848 1034 2881; x_wconf 86' lang='lat' dir='ltr'>nostrae</span> <span class='ocrx_word' id='word_1_453' title='bbox 1064 2844 1156 2889; x_wconf 89' lang='lat' dir='ltr'>fidei,</span> <span class='ocrx_word' id='word_1_454' title='bbox 1191 2842 1482 2891; x_wconf 88' lang='lat' dir='ltr'>quemadmodum</span> <span class='ocrx_word' id='word_1_455' title='bbox 1517 2841 1650 2878; x_wconf 91' lang='lat' dir='ltr'>Paulus</span> <span class='ocrx_word' id='word_1_456' title='bbox 1676 2842 1718 2878; x_wconf 90' lang='lat' dir='ltr'>de</span> 
     </span>
     <span class='ocr_line' id='line_1_45' title="bbox 195 2903 1718 2955; baseline -0.003 -11"><span class='ocrx_word' id='word_1_457' title='bbox 195 2907 458 2946; x_wconf 82' lang='lat' dir='ltr'>circumcisione</span> <span class='ocrx_word' id='word_1_458' title='bbox 484 2907 598 2952; x_wconf 87' lang='lat' dir='ltr'>docet,</span> <span class='ocrx_word' id='word_1_459' title='bbox 624 2908 656 2944; x_wconf 85' lang='lat' dir='ltr'>h.</span> <span class='ocrx_word' id='word_1_460' title='bbox 683 2919 712 2944; x_wconf 88' lang='lat' dir='ltr'>e.</span> <span class='ocrx_word' id='word_1_461' title='bbox 738 2906 988 2955; x_wconf 86' lang='lat' dir='ltr'>acceptationis</span> <span class='ocrx_word' id='word_1_462' title='bbox 1014 2908 1156 2943; x_wconf 86' lang='lat' dir='ltr'>nostrae</span> <span class='ocrx_word' id='word_1_463' title='bbox 1181 2905 1335 2943; x_wconf 86' lang='lat' dir='ltr'>omnium</span> <span class='ocrx_word' id='word_1_464' title='bbox 1360 2905 1396 2941; x_wconf 91' lang='lat' dir='ltr'>in</span> <span class='ocrx_word' id='word_1_465' title='bbox 1422 2903 1569 2951; x_wconf 85' lang='lat' dir='ltr'>gratiam</span> <span class='ocrx_word' id='word_1_466' title='bbox 1596 2903 1664 2940; x_wconf 87' lang='lat' dir='ltr'>Dei</span> <span class='ocrx_word' id='word_1_467' title='bbox 1682 2903 1718 2939; x_wconf 89' lang='lat' dir='ltr'>in</span> 
     </span>
    </p>
   </div>
  </div>
 </body>
</html>
