1830 3147
1530 141 1602 187 '127

66 272 147 297 cum
185 259 378 297 alacritate
405 257 522 296 animi
549 262 586 296 et
617 257 826 307 gratiarum
855 256 984 295 sedula
1012 256 1159 296 actione
1187 257 1448 307 adiungamus.
1504 258 1606 296 Fieri

65 336 154 361 sane
185 336 262 362 non
288 336 409 374 posse,
436 323 528 373 quin
555 322 593 360 in
621 323 780 360 Satanae
808 322 978 360 Ecclesia
1006 321 1134 369 simus,
1164 322 1195 360 si
1221 335 1266 360 eo
1293 322 1377 360 loco
1406 335 1607 369 versemur,

66 388 130 426 ubi
167 388 308 425 Christi
344 387 551 425 Ecclesiam
579 386 794 424 institutam
821 399 901 425 esse
929 390 1089 432 constet,
1115 393 1152 425 et
1180 400 1249 425 nos
1276 388 1332 425 illi
1359 387 1511 425 interim
1538 387 1606 425 ad·

66 454 221 503 iungere
248 465 470 491 recusemus
509 452 609 490 Fieri
637 465 713 490 non
740 465 850 503 posse
876 451 980 495 item,
1006 456 1047 490 ut
1075 452 1265 490 Christum
1295 453 1378 504 quis
1406 465 1450 490 ex
1477 453 1603 490 animo

66 523 177 563 amet,
194 518 257 568 qui
280 522 426 555 coetum
445 517 485 554 in
507 517 660 554 nomine
681 530 748 555 suo
773 517 974 554 collectum
985 516 1144 566 negligit
1157 517 1362 555 contemnit
1374 530 1418 554 ac
1429 517 1604 557 traducit.

121 582 199 621 Qui
234 582 350 631 igitur
387 581 593 619 Christiani
628 586 663 620 et
702 581 828 619 vocari
864 594 952 619 vero
987 585 1024 619 et
1051 592 1132 619 esse
1159 582 1270 619 etiam
1299 582 1443 625 volunt,
1471 582 1605 620 horum

69 660 158 685 sane
193 647 354 684 officium
389 659 482 691 esse,
508 651 560 692 ut,
590 646 679 683 dum
715 659 758 684 eo
787 646 870 683 loco
900 649 1107 692 versantur,
1135 646 1201 683 ubi
1229 645 1434 684 Ecclesiam
1466 647 1607 685 Christi

68 710 220 748 nomine
266 709 458 747 collectam
508 722 588 747 esse
634 709 771 754 sciunt,
817 709 873 746 illi
918 721 997 747 sese
1040 708 1212 759 protinus
1249 708 1458 758 adiungam
1494 710 1608 760 inque

66 775 130 813 illa
165 788 233 827 pro
271 788 337 813 sua
365 774 464 812 virili
490 774 649 824 gloriam
679 774 748 812 Dei
775 778 811 812 et
837 787 992 824 regnum
1021 774 1090 811 filii
1126 774 1183 812 sui
1220 782 1465 825 promoveant
1500 775 1606 813 iuxta

67 840 277 878 doctrinam
307 840 641 889 Euange·(168)lii
667 839 798 890 ipsius.

120 906 271 957 Hicque
299 918 402 943 versa
431 905 478 943 ad
514 918 578 943 eos
606 905 786 952 oratione,
816 905 881 956 qui
909 917 988 942 sese
1015 904 1207 942 Ecclesiae
1234 904 1438 954 adiungere
1466 906 1610 952 volunt,

69 974 154 1020 aget
181 971 322 1019 gratias
349 969 444 1016 Deo,
472 970 538 1020 qui
564 969 639 1007 illis
668 982 750 1007 eam
776 975 939 1007 mentem
968 968 1126 1015 dederit,
1152 974 1194 1007 ut
1223 982 1262 1007 se
1289 969 1443 1021 cupiant
1471 970 1607 1008 adiun-

69 1048 157 1084 gere
178 1034 382 1073 r‘Ecclesiae
419 1034 573 1079 Christi,
607 1033 932 1085 gratulabiturque
967 1034 1043 1072 illis
1079 1047 1161 1073 eam
1197 1040 1360 1073 mentem
1388 1036 1505 1074 totius
1533 1036 1608 1074 Ec-

68 1100 202 1137 clesiae
239 1099 401 1143 nomine,
428 1104 464 1136 et
498 1103 610 1150 petet,
652 1103 690 1136 ut
727 1112 793 1136 sua
839 1099 1005 1150 ipsorum
1054 1099 1291 1138 confessione
1329 1100 1376 1138 ad
1417 1100 1608 1139 Ecclesiae

70 1164 186 1202 totius
223 1163 521 1201 aedificationem
556 1163 694 1213 singuli
732 1168 954 1202 attestentur
992 1163 1104 1202 fidem
1141 1177 1260 1209 suam,
1295 1170 1337 1202 ut
1366 1170 1512 1203 constet
1538 1166 1608 1204 toti

71 1229 273 1274 Ecclesiae,
299 1229 401 1280 ipsos
429 1242 514 1267 vere
541 1242 621 1267 esse
648 1229 814 1267 membra
853 1229 1004 1280 mystici
1041 1230 1208 1281 corporis
1246 1230 1388 1269 Christi
1415 1235 1450 1269 et
1476 1231 1608 1282 proin·

68 1294 114 1333 de
141 1295 228 1333 illos
255 1295 302 1333 ab
326 1294 495 1333 Ecclesia
522 1308 590 1346 pro
619 1294 802 1332 fratribus
830 1293 1004 1346 deinceps
1042 1295 1198 1345 agnosci
1235 1302 1426 1347 oportere:
1454 1296 1493 1334 id
1521 1309 1607 1335 vero

69 1364 109 1398 ut
144 1360 284 1398 faciant
319 1373 383 1411 per
409 1359 668 1411 infrascriptas
710 1360 1027 1409 interrogationes
1054 1365 1090 1398 et
1117 1361 1394 1412 responsiones.
1450 1361 1609 1400 orditur

67 1438 155 1474 ergo
183 1438 278 1463 unus
306 1438 325 1463 e
353 1424 539 1463 Ministris
566 1427 631 1463 aut
660 1424 879 1462 Senioribus
906 1424 1237 1474 interrogationes,
1264 1425 1310 1464 ad
1339 1439 1431 1477 quas
1455 1426 1609 1476 singuli,

69 1490 133 1541 qui
160 1490 349 1529 Ecclesiae
376 1490 531 1540 adiungi
560 1490 727 1541 cupiunt,
754 1491 982 1541 respondent
1009 1491 1055 1528 ad
1085 1490 1184 1529 hunc
1212 1491 1385 1530 modum:

121 1687 155 1724 1.
184 1684 447 1734 Interrogatio.
503 1683 703 1722 Undenam
733 1689 833 1722 certo
861 1699 900 1722 es
927 1698 1128 1736 persuasus
1156 1686 1194 1725 in
1222 1687 1349 1725 animo
1376 1692 1453 1736 tuo,
1483 1693 1519 1727 te
1546 1702 1606 1728 re-

71 1764 155 1789 vera
183 1763 261 1788 esse
287 1750 495 1787 membrum
519 1749 710 1787 Ecclesiae
739 1749 909 1787 Christi?

121 1813 343 1864 Responsio,
398 1813 527 1851 Sentio
563 1813 725 1864 Spiritus
763 1813 883 1851 sancti
917 1814 1176 1852 testimonium
1211 1816 1251 1854 in
1279 1817 1412 1867 spiritu
1440 1833 1522 1857 meo
1549 1820 1606 1872 ip·

71 1879 160 1925 sius,
199 1878 298 1929 quod
336 1877 405 1915 sim
444 1877 544 1914 filius
581 1877 704 1914 Patris
740 1877 820 1923 Dei,
857 1877 1056 1928 adoptatus
1093 1878 1234 1916 abillo
1263 1881 1428 1929 gratuito
1457 1888 1608 1934 propter

70 1943 187 1981 filium
223 1942 354 1993 ipsius,
390 1955 575 1979 summum
606 1941 835 1979 sacerdotem
873 1946 1042 1979 nostrum
1073 1943 1262 1982 Christum
1292 1945 1430 1991 Iesum,
1457 1948 1522 1998 qui
1550 1962 1608 1987 me

72 2008 302 2046 sacrosancti
347 2007 513 2058 corporis
552 2006 609 2044 sui
649 2007 832 2044 sacrificio
870 2012 905 2044 et
941 2007 1378 2056 in·(lss9)nocentissimi
1415 2013 1607 2062 sanguinis

73 2072 130 2111 sui
169 2072 347 2110 effusione
374 2072 420 2109 ab
450 2072 625 2109 omnibus
653 2072 815 2123 peccatis
844 2072 934 2109 meis
962 2071 1200 2123 &purgatum
1229 2074 1332 2112 Patri
1360 2089 1425 2114 suo
1456 2077 1608 2116 coelesti

73 2137 342 2176 reconciliavit.
398 2137 525 2174 Sentio
565 2138 667 2181 item,
702 2150 760 2174 me
797 2150 862 2187 per
890 2138 1049 2175 eundem
1076 2139 1199 2189 ipsum
1229 2140 1409 2191 Spiritum
1437 2147 1608 2181 sanctum

71 2203 117 2241 ad
146 2202 237 2251 legis
266 2201 424 2239 Divinae
451 2201 702 2240 obedientiam
732 2201 887 2240 excitari
915 2207 950 2240 et
979 2204 1207 2241 commoveri
1239 2206 1282 2252 ¹).

127 2271 160 2306 2.
191 2268 351 2305 Interr0.
406 2267 601 2305 Quaenam
631 2271 685 2304 est
714 2266 771 2304 lex
800 2266 877 2309 illa,
904 2267 951 2304 ad
981 2267 1087 2305 cuius
1115 2269 1367 2308 obedientiam
1396 2284 1525 2311 omnes
1553 2278 1609 2312 te-

74 2346 215 2379 nemur,
243 2332 289 2370 ad
318 2346 428 2383 quam
456 2335 496 2369 tu
525 2331 636 2369 etiam
663 2336 711 2375 te.
739 2336 778 2368 ut
807 2331 912 2377 dieis,
939 2333 1096 2370 excitari
1134 2336 1438 2387 commoverique
1466 2339 1608 2378 sentis?

127 2398 289 2448 Respon.
342 2395 421 2434 Lex
469 2395 537 2433 Dei
577 2395 769 2446 proposita
815 2401 870 2433 cst
917 2396 1027 2433 nobis
1073 2398 1286 2435 summatim
1331 2399 1370 2437 in
1407 2400 1610 2453 Decalogo,

76 2462 201 2500 Exodi
219 2462 282 2499 2οΊ
301 2461 432 2512 capite,
450 2460 497 2497 ad
516 2459 617 2497 hunc
635 2459 806 2497 modum:
840 2476 858 2494 u
872 2459 954 2509 Ego
975 2473 1056 2498 sum
1078 2460 1264 2500 Dominus
1286 2462 1386 2502 Deus
1404 2469 1492 2504 tuus
1511 2468 1610 2507 etc.''

76 2528 155 2565 Hie
180 2528 391 2565 recitantur
419 2528 526 2564 verba
556 2525 752 2574 Deculoyi,
779 2529 820 2562 ut
849 2539 976 2574 supra,
999 2527 1144 2575 paqina
1174 2530 1234 2565 65.

125 2595 161 2631 3.
189 2591 349 2629 Interro.
409 2590 612 2628 Quomodo
642 2589 823 2627 dividitur
851 2589 912 2627 hic
940 2589 1169 2639 decalogus?

128 2657 291 2707 Respon.
345 2655 536 2693 Dividitur
562 2654 774 2703 Decalogus
801 2655 840 2692 in
869 2655 960 2693 duas
987 2656 1146 2700 tabulas,
1176 2669 1332 2707 quarum
1357 2661 1458 2711 prior
1480 2661 1611 2712 Deum,

75 2721 258 2774 posterior
284 2720 495 2772 proximum
524 2720 690 2757 intuetur
717 2722 762 2768 ²).

120 2865 144 2903 ¹)
169 2863 256 2895 Ioan.
280 2862 308 2895 1.
332 2863 422 2894 Rom.
447 2862 475 2894 S.
500 2861 579 2893 Heb.
605 2858 632 2893 7.
658 2860 673 2892 1
698 2859 786 2893 Ioan.
812 2859 838 2893 l.
863 2860 932 2893 Gal.
956 2863 984 2892 4.

117 2919 145 2959 Ξ)
168 2919 266 2952 Exod.
290 2919 339 2957 24,
364 2918 413 2957 31,
438 2918 487 2950 34.
511 2918 605 2950 Deut.
629 2917 658 2951 9.
