1830 3147
1577 159 1650 198 273

161 277 293 315 Postea
333 276 477 314 orditur
515 275 692 313 Minister
730 287 834 311 suam
864 272 1099 316 concionem,
1126 276 1176 317 et,
1204 271 1234 310 si
1263 271 1311 310 sit
1339 270 1553 309 ordinarius
1581 283 1651 321 pu-

112 340 295 379 blicarum
334 340 558 378 concionum
590 339 679 382 dies.
707 337 949 390 prosequitur
975 336 1197 388 aliquandiu
1224 337 1337 385 (634)
1366 349 1471 374 suam
1501 335 1654 372 conc-io-

112 419 197 444 nem
226 405 455 443 ordinariam
481 404 527 442 ad
556 404 764 442 semihorae
792 402 967 454 spatium.
1023 401 1169 439 Deinde
1196 414 1284 439 vero
1314 401 1524 439 orationem
1548 413 1653 437 suam

113 469 158 509 de
193 470 326 509 funere
360 469 539 509 instituit.
595 468 637 506 Si
664 481 751 507 vero
777 481 856 506 non
884 466 933 505 sit
961 466 1040 505 dies
1069 466 1280 504 destinatus
1307 465 1473 516 publicis
1503 463 1657 502 concio·

112 536 225 574 nibus
252 540 288 574 et
316 535 507 587 sepultura
533 537 642 573 tanto
670 533 815 586 alioqui
841 536 1009 584 tempore
1037 530 1177 569 differri
1207 531 1402 569 commode
1430 543 1506 569 non
1533 533 1658 582 queat,

112 604 192 638 tum
229 599 399 638 minister
427 598 473 638 de
500 599 582 638 solo
611 599 742 637 funere
770 598 949 637 admonet
977 596 1202 642 Ecclesiam,
1230 596 1267 634 in
1297 594 1398 634 hanc
1425 595 1542 634 ferme
1572 608 1657 633 sen-

112 664 280 704 tentiam.

165 794 541 834 Admonitionis
571 794 705 832 circa
733 794 882 832 funus
910 795 1267 844 argumentum.

164 928 198 965 1.
254 925 433 964 Morietur
461 924 645 971 Ecclesia,
687 925 817 963 funcra
846 937 1051 975 eorumque
1079 924 1309 974 sepulturam
1339 922 1379 960 in
1407 921 1578 959 Ecclesia
1607 921 1667 959 in·

117 990 286 1028 stitutum
323 1003 414 1035 esse,
451 1003 528 1028 non
564 993 642 1027 tam
681 993 834 1041 propter
872 993 1041 1026 mortuos
1076 987 1195 1039 ipsos,
1221 1000 1335 1038 quam
1362 985 1488 1038 potius
1517 989 1670 1037 propter

117 1055 291 1093 funerum
318 1055 358 1093 in
386 1055 555 1093 Ecclesia
584 1057 827 1106 spectatores.
858 1053 1021 1092 Mortuis
1049 1066 1225 1104 namque,
1253 1051 1355 1104 quod
1384 1051 1431 1090 ad
1459 1051 1545 1089 illos
1573 1050 1663 1089 atti—

117 1123 192 1162 net,
219 1119 374 1170 perinde
401 1133 494 1166 esse,
521 1131 746 1170 quocunque
774 1118 887 1156 modo
907 1123 972 1156 aut
993 1118 1077 1156 loco
1098 1122 1162 1156 aut
1183 1120 1352 1169 tempore
1368 1117 1597 1168 sepeliantur
1616 1138 1667 1145 —

117 1184 295 1221 nimirum
338 1184 528 1236 sepultura
565 1183 722 1222 salutem
750 1187 1001 1229 mortuorum,
1029 1196 1152 1234 neque
1178 1183 1308 1220 iuvare
1337 1195 1456 1233 neque
1484 1180 1666 1233 impedire

116 1251 240 1298 potest
275 1269 326 1277 -
361 1248 425 1286 sed
462 1248 654 1286 Ecclesiae
689 1248 881 1293 intcresse,
909 1252 951 1285 ut
978 1249 1113 1285 funcra
1141 1246 1291 1298 piorum
1320 1259 1476 1285 suorum
1505 1247 1663 1284 fratrum

119 1325 198 1350 cum
229 1312 434 1361 gratiarum
462 1313 611 1351 actione
638 1312 710 1351 rite
735 1326 779 1351 ae
807 1313 982 1351 decenter
1001 1317 1154 1364 propter
1176 1325 1278 1364 spem
1299 1311 1590 1350 resurrectionis
1610 1324 1668 1349 se-

117 1377 317 1429 peliantur.
357 1378 483 1429 Atque
525 1378 585 1415 hic
613 1377 737 1416 obiter
764 1377 979 1416 traducitur
1005 1390 1111 1415 error
1133 1377 1349 1428 Papisticus
1379 1376 1424 1414 de
1452 1374 1668 1414 adiuvanda

119 1446 352 1481 mortuorum
379 1445 493 1492 (635)
531 1443 652 1482 salute
696 1457 761 1494 per
788 1443 968 1481 funebres
996 1442 1165 1494 ipsorum
1194 1441 1339 1490 nenias,
1366 1441 1582 1479 oblationes
1609 1446 1668 1479 at·

118 1520 189 1557 que
227 1512 440 1558 apparatus,
476 1508 541 1559 qui
578 1521 693 1555 error,
732 1521 815 1545 cum
845 1508 892 1545 sit
921 1507 960 1545 in
987 1507 1163 1545 meritum
1191 1506 1325 1544 mortis
1356 1506 1498 1544 Christi
1526 1511 1665 1544 contu·

121 1572 311 1615 meliosus,
337 1572 376 1609 in
404 1572 484 1609 eius
513 1571 682 1610 Ecclesia
711 1586 832 1623 neque
860 1572 950 1610 ferri
978 1586 1100 1623 neque
1128 1571 1360 1610 dissimulari
1388 1571 1511 1611 debet.

174 1639 208 1675 2.
265 1637 430 1674 Docetur
465 1636 648 1682 Ecclesia,
684 1637 874 1688 quomodo
913 1650 1014 1675 mors
1042 1650 1161 1686 genus
1190 1636 1407 1683 humanum,
1437 1636 1484 1674 ad
1511 1635 1649 1674 immor

118 1701 300 1739 talitatem
330 1701 470 1752 alioqui
500 1705 675 1748 creatum,
703 1715 768 1753 per
795 1705 992 1753 parentum
1022 1706 1239 1740 nostrorum
1256 1707 1451 1753 peccatum
1472 1701 1667 1740 invaserit.

122 1766 215 1804 Eam
253 1767 432 1805 nimirum
471 1780 550 1805 esse
588 1767 801 1805 Maiestatis
839 1767 1001 1814 divinae,
1039 1768 1118 1805 tum
1159 1767 1411 1813 sanctitatem,
1446 1770 1526 1804 tum
1555 1767 1668 1805 etiam

121 1831 357 1881 dignitatem,
403 1835 445 1870 ut
491 1832 638 1870 nullum
683 1831 840 1870 omnino
877 1837 1072 1884 peccatum
1109 1832 1262 1883 impune
1297 1832 1394 1870 ferat
1430 1831 1508 1875 ullo
1544 1831 1668 1879 modo,

122 1896 269 1935 etiamsi
307 1901 458 1935 nostrae
484 1897 626 1935 rationi
652 1897 885 1935 levissimum
913 1911 994 1936 esse
1020 1897 1206 1942 videatur,
1234 1896 1551 1948 quemadmodum
1581 1908 1670 1933 sane

121 1963 233 2001 unius
260 1963 363 2015 pomi
391 1963 498 2002 vetiti
525 1977 610 2001 esus
637 1962 730 2001 levis
759 1963 879 2001 videri
908 1967 1045 2015 potest.
1081 1962 1128 2000 Id
1156 1976 1271 2014 porro
1301 1961 1391 2000 satis
1421 1961 1666 2013 conspicuum

123 2042 202 2066 esse
238 2029 277 2067 in
318 2029 397 2066 filio
432 2028 515 2074 Dei,
550 2042 661 2080 quem
697 2033 733 2067 et
771 2041 921 2067 carnem
957 2028 996 2067 in
1034 2041 1073 2067 se
1109 2032 1293 2079 nostram,
1329 2032 1368 2067 ut
1406 2027 1502 2066 mori
1528 2031 1668 2079 posset,

123 2106 323 2140 assumere,
366 2098 403 2133 et
444 2098 604 2132 mortem
643 2094 792 2132 demum
829 2093 1247 2144 ignominiosissimam,
1283 2093 1330 2131 ad
1366 2092 1512 2145 peccati
1548 2092 1670 2131 nostri

123 2159 387 2210 expiationem,
416 2164 590 2211 oppetere
617 2153 828 2211 oportebat,
855 2160 931 2198 imo
960 2164 996 2199 et
1024 2160 1065 2199 in
1091 2159 1204 2198 nobis
1222 2159 1400 2197 omnibus
1422 2158 1668 2210 conspicuum

124 2225 247 2263 adhuc
284 2238 375 2270 esse,
424 2230 609 2276 quatenus
647 2225 769 2263 adhuc
804 2229 957 2277 propter
992 2225 1098 2264 illum
1135 2225 1257 2276 ipsum
1294 2225 1397 2264 vetiti
1432 2224 1536 2275 pomi
1563 2237 1666 2262 esum

125 2290 239 2328 morti
275 2303 345 2327 nos
381 2303 511 2328 omnes
549 2289 738 2328 subiectos
767 2303 847 2328 esse
876 2292 1039 2341 oportet.
1092 2289 1257 2327 Proinde
1285 2288 1420 2326 merIto
1447 2301 1577 2326 omnes
1607 2300 1668 2326 ca-

125 2368 210 2393 vere
230 2354 382 2407 ,debere
419 2368 564 2392 summa
604 2367 692 2392 cura
721 2367 765 2391 ac
793 2354 1005 2404 diligentia,
1032 2357 1073 2392 ut
1101 2353 1174 2392 sibi
1201 2353 1325 2392 modis
1352 2353 1463 2404 plane
1490 2352 1667 2391 omnibus

127 2423 282 2456 caveant
310 2419 356 2455 ab
386 2419 491 2456 omni
518 2418 674 2456 omnino
703 2417 911 2468 quamlibet
937 2417 1030 2455 levis
1057 2417 1337 2470 pec-(636)cati
1365 2416 1574 2454 occasione.
1626 2415 1667 2452 Si

125 2484 226 2523 enim
263 2484 369 2522 Adae
404 2484 658 2535 imprudentia
694 2483 803 2521 illum
839 2496 1016 2521 excusare
1053 2495 1130 2521 non
1165 2482 1304 2533 potuit,
1339 2481 1542 2533 quominus
1579 2494 1663 2520 cum

125 2549 301 2587 universa
339 2562 406 2587 sua
441 2548 661 2600 posteritate
699 2548 768 2585 sub
805 2551 966 2587 mortem
1000 2550 1206 2590 aeternam,
1244 2546 1345 2598 quod
1383 2546 1423 2585 in
1460 2546 1572 2584 nobis
1599 2550 1667 2592 est,

127 2615 454 2660 condemnaretur,
482 2613 629 2652 etiamsi
651 2613 730 2665 ipse
757 2613 797 2651 iu
827 2627 892 2651 sua
918 2612 1221 2663 transgressione
1250 2625 1289 2650 sc
1316 2611 1367 2650 ita
1395 2624 1568 2663 peccasse
1589 2624 1666 2649 non

127 2680 281 2718 omnino
309 2693 527 2731 persuasum
557 2679 790 2725 haberet,—
808 2683 952 2730 quanto
979 2678 1121 2716 maiore
1150 2690 1219 2717 nos
1245 2677 1320 2715 iam
1349 2677 1457 2728 culpa
1484 2680 1669 2723 tenemur,

127 2745 216 2782 dum
252 2745 362 2783 nobis
398 2745 440 2783 in
476 2744 536 2792 iis,
571 2758 666 2796 quae
704 2758 788 2783 cum
825 2743 895 2783 Dei
931 2745 1124 2783 voluntate
1151 2756 1319 2794 pugnare
1349 2746 1450 2781 certo
1479 2741 1665 2787 novimus,

123 2809 302 2858 neglectis
345 2809 414 2847 Dei
464 2809 685 2861 praeceptis,
726 2809 993 2860 indulgemus?
1048 2809 1173 2859 Atque
1208 2807 1272 2845 hic
1310 2807 1546 2846 inducuntur
1580 2806 1663 2845 loca

125 2874 340 2925 scripturae,
373 2887 468 2926 quae
502 2874 647 2913 faciunt
683 2874 729 2913 ad
772 2878 1009 2926 peccatorum
1037 2872 1312 2923 indulgentiam
1341 2872 1595 2912 accusandam
1622 2885 1666 2909 ac

127 2937 398 2977 detestandam.

177 3002 234 3042 ΙΙ.
1468 3003 1516 3042 18
