1830 3147
207 99 278 135 218

202 214 279 248 tem
315 209 416 248 hunc
453 210 503 256 N,
540 213 591 254 ut,
627 209 728 259 quod
765 210 886 247 facere
913 209 1090 255 instituit,
1115 212 1223 247 tanto
1250 208 1410 247 alacrius
1437 196 1563 254 faciat,
1591 213 1733 261 quanto

204 288 269 312 vos
304 275 437 312 melius
474 288 560 322 erga
597 287 634 311 se
670 273 820 311 affectos
857 287 936 312 esse
971 273 1119 312 viderit.
1174 274 1402 323 Coniungite
1436 275 1564 324 igitur,
1599 276 1732 313 fratres

202 340 349 377 dilecti!
383 339 459 376 imo
499 352 584 376 vero
622 340 895 388 coniungamus
925 339 1036 376 simul
1063 351 1192 376 omnes
1221 352 1302 376 cum
1339 339 1455 390 ipsius
1481 344 1632 390 peccato
1662 353 1731 377 no·

203 408 278 441 stra
307 405 588 454 pec-(390)cata
617 403 756 449 omnia,
782 403 893 442 etc.''.
923 403 1066 450 (Finem
1094 403 1200 440 leuius
1228 397 1495 442 admonilionis
1515 406 1624 442 habeb
1641 418 1730 453 paq.

202 471 288 513 317,
315 469 415 506 linea
444 471 502 513 12,
531 469 689 518 [huius
722 470 785 507 ed.
820 482 860 517 p.
889 468 970 506 189.
1001 468 1136 506 linea
1165 468 1204 517 5]
1233 469 1273 505 in
1300 469 1550 506 admonitione
1577 470 1628 506 ad
1653 471 1730 506 Ec:-

200 535 349 573 alesiam
377 547 486 582 snper
507 534 659 582 publica
687 534 789 582 lapsi
817 533 959 580 flabris
987 533 1139 570 nondum
1169 534 1468 572 excommunicati
1484 534 1735 582 poenitentia,

201 600 266 648 qui
293 599 354 637 hic
381 599 550 636 adhiberi
577 600 713 646 debet.)

252 663 379 701 Finita
416 663 672 701 admonitione
709 662 875 700 instituit
915 661 1090 699 Minister
1128 675 1212 699 cum
1239 666 1320 700 tota
1346 662 1515 700 Ecclesia
1542 663 1582 700 in
1610 676 1732 712 genua

200 728 469 780 procumbente
496 729 745 779 precationem
774 740 842 778 pro
870 726 1193 764 excommunicato
1214 727 1439 777 poenitente,
1458 740 1551 778 quae
1572 727 1730 764 habetur

200 808 286 845 pag.
316 797 402 832 318.
433 794 558 842 [huius
586 793 640 831 ed.
668 806 704 843 p.
735 793 838 840 isa]
869 805 977 842 super
1003 792 1108 842 lapso
1138 792 1296 829 necdum
1324 782 1730 831 tamenexeommuni-

201 864 283 897 cato
311 859 426 896 fratre
454 863 541 896 ante
566 857 684 908 ipsius
714 857 990 894 confessionem
1019 862 1054 893 et
1090 856 1455 894 reconciliationem:
1514 856 1728 907 [1011111190-

198 929 281 962 10115
309 929 344 960 01
371 923 584 960 misericors
611 922 722 959 Pater
748 925 876 958 noster
905 921 1089 964 coelestis,
1122 920 1233 966 etc.,'l
1261 920 1333 958 nisi
1360 920 1461 971 quod
1488 920 1526 958 in
1558 921 1625 958 hac
1643 934 1727 972 pre-

200 988 357 1031 catione,
399 987 464 1037 qni
497 986 842 1024 excommunicatus
890 993 955 1031 est,
994 985 1161 1022 nondum
1200 985 1407 1035 appellatur
1424 988 1569 1034 frater,
1605 985 1728 1035 prius-

199 1067 311 1105 quam
349 1053 495 1103 culpam
536 1052 680 1103 peccati
725 1051 781 1088 sui
818 1051 969 1102 publice
1006 1051 1161 1101 ipsemet
1196 1055 1376 1099 agnoscat
1421 1063 1464 1087 ac
1502 1049 1730 1101 deprecetur,

197 1119 324 1169 sicque
364 1118 510 1155 demum
547 1117 586 1154 in
622 1117 779 1153 fratrum
818 1128 1012 1153 numerum
1050 1114 1264 1165 recipiatur,
1299 1114 1613 1165 quemadmodum
1640 1129 1728 1153 mox

198 1183 354 1222 dicetur.

247 1247 374 1285 Finita
409 1247 623 1298 precatione
662 1245 731 1282 hac
771 1249 887 1283 vertet
924 1259 962 1283 se
998 1246 1173 1283 Minister
1211 1245 1256 1281 ad
1286 1244 1651 1282 excommunicatum
1681 1246 1724 1282 il-

195 1314 273 1351 lum
309 1316 344 1350 et
377 1325 419 1350 ea
455 1310 714 1349 admonitione
750 1311 846 1360 apud
885 1324 968 1347 eum
1014 1314 1150 1355 utetur,
1192 1323 1286 1360 quae
1323 1309 1481 1347 habetur
1518 1323 1602 1360 pag.
1642 1312 1725 1348 121.

197 1379 322 1428 [huius
349 1378 403 1415 ed.
432 1390 468 1427 p.
499 1377 617 1424 190.j,
644 1375 717 1413 nisi
745 1375 844 1426 quod
871 1376 978 1413 illum
1007 1375 1132 1413 adhuc
1161 1375 1269 1412 etiam
1294 1387 1369 1411 non
1389 1374 1724 1424 vocabitfmtrem,

196 1444 315 1481 donec
341 1446 425 1493 post
452 1442 589 1479 fictam
617 1440 980 1478 reconciliationem:
1021 1457 1037 1474 ιι
1054 1439 1244 1476 Audivisti
1271 1439 1357 1482 iam,
1385 1439 1437 1475 mi
1454 1439 1517 1483 N.‚
1536 1439 1722 1489 quodnam

196 1508 244 1545 sit
270 1511 376 1545 tuum
405 1519 491 1554 eiga
521 1504 696 1542 offensam
725 1518 789 1555 per
817 1509 852 1541 te
881 1504 1089 1541 Ecclesiam
1116 1504 1288 1548 officinm,
1316 1503 1411 1541 010”.

245 1572 336 1609 Post
373 1571 468 1607 hanc
502 1569 796 1607 admonitionem
833 1582 1050 1606 0100011110-
1055 1569 1316 1617 (391)nicatus
1352 1568 1415 1605 1110
1454 1568 1562 1606 clu-is
1599 1582 1642 1606 ac
1671 1569 1727 1606 di-

197 1635 344 1673 stinctis
374 1634 495 1672 1Ηο1ὺί5
522 1633 663 1684 peccati
691 1634 807 1670 totius
839 1633 896 1670 5111
933 1636 1304 1683 contemptarumque
1343 1632 1473 1669 ordine
1501 1646 1568 1670 suo
1597 1633 1724 1670 admo-

197 1700 384 1738 nitionum
421 1698 588 1735 omnium
624 1711 644 1734 a
682 1696 870 1734 Ministris
908 1696 1097 1733 Ecclesiae
1135 1697 1328 1741 factarum,
1367 1701 1600 1746 contemptae
1636 1697 1724 1734 item

196 1765 314 1802 totius
350 1763 541 1800 Ecclesiae
574 1762 609 1799 in
656 1761 757 1798 illius
800 1774 867 1812 pro
906 1774 943 1798 se
976 1761 1164 1810 precibus,
1202 1761 1347 1810 culpam
1385 1760 1554 1808 agnoscit
1581 1761 1722 1810 palam-

197 1843 269 1880 que
296 1829 399 1866 illam
429 1829 627 1865 confitetur
655 1840 697 1864 ac
726 1827 955 1877 deprecatur,
982 1825 1144 1876 primum
1172 1825 1270 1875 apud
1302 1825 1418 1861 Deum
1441 1824 1575 1874 ipsum,
1594 1825 1726 1862 deinde

199 1908 284 1933 vero
320 1894 416 1945 apud
439 1897 570 1948 „totam
610 1892 829 1929 Ecclesiam.
883 1891 1077 1928 Postremo
1104 1889 1304 1940 pollicetur
1331 1880 1629 1926 emendationem
1658 1903 1724 1940 pro

198 1974 342 1999 summa
372 1959 469 1997 virili
496 1972 562 1996 sua
590 1962 625 1995 et
652 1957 705 1994 ita
733 1957 881 1994 demum
907 1956 1013 2006 petit,
1050 1960 1091 1993 ut
1126 1955 1165 1992 in
1194 1954 1465 1992 fraternitatem
1494 1968 1623 1992 rursus
1652 1955 1719 1992 Ec-

199 2024 443 2063 clesiasticam
472 2022 686 2073 recipiatur.

252 2088 401 2126 Quodsi
434 2087 487 2124 ita
524 2086 570 2141 ad
608 2085 808 2122 dicendum
844 2085 1051 2122 instructus
1081 2096 1156 2121 non
1184 2087 1251 2125 est,
1278 2087 1320 2120 ut
1348 2082 1404 2119 vel
1431 2089 1580 2133 propter
1606 2083 1726 2133 pudo-

199 2167 288 2197 rem,
325 2152 381 2189 vel
417 2157 568 2202 propter
596 2149 795 2187 infantiam
825 2148 1020 2185 commode
1048 2148 1172 2184 omnia
1202 2151 1236 2184 et
1266 2159 1349 2183 cum
1377 2146 1570 2184 Ecclesiae
1596 2146 1725 2183 aedifi·

199 2217 344 2255 catione
380 2228 569 2253 recensere
607 2227 683 2251 non
719 2213 851 2265 possit,
888 2213 1134 2262 Senioresque
1170 2211 1359 2248 Ecclesiae
1393 2210 1559 2247 iudicent
1596 2211 1726 2247 melius

197 2296 289 2328 esse,
315 2286 357 2319 ut
386 2280 560 2318 Minister
586 2279 665 2330 ipse
692 2285 728 2317 et
754 2283 950 2329 peccatum
976 2277 1094 2328 ipsius
1121 2281 1157 2314 et
1186 2279 1442 2326 contemptum
1469 2275 1554 2312 item
1588 2274 1626 2312 in
1646 2288 1726 2312 om-

199 2346 310 2383 nibus
345 2344 668 2382 admonitionibus
705 2342 836 2379 ordine
873 2341 1087 2379 summatim
1125 2346 1297 2390 exponat,
1326 2344 1437 2388 atque
1465 2352 1485 2375 a
1512 2338 1726 2389 poenitente

200 2411 347 2448 demum
374 2410 440 2446 illo
469 2409 690 2453 sciscitetur,
717 2421 805 2445 num
833 2407 871 2444 in
900 2407 946 2443 iis
975 2406 1150 2443 omnibus
1178 2405 1325 2455 culpam
1354 2417 1458 2440 suam
1485 2406 1664 2451 agnoscat
1692 2408 1727 2439 et

200 2475 426 2525 deprecetur,
462 2478 542 2510 tum
586 2472 772 2516 Minister,
809 2476 910 2508 stans
948 2470 986 2508 in
1027 2473 1205 2519 suggestu
1239 2468 1372 2512 adhuc,
1416 2466 1506 2503 haec
1550 2466 1601 2502 ita
1640 2479 1720 2503 cum

198 2540 425 2590 poenitente,
452 2538 687 2576 auscultante
714 2541 792 2574 tota
821 2536 1004 2580 Ecclesia,
1030 2535 1120 2584 agit.

251 2605 285 2641 1.
341 2602 505 2638 Revocat
540 2601 748 2652 poenitenti
783 2600 824 2636 in
861 2604 1020 2636 mentem
1057 2602 1247 2649 peccatum
1277 2596 1378 2633 illius
1408 2607 1488 2631 cum
1518 2595 1726 2645 praecipuis

201 2664 490 2703 circumstantiis
527 2665 618 2710 eius,
647 2663 751 2700 cuius
781 2663 926 2713 culpam
953 2662 1102 2699 interim
1130 2661 1169 2698 in
1198 2659 1326 2711 primis
1355 2657 1431 2695 suis
1458 2657 1725 2705 ad-(392)mo-

200 2728 411 2767 nitionibus
447 2741 649 2776 agnoscere
684 2727 849 2770 nolebat,
885 2725 1168 2776 sciscitaturque
1204 2724 1250 2761 ab
1288 2720 1610 2759 excommunicato
1646 2721 1726 2767 illo,

199 2807 291 2832 num
320 2806 357 2830 50
383 2792 436 2830 ita
462 2805 539 2828 rem
568 2792 704 2829 habere
741 2803 866 2828 coram
892 2794 971 2827 tota
1007 2789 1176 2827 Ecclesia
1204 2791 1394 2837 agnoscat.
1433 2785 1722 2836 Respondetque

200 2857 545 2897 excommunicatus
573 2857 653 2894 ille:
688 2855 883 2893 nEtiam''.
