1830 3147
1605 105 1697 151 183,

131 217 303 255 minatim
331 218 496 255 accusati
523 217 668 265 flagitio
697 217 742 253 ad
773 217 960 267 publicam
989 217 1160 267 protinus
1188 216 1455 268 poenitentiam
1474 220 1670 265 urgentur,

127 283 180 321 ita
218 288 254 321 et
291 283 355 321 isti
393 283 565 333 deinceps
601 283 684 332 sine
719 272 885 333 publiea
907 282 1140 333 poenitentia
1177 283 1223 319 ad
1261 282 1403 320 nullam
1430 282 1587 319 omnino
1616 296 1674 319 re-

130 349 430 386 conciliationem
460 348 727 386 admittuntur.
782 348 843 393 Et,
871 348 902 386 si
932 361 1052 398 neque
1081 348 1126 384 ad
1158 348 1537 396 constitu-(300)tum
1558 347 1670 384 tertio

129 413 203 451 iam
239 413 561 451 reconciliationis
601 413 698 451 diem
737 418 773 450 et
802 413 984 450 fratribus
1014 426 1106 458 sese,
1132 426 1226 463 quos
1254 412 1502 459 offenderunt,
1529 417 1564 450 et
1595 412 1669 450 Mi-

128 479 257 517 nistris
294 492 338 516 ac
374 478 596 516 Senioribus
632 478 672 515 in
711 482 817 516 coetu
846 479 1015 529 ipsorum
1054 478 1393 522 reconciliaverint,
1419 482 1514 524 tum,
1540 492 1669 529 quem·

126 543 328 580 admodum
365 543 410 581 de
449 543 614 594 publicis
652 543 819 580 accusati
855 543 1010 592 flagitiis
1052 547 1137 594 post
1164 543 1318 580 alteram
1346 544 1385 580 in
1415 548 1523 581 coetu
1552 543 1670 580 Mini-

126 612 287 646 s'trorum
316 608 628 652 admonitionem,
658 609 732 646 nisi
759 609 994 660 resipiscant,
1023 608 1153 646 addito
1173 609 1340 659 ipsorum
1372 609 1524 646 nomine
1543 622 1667 647 corani

125 677 206 710 tota
240 673 412 710 Ecclesia
450 673 726 710 denunciantur
764 678 800 711 et
837 678 1034 724 peccatum
1070 674 1239 725 ipsorum
1277 687 1359 711 cum
1390 674 1565 712 omnibus
1593 675 1670 712 suis

126 738 416 776 circumstantiis
454 739 604 789 publice
632 743 842 783 accusatur,
869 761 920 767 —
953 740 1005 777 ita
1034 744 1070 777 et
1097 739 1160 777 isti
1188 740 1409 777 nominatim
1442 740 1516 777 iam
1545 753 1667 777 coram

126 807 206 839 tota
241 805 469 839 accusantur
505 802 690 847 Ecclesia,
731 803 902 853 exposito
932 808 968 840 et
997 808 1150 854 peccato
1178 804 1344 854 ipsorum
1375 809 1410 840 et
1437 803 1549 841 toties
1573 816 1668 860 vcon-

121 867 273 918 temptis
309 867 486 905 omnibus
524 867 850 905 admonitionibus
887 871 964 905 tam
993 868 1155 919 publicis
1183 882 1294 919 quam
1324 869 1490 919 privatiS,
1518 882 1669 919 unoque

123 931 198 968 iam
233 932 346 982 plane
385 936 495 982 atque
533 931 663 969 eodem
692 932 867 983 deinceps
896 933 979 970 loco
1010 933 1197 971 habentur
1225 933 1346 984 (quod
1374 933 1422 971 ad
1449 934 1672 971 reconcilia-

122 996 264 1034 tionem
301 996 451 1047 publice
480 997 692 1034 faciendam
719 997 887 1045 attinet).
915 1002 1158 1049 posteaquam
1188 998 1414 1036 nominatim
1443 1012 1565 1036 coram
1596 999 1670 1036 Ec-

122 1061 233 1098 clesia
272 1061 489 1098 denunciati
527 1065 629 1104 sunt,
663 1061 700 1098 et
737 1062 803 1112 qui
838 1066 990 1113 propter
1028 1062 1180 1113 publica
1208 1063 1352 1112 flagitia
1380 1064 1546 1101 accusati
1573 1068 1675 1108 sunt,

122 1124 159 1162 et
188 1126 252 1176 qui
282 1130 500 1176 contemptu
528 1125 833 1163 admonitionum
861 1127 900 1163 in
928 1127 1085 1178 privatis
1113 1127 1223 1165 etiam
1254 1128 1416 1178 peccatis
1457 1141 1500 1166 eo
1528 1142 1604 1165 rem
1622 1128 1668 1166 ad

121 1195 327 1228 extremum
358 1190 608 1235 deduxerunt,
632 1195 674 1228 ut
703 1191 928 1229 nominatim
959 1205 1085 1229 coram
1114 1192 1285 1230 Ecclesia
1314 1197 1592 1232 accusarentur.

175 1254 263 1292 Quo
302 1254 362 1292 die
399 1267 487 1292 vero
526 1254 752 1292 nominatim
781 1255 856 1292 iam
886 1268 1012 1293 coram
1042 1256 1213 1294 Ecclesia
1242 1257 1378 1294 fratres
1407 1256 1525 1307 aliqui
1555 1270 1667 1294 accu-

119 1324 263 1364 santur,
299 1319 512 1357 instituitur
551 1319 673 1356 denuo
710 1333 778 1371 pro
815 1320 891 1358 illis
927 1334 993 1372 per
1031 1321 1285 1359 Ecclesiasten
1313 1321 1464 1372 publica
1491 1322 1671 1372 precatio.

120 1390 155 1423 et
193 1385 271 1422 (lies
308 1398 457 1422 rursum
496 1385 752 1432 constituitur,
789 1399 863 1437 quo
903 1386 1122 1424 denunciati
1164 1387 1296 1424 fratres
1323 1386 1379 1423 illi
1407 1386 1499 1434 (nisi
1525 1386 1667 1424 interea

118 1451 496 1502 re-(301)sipiscant)
525 1451 600 1489 'sint
627 1452 781 1489 tandem
812 1465 935 1489 coram
965 1457 1046 1490 tota
1075 1452 1244 1490 Ecclesia
1274 1466 1357 1489 cum
1385 1453 1537 1503 publico
1564 1452 1668 1490 illins

119 1516 224 1554 luctu
251 1516 618 1554 excommunicandi.
649 1516 912 1568 Hortatur-que
942 1517 1062 1555 denuo
1092 1518 1301 1556 Ecclesiam
1329 1518 1504 1556 Minister
1531 1531 1551 1555 e
1579 1531 1667 1567 sug-

81 1628 84 1629 ?
119 1588 239 1632 gestu,
274 1587 328 1626 ut,
367 1583 398 1620 si
436 1583 501 1633 qui
538 1596 575 1620 se
612 1583 755 1633 aliquid
792 1584 915 1621 adhuc
943 1584 1043 1634 apud
1071 1584 1318 1622 denunciatos
1346 1586 1479 1622 fratres
1506 1584 1591 1621 illos
1619 1585 1666 1621 ad

118 1648 415 1699 resipiscentiam
443 1649 676 1686 revocandos
704 1650 845 1686 efficere
872 1650 948 1686 ullo
979 1649 1089 1687 modo
1119 1663 1228 1701 posse
1254 1654 1399 1701 putant,
1428 1664 1475 1688 ne
1501 1650 1539 1687 id
1560 1664 1666 1701 prae-

118 1715 331 1751 termittant
368 1714 537 1756 omnino,
575 1715 638 1751 sed
667 1728 734 1765 pro
763 1729 829 1752 sua
858 1715 957 1752 virili
985 1715 1055 1753 toti
1083 1716 1120 1752 in
1154 1716 1224 1753 hoc
1250 1716 1483 1761 incumbant,
1513 1729 1559 1753 ne
1585 1720 1666 1754 tota

118 1779 288 1817 Ecclesia
325 1779 361 1816 in
400 1780 763 1817 excommunicando
802 1781 917 1819 fratre
955 1794 1022 1818 suo
1060 1782 1187 1831 lugere
1223 1786 1392 1830 cogatur.
1444 1781 1506 1827 Et,
1543 1781 1664 1819 sicui

118 1846 215 1883 forte
250 1846 291 1882 in
329 1845 500 1882 Ecclesia
527 1845 729 1894 indignum
756 1846 794 1883 id
823 1847 947 1884 adhuc
975 1860 1126 1898 quoquo
1154 1847 1268 1885 modo
1298 1847 1501 1891 videretur,
1529 1852 1570 1885 ut
1600 1848 1665 1885 de-

120 1911 462 1949 nunciatifratres
499 1911 556 1948 illi
593 1912 982 1957 excommunicentur,
1019 1913 1058 1950 hi
1096 1917 1135 1950 ut
1162 1913 1303 1950 interea
1332 1917 1419 1950 ante
1444 1913 1569 1963 ipsum
1597 1927 1662 1950 ex-

120 1976 472 2014 communicationis
511 1977 608 2014 diem
646 1978 832 2015 rationem
870 1978 929 2015 sui
956 1978 994 2016 in
1024 1978 1094 2016 bac
1120 1983 1225 2029 parte
1254 1978 1403 2016 consilii
1432 1979 1665 2021 Senioribus.

118 2047 182 2080 aut
209 2042 385 2092 privatim
414 2042 616 2092 aliquibus,
645 2048 709 2080 aut
737 2044 849 2081 simul
876 2045 916 2081 in
946 2049 1053 2082 coetu
1080 2044 1248 2095 ipsorum
1278 2044 1455 2081 omnibus
1483 2058 1528 2081 ex
1549 2042 1663 2081 verbo

120 2106 191 2144 Dei
227 2111 428 2157 exponant,
466 2107 606 2157 alioqui
647 2107 847 2145 Ministros
883 2122 927 2146 ac
965 2108 1139 2146 Seniores
1167 2109 1362 2160 publicum
1391 2108 1584 2146 Ecclesiae
1612 2108 1662 2145 si-

117 2171 275 2208 lentium
312 2184 378 2221 pro
413 2171 529 2209 tacito
566 2185 722 2209 assensu
757 2173 877 2223 ipsius
911 2177 1132 2224 accepturos
1169 2187 1261 2217 esse,
1295 2178 1406 2224 atque
1432 2174 1484 2211 ita
1512 2173 1660 2211 demum

118 2236 166 2274 ad
194 2236 625 2274 excommunicationem
656 2251 740 2275 cum
760 2239 871 2276 ‘luctu
899 2239 1092 2276 Ecclesiae
1118 2252 1396 2289 progressuros.

170 2302 233 2338 Ibi
262 2314 347 2339 vero
376 2302 408 2339 si
436 2302 655 2341 denunciati
682 2304 818 2341 fratres
845 2304 902 2340 illi
930 2308 1016 2341 ante
1036 2303 1262 2341 destinatum
1280 2303 1664 2341 excommunicationi

119 2367 217 2405 diem
256 2368 404 2418 culpam
445 2369 591 2418 peccati
619 2368 743 2406 adhuc
772 2369 830 2406 sui
856 2369 1009 2420 publice
1038 2382 1164 2407 coram
1190 2369 1361 2406 Ecclesia
1389 2381 1594 2418 agnoscere
1621 2382 1665 2406 ac

120 2433 310 2483 deprecari
348 2433 477 2479 velint,
513 2434 677 2484 primum
715 2448 794 2472 sese
832 2448 915 2472 cum
953 2432 1104 2473 offensis
1132 2434 1307 2485 privatim
1336 2434 1518 2471 fratribus
1548 2434 1665 2472 Mini-

119 2498 281 2548 strisque
308 2511 351 2535 ac
381 2498 603 2536 Senioribus
631 2499 671 2537 in
700 2504 810 2537 coetu
836 2501 1140 2551 ipso-(303)rum
1168 2499 1425 2544 reconcilient,
1452 2504 1492 2537 ut
1514 2500 1558 2537 de
1578 2513 1662 2538 vera

118 2563 284 2614 ipsorum
323 2563 580 2614 resipiscentia
618 2570 790 2603 constare
823 2566 955 2617 possit.
1012 2565 1157 2603 Deinde
1193 2578 1279 2602 vero
1306 2564 1378 2603 toti
1407 2564 1599 2603 Ecclesiae
1625 2566 1664 2603 in

117 2628 270 2678 publico
308 2629 411 2665 illius
450 2634 556 2666 coetu
595 2643 638 2667 eo
677 2630 759 2681 ipso
798 2631 870 2676 die,
906 2644 980 2682 quo
1020 2630 1341 2669 excommunicari
1370 2630 1571 2675 debebant,
1599 2644 1665 2681 per

119 2693 309 2743 publicam
339 2693 612 2744 poenitentiam
639 2694 745 2732 iuxta
772 2695 1054 2747 infrascriptam
1082 2696 1201 2746 ipsius
1227 2695 1389 2733 formam
1415 2695 1664 2733 reconcilien-

120 2762 193 2796 tur.
240 2759 305 2796 Sin
335 2763 459 2796 autem
480 2759 527 2799 in
557 2759 674 2798 animi
702 2774 766 2798 sua
795 2761 919 2799 adhuc
948 2761 1205 2799 obstinatione
1233 2765 1411 2811 perstent,
1442 2761 1665 2811 contemptis

122 2823 277 2860 omnino
306 2824 482 2862 omnibus
511 2825 853 2871 admonitionibus,
881 2831 961 2864 tum
977 2826 1140 2878 (demum
1170 2825 1418 2864 Ecclesiastes
1447 2825 1494 2863 ad
1523 2825 1665 2864 consti-

120 2892 244 2925 tutum
273 2888 371 2926 diem
410 2889 498 2927 illos
525 2904 547 2927 a
578 2894 687 2928 coetu
715 2890 797 2942 ipso
826 2891 1019 2929 Ecclesiae
1047 2891 1230 2929 rescindit
1256 2895 1370 2941 atquc
1400 2891 1560 2928 Satanae
1587 2895 1664 2928 tra-
