1830 3147
1549 111 1630 160 205Χ

85 245 175 284 pore
212 233 465 277 excludamus,
500 232 548 270 ad
584 232 749 271 nominis
786 233 841 271 tui
879 232 1111 270 sacrosancti
1147 233 1322 283 gloriam,
1359 232 1403 271 ad
1432 233 1626 272 Ecclesiae

84 296 172 334 item
212 296 322 335 huius
358 300 508 335 nostrae
537 296 859 335 conservationem
891 300 1001 348 atque
1029 297 1326 335 aedificationem
1370 301 1405 336 et
1431 298 1480 337 ad
1507 311 1624 337 reme·

84 361 188 400 dium
216 366 423 400 extremum
450 361 679 413 pertinaciae
707 367 818 414 atque
847 362 1117 400 obstinationis
1145 363 1329 414 praedicti
1345 363 1627 416 impoenitentis

84 426 210 464 fratris
237 425 370 464 nostri.
408 426 458 464 Et
485 426 662 478 quoniam
693 431 735 465 tu
762 427 841 478 ipse
868 431 906 465 te
933 426 1044 465 nobis
1072 427 1112 464 in
1140 431 1205 465 tuo
1235 429 1387 467 nomine
1416 442 1625 479 congrega-

83 491 133 529 tis
168 504 311 543 semper
347 491 510 542 quidem,
539 492 601 530 sed
636 492 874 544 potissimum
903 492 944 531 in
971 492 1181 530 ministerio
1211 493 1404 532 Ecclesiae
1431 498 1517 533 tuae
1544 508 1626 533 ver-

83 556 256 594 santibus
292 555 511 594 adfuturum
549 570 628 595 esse
665 570 708 595 ac
746 557 892 609 Spiritu
919 561 984 596 tuo
1014 557 1127 596 etiam
1154 558 1454 607 gubernaturum
1483 560 1625 611 promi-

83 621 176 668 sisti,
205 643 255 651 —
280 625 316 659 te
351 621 537 672 supplices
573 621 808 667 invocamus,
845 627 888 661 ut
916 623 1028 661 nobis
1056 622 1195 661 virtute
1223 626 1286 661 tua
1316 623 1455 662 Divina
1483 624 1625 671 adesse,

82 690 326 738 nostrumque
362 687 434 724 hoc
470 684 720 725 ministerium
758 687 796 725 in
833 687 1070 726 excludendo
1107 687 1377 739 impoenitente
1413 689 1485 727 hoc
1512 690 1628 727 fratre

84 755 212 789 nostro
242 765 263 789 a
291 755 397 790 coetu
426 756 569 798 nostro,
599 752 728 790 Divini
758 752 921 804 Spiritus
949 752 1003 790 tui
1031 753 1168 792 virtute
1195 753 1405 802 gubernare
1432 758 1543 805 atque
1572 755 1628 792 ef-

82 818 178 856 ficax
215 817 368 856 reddere
404 817 582 868 digneris
638 818 804 870 Tuisque
840 819 914 857 iam
951 818 1075 857 verbis
1113 819 1244 857 confisi
1291 823 1326 857 et
1354 819 1409 857 tui
1442 820 1628 858 adorandi

86 882 247 933 Spiritus
288 883 424 921 virtute
450 882 641 929 instructi,
667 883 830 922 Domine
858 884 941 922 Rex
969 884 1114 922 Doctor
1142 888 1178 923 et
1204 885 1382 924 Pontifex
1410 892 1539 925 noster
1566 900 1628 925 ae·

84 949 204 986 terne!
233 948 541 999 impoenitentem
569 948 670 986 hunc
698 949 853 987 fratrem
881 953 1052 987 nostrum
1080 950 1146 996 N.‚
1174 950 1419 1003 omniumque
1446 952 1628 991 hactenus

85 1011 435 1051 Ecclesiasticarum
464 1013 766 1052 admonitionum
795 1015 1028 1053 obstinatum
1059 1019 1369 1068 contemptorem,
1397 1017 1435 1055 in
1463 1021 1528 1055 tuo
1558 1030 1626 1056 no-

24 1114 29 1119 ,
84 1078 184 1116 mine
227 1082 365 1129 tuaque
410 1082 593 1129 potestate
627 1084 663 1115 et
707 1078 923 1125 autoritate,
965 1078 1081 1117 veluti
1118 1079 1275 1117 noxium
1313 1081 1461 1132 corpori
1498 1084 1628 1119 nostro

85 1143 306 1189 membrum,
341 1142 382 1181 in
417 1147 504 1181 tuae
534 1143 745 1182 Maiestatis
774 1143 933 1182 Divinae
960 1144 1228 1196 Ecclesiaeque
1257 1145 1368 1184 buius
1396 1149 1482 1184 tuae
1509 1146 1628 1184 totius

84 1210 423 1259 conspec-(359)tu
462 1208 610 1259 publice
637 1223 658 1246 a
687 1212 795 1246 coetu
825 1208 1000 1260 deinceps
1030 1213 1160 1247 nostro
1199 1210 1428 1262 salutarique
1455 1210 1533 1249 eins
1563 1225 1626 1249 so-

83 1273 213 1312 cietate
257 1273 392 1325 (ipsius
428 1273 580 1312 interim
616 1274 735 1312 vicem
774 1274 1011 1322 miserantes)
1049 1275 1283 1314 excludimus
1322 1289 1366 1314 ac
1403 1289 1628 1317 resecamus.

83 1339 175 1377 Eius
218 1345 410 1391 peccatum
449 1352 516 1391 pro
553 1339 748 1378 functione
786 1340 909 1378 nostri
944 1339 1148 1378 ministerii
1183 1340 1359 1391 ligamus,
1394 1342 1629 1394 ligatumque

82 1418 162 1444 esse
196 1404 237 1443 in
275 1405 377 1443 coelo
414 1405 553 1457 pariter
589 1418 633 1444 ac
668 1405 706 1443 in
743 1409 843 1443 terra
869 1405 974 1444 iuxta
1003 1405 1214 1445 doctrinam
1245 1407 1349 1445 verbi
1376 1407 1432 1445 tui
1459 1421 1628 1459 pronun-

84 1469 238 1514 ciamus,
283 1474 318 1508 et
363 1470 435 1521 piis
471 1470 612 1522 ubique
659 1471 836 1508 omnibns
882 1484 949 1523 pro
996 1471 1113 1510 eiecto
1149 1472 1251 1510 foras
1286 1485 1516 1524 prorsusque
1554 1474 1625 1511 iam

85 1536 247 1575 Ethnico
277 1536 428 1574 homine
456 1549 499 1574 ac
527 1536 732 1587 publicano
761 1536 981 1574 habendum
1008 1550 1088 1575 esse
1117 1551 1325 1576 censemus.
1364 1540 1490 1589 Atque
1520 1538 1627 1576 Sata-

90 1615 160 1640 nae
195 1601 300 1639 illum
338 1601 425 1648 iam,
454 1602 612 1639 Paulum
642 1602 868 1653 Apostolum
896 1606 1004 1640 tuum
1043 1602 1204 1654 sequuti,
1232 1602 1522 1651 ingemiscentes
1550 1609 1626 1641 tra-

85 1668 207 1706 dimus
237 1668 275 1705 in
306 1667 429 1705 carnis
458 1680 546 1705 suae
574 1667 783 1712 interitum,
811 1667 843 1705 si
871 1680 945 1719 quo
975 1667 1100 1715 modo,
1127 1667 1184 1705 illi
1211 1667 1335 1705 adhuc
1365 1672 1535 1705 mortuus
1562 1681 1628 1719 per

82 1734 302 1772 afflictiones
340 1747 359 1770 a
391 1734 531 1771 Satana
557 1733 796 1783 infligendas,
826 1733 960 1785 spiritu
993 1733 1143 1771 interim
1174 1746 1242 1771 suo
1271 1734 1318 1771 ad
1345 1737 1551 1772 extremum
1582 1746 1626 1771 ex

82 1804 147 1838 tuo
192 1799 373 1837 beneficio
420 1799 641 1837 reviviscere
685 1812 728 1836 ac
773 1799 912 1837 servari
958 1799 1088 1851 possit.
1143 1799 1294 1837 Venisti
1342 1799 1440 1837 enim
1479 1812 1627 1837 servare

81 1864 183 1916 quod
219 1864 380 1915 perierat
415 1868 451 1901 et
489 1868 528 1902 ut
566 1877 710 1902 cessare
747 1864 864 1902 facias
900 1864 1002 1902 illius
1039 1864 1078 1902 in
1117 1864 1228 1902 nobis
1263 1864 1541 1915 tyrannidem(
1562 1864 1625 1916 qui

83 1932 235 1980 propter
272 1933 441 1966 nostrum
471 1933 666 1980 peccatum
696 1929 827 1967 mortis
854 1928 893 1966 in
922 1942 991 1967 nos
1019 1929 1216 1981 imperium
1247 1929 1457 1976 obtinebat,
1483 1951 1533 1959 —
1561 1929 1625 1980 qui

83 2005 164 2031 cum
204 1992 282 2031 Deo
320 1993 429 2031 Patre
457 1997 521 2031 tuo
551 1997 586 2031 et
615 1998 746 2031 sancto
776 1994 917 2045 Spiritu
949 1994 1043 2033 vivis
1071 2007 1115 2032 ac
1142 2008 1279 2044 regnas
1308 1994 1408 2032 Deus
1435 1994 1561 2032 trinus
1591 1999 1626 2031 et

74 2071 179 2109 *unus
207 2058 246 2097 in
276 2059 437 2098 saecula.
468 2057 629 2097 Amen''.
661 2057 690 2106 ¹)

132 2188 318 2227 Absoluta
352 2201 466 2240 porro
502 2188 548 2226 ad
586 2188 688 2227 hunc
724 2188 877 2227 modum
913 2188 995 2240 ipsa
1022 2186 1426 2226 excommunicationis
1455 2186 1623 2225 declara·

78 2252 194 2299 tione,
228 2256 356 2292 monet
395 2253 602 2292 Ecclesiam
643 2253 832 2299 Minister,
862 2253 906 2290 ad
937 2266 1047 2304 quem
1074 2251 1230 2290 modum
1258 2252 1416 2303 quisque
1444 2253 1554 2301 (360)
1583 2251 1621 2289 in

79 2318 247 2358 Ecclesia
284 2332 372 2369 erga
409 2319 777 2357 excommunicatum
812 2319 919 2373 illum
960 2317 1113 2357 affectus
1150 2331 1241 2364 esse,
1278 2323 1509 2369 quatenusve
1539 2330 1621 2355 cum

80 2398 123 2423 eo
153 2385 462 2423 consuetudinem
491 2385 629 2423 habere
658 2385 804 2432 debeat,
831 2384 1015 2436 tantisper
1043 2383 1132 2421 dum
1161 2396 1240 2422 non
1266 2383 1469 2435 resipiscit.

131 2453 166 2491 1.
207 2452 327 2490 Docet
356 2450 571 2489 habendum
599 2464 678 2489 esse
706 2451 812 2489 illum
841 2462 908 2502 pro
938 2449 1105 2487 Ethnico
1133 2453 1168 2487 et
1194 2448 1414 2500 publicano,
1441 2447 1621 2500 quemad-

79 2518 231 2556 modum
270 2517 441 2556 Christus
478 2516 600 2562 docet,
635 2516 739 2554 cuius
776 2516 951 2555 videlicet
978 2518 1131 2567 peccata
1168 2514 1285 2564 ligata
1315 2513 1391 2552 sint
1419 2513 1621 2552 ministerii

79 2583 337 2622 Ecclesiastici
365 2582 582 2622 testimonio
610 2582 650 2620 in
681 2583 784 2620 coelo
813 2586 849 2621 et
876 2582 916 2620 in
944 2585 1054 2627 terra,
1084 2580 1204 2618 donec
1233 2593 1270 2618 se
1297 2579 1518 2618 reconciliet
1546 2578 1620 2617 Ec·
1650 2624 1653 2627 Ι

79 2649 212 2688 clesiae
250 2662 314 2701 per
351 2649 540 2701 publicam
578 2648 850 2699 poenitentiam
885 2647 993 2686 iuxta
1022 2646 1176 2685 verbum
1214 2645 1297 2692 Dei,
1323 2649 1359 2684 et
1385 2645 1545 2697 proinde
1572 2645 1618 2683 ad

78 2728 229 2767 precum
266 2715 617 2754 Ecclesiasticarum
655 2715 1056 2764 Sacramentorumque
1093 2712 1397 2755 communionem
1425 2710 1619 2763 haudqua-

78 2794 188 2832 quam
217 2779 494 2819 admittendum
523 2794 614 2819 esse.
642 2779 689 2818 In
717 2779 879 2832 publicis
907 2783 1032 2818 tamen
1054 2778 1302 2817 concionibus
1321 2777 1515 2816 ferendum
1539 2789 1620 2817 esse

120 2907 145 2947 ¹)
170 2907 288 2940 Matth.
312 2907 361 2939 18.
386 2906 463 2941 Luc.
488 2908 537 2941 19.
562 2907 643 2940 Heb.
668 2908 698 2942 2,
