1830 3147
56 241 152 282 Esay.
177 241 226 272 10.

56 283 189 315 Prover.
213 282 263 316 17.

55 326 152 358 Deut.
176 325 226 357 19.

57 368 76 399 3
100 368 177 409 Reg.
199 368 250 401 21.

59 411 76 441 1
100 411 170 443 Pet,
194 411 222 443 2.

59 994 161 1038 Ephe.
185 997 214 1028 5.

60 1040 137 1071 Luc.
161 1039 213 1071 21.

64 1456 168 1488 Math.
194 1457 222 1488 5.

66 1499 156 1531 Gala.
180 1500 207 1530 5.

66 1542 83 1573 1
109 1542 182 1573 Cor.
208 1541 257 1573 10.

66 1584 185 1626 Ephes.
209 1585 237 1615 5.

67 1626 163 1658 Deut.
187 1626 237 1658 23.

66 2361 187 2394 Hebre.
213 2361 262 2393 13.

67 2405 83 2436 1
109 2404 182 2437 Cor.
205 2403 234 2436 7.

69 2447 85 2477 1
112 2445 186 2478 Cor.
210 2444 241 2477 7.

65 2488 147 2520 Mat.
171 2488 220 2519 19.

67 2530 85 2563 1
109 2529 166 2562 Co.
189 2530 217 2568 1,
240 2529 269 2563 7.

343 109 416 146 382
819 118 993 148 caruca.
1024 118 1134 148 acor.
1161 118 1279 149 noun.

341 235 481 274 poenas
499 222 679 272 infligunt
696 235 764 261 nec
779 223 896 262 solius
916 223 1027 262 officii
1047 237 1158 262 causa
1178 225 1274 273 (non
1295 222 1447 275 propria
1466 222 1633 261 vindicta
1648 223 1755 272 (22b)

343 300 464 337 neque
492 286 697 338 cupiditate
723 287 770 325 ad
797 287 838 325 id
864 287 1020 335 adacti),
1048 291 1084 326 et
1111 288 1310 339 praecipue
1338 288 1369 325 si
1396 287 1619 337 sanguinem
1642 287 1755 325 inno-

345 356 489 389 centem
518 352 770 402 profundunt,
799 352 877 390 sive
905 351 951 389 ab
980 353 1065 390 aliis
1092 353 1273 403 profundi
1294 352 1436 397 sinunt,
1457 352 1534 390 sive
1554 365 1629 390 non
1651 351 1756 389 omni

343 416 531 454 industria
567 416 782 468 prohibent,
819 417 887 454 ubi
926 417 1129 468 prohibere
1163 417 1203 455 id
1238 417 1350 455 liceat
1385 430 1449 455 eos
1483 417 1599 467 inque
1625 429 1755 454 eorum

345 481 394 519 sit
420 484 618 532 potestate.

935 545 1073 584 Interr.
1103 548 1165 586 61.

397 609 504 649 Quid
530 615 586 648 est
613 610 812 661 septimum
839 610 1089 648 mandatum?

995 674 1110 725 Resp.

398 739 459 778 Ne
486 740 537 777 sis
564 739 757 778 moechus.

933 801 1075 840 Interr.
1104 804 1167 840 62.

398 866 602 906 Quomodo
631 866 854 905 observatur
880 865 973 904 illud
1000 867 1267 918 praeceptum?

995 931 1106 982 Resp.

399 998 526 1035 Quum
557 1000 656 1034 caste
684 996 852 1034 modeste
879 1008 990 1046 parce
1019 1000 1053 1033 et
1083 999 1210 1032 sancte
1244 994 1416 1033 vivimus.
1445 994 1542 1032 Item
1571 995 1609 1031 in
1637 994 1760 1032 verbis

346 1067 382 1099 et
411 1062 599 1112 operibus,
626 1061 664 1098 in
693 1060 839 1098 edendo
866 1065 902 1097 et
930 1059 1107 1105 bibendo,
1136 1059 1270 1096 vestitu
1300 1062 1335 1096 et
1355 1058 1528 1096 omnibus
1548 1058 1760 1096 actionibus

347 1139 477 1164 omnes
505 1139 636 1163 causas
664 1124 920 1176 impudicitiae
945 1129 981 1161 et
1008 1125 1113 1172 (2321)
1140 1123 1402 1161 immunditiae
1438 1122 1583 1160 animae
1610 1125 1647 1160 et
1675 1135 1758 1159 cor-

345 1192 448 1243 poris
475 1192 657 1229 evitamus
684 1195 721 1228 et
749 1189 957 1239 effugimus.

932 1254 1073 1291 Interr.
1104 1255 1165 1291 63.

400 1320 603 1359 Quomodo
631 1323 869 1370 praeceptum
898 1318 994 1356 illud
1023 1318 1206 1356 violatur?

1000 1382 1113 1432 Resp.

401 1449 531 1487 Quum
558 1448 712 1499 aliquod
741 1452 925 1498 stuprum,
953 1446 1256 1489 fornicationem,
1282 1445 1558 1496 impudicitiam
1587 1445 1665 1482 sive
1691 1445 1762 1482 im-

353 1513 571 1551 munditiem
608 1513 648 1550 in
686 1513 811 1550 anima
848 1515 912 1549 aut
951 1523 1105 1561 corpore
1134 1509 1323 1560 operibus,
1350 1510 1474 1547 verbis
1512 1510 1590 1547 sive
1619 1510 1763 1558 cogita-

353 1577 521 1615 tionibus
550 1582 754 1627 patramus,
792 1576 868 1613 sive
903 1588 972 1612 nos
1008 1574 1142 1612 illicito
1183 1574 1329 1611 cuidam
1367 1574 1497 1620 amori,
1539 1586 1764 1625 quocunque

353 1642 504 1680 tandem
534 1643 687 1694 nomine
714 1641 897 1692 praedito,
924 1639 1107 1677 dedimus.
1136 1639 1233 1676 Item
1263 1652 1347 1676 oum
1376 1638 1486 1676 huius
1513 1639 1658 1689 peccati
1675 1651 1763 1676 cau-

354 1721 413 1745 sas
447 1721 525 1745 non
556 1708 731 1750 vitamus,
768 1706 832 1743 sed
860 1705 1081 1756 expetimus,
1108 1704 1236 1755 quales
1265 1709 1353 1742 sunt
1381 1704 1522 1741 furiosa
1564 1703 1766 1754 symposia,

355 1772 472 1821 orgia,
500 1777 671 1823 proterva
701 1770 913 1821 lascivaque
942 1770 1055 1807 verba
1084 1769 1140 1806 vel
1163 1768 1327 1806 carmina
1348 1773 1383 1806 et
1401 1769 1597 1813 vanitates,
1615 1772 1650 1805 et
1670 1781 1765 1818 quae

353 1842 543 1887 praeterea
572 1834 737 1873 heluatio
766 1839 822 1872 est
850 1839 980 1871 contra
999 1832 1069 1870 Dei
1090 1832 1309 1870 mandatum
1327 1832 1632 1882 imtemperanter
1650 1831 1763 1869 eden-

353 1902 415 1947 do,
451 1901 630 1943 bibendo,
657 1902 764 1948 (2312)
801 1898 992 1937 vestiendo
1028 1902 1064 1936 et
1099 1910 1193 1948 quae
1230 1896 1340 1934 huius
1376 1896 1523 1945 generis
1560 1899 1660 1942 sunt,
1687 1896 1764 1936 sive

353 1967 534 2012 actiones,
562 1970 602 2003 ut
628 1964 842 2016 impudicae
869 1963 1049 2014 picturae,
1075 1962 1178 2007 libri,
1205 1961 1408 1999 amatoriae
1426 1961 1618 2012 epistolae,
1638 1961 1764 1998 omnia

353 2031 514 2081 denique
551 2029 689 2081 quibus
726 2029 804 2065 ullo
841 2039 1066 2078 quocunque
1102 2025 1214 2063 modo
1244 2025 1290 2062 ad
1318 2025 1416 2063 vitae
1441 2038 1561 2073 genus
1588 2024 1763 2062 illicitum

353 2095 431 2132 sive
458 2093 739 2132 immunditiem
767 2091 988 2130 excitemur.

937 2155 1076 2192 Interr.
1106 2157 1167 2193 64.

404 2223 509 2262 Quid
538 2226 662 2261 autem
690 2221 786 2259 dicis
815 2220 860 2258 de
887 2233 958 2258 usu
981 2219 1079 2257 vitae
1107 2217 1374 2256 connubialis?

993 2284 1107 2334 Resp.

405 2353 658 2391 Concubitum
698 2350 960 2400 coniugialem,
995 2348 1100 2386 iuxta
1137 2346 1206 2384 Dei
1236 2346 1511 2384 ordinationem
1541 2345 1763 2391 adhibitum,

354 2418 554 2456 honestum
581 2430 663 2455 esse
691 2416 855 2453 declarat
884 2414 1082 2458 Dominus,
1110 2417 1145 2449 et
1173 2411 1303 2449 laudat
1330 2424 1406 2457 eos,
1435 2410 1499 2461 qui
1526 2411 1578 2447 ita
1605 2409 1762 2447 manda-

353 2487 460 2522 tuum
490 2496 598 2520 suum
626 2484 740 2532 (quae
766 2484 822 2518 est
848 2480 998 2528 integra
1026 2477 1122 2515 ratio
1152 2477 1198 2514 ad
1227 2479 1329 2514 caste
1356 2475 1576 2522 vivendum)
1600 2487 1762 2525 sequun-

353 2551 427 2589 tur,
453 2558 569 2597 quare
596 2543 772 2582 omnibus
800 2541 1036 2587 mortalibus,
1065 2539 1322 2590 cuiuscunque
1348 2538 1423 2576 loci
1439 2538 1525 2583 sint,
1539 2537 1761 2587 imperatum

354 2615 421 2656 est,
455 2610 530 2647 nisi
565 2608 806 2660 peculiariter
842 2620 864 2644 a
897 2605 977 2644 Deo
1014 2603 1175 2656 praediti
1212 2603 1270 2642 vel
1306 2616 1327 2640 a
1364 2606 1498 2640 natura
1533 2600 1580 2639 ad
1616 2600 1655 2637 id
1683 2613 1759 2638 non

354 2675 430 2713 sint
458 2676 559 2724 (24³)
587 2672 729 2711 idonei.
