1830 3147
229 167 294 213 [A.
318 167 366 204 D.
391 166 503 213 1545]
964 166 1033 202 596

232 274 362 312 nullam
395 276 465 312 fere
499 273 600 310 aliam
640 273 761 321 magis¹
798 276 833 309 et
861 272 1005 321 proinde
1030 284 1203 321 cuperem,
1227 274 1310 310 nihil
1337 275 1453 311 haberi
1478 286 1589 322 posse,
1614 273 1705 322 quod
1731 274 1766 311 in

235 337 332 373 vobis
364 337 544 383 quisquam
570 336 644 371 iure
669 334 785 382 aliquo
809 334 994 371 desideret.
1044 334 1189 372 Vicistis
1215 335 1411 371 Lutherum
1440 336 1621 377 modestia,
1647 336 1766 377 fateor,

232 398 292 433 sed
325 400 440 433 tamen
472 396 564 432 illius
597 407 732 443 quoque
767 396 854 431 fines
889 396 1101 442 supergressi
1135 395 1216 432 mihi
1241 396 1397 433 nonnihil
1422 396 1597 433 videmini.
1644 396 1768 444 Neque

233 458 298 494 hoc
328 470 444 493 meum
479 459 534 492 est
564 455 810 492 tantummodo
840 455 1017 498 iudicium,
1042 456 1103 492 sed
1128 459 1165 493 et
1190 457 1340 504 plurium
1365 457 1522 499 aliorum,
1545 458 1605 504 qui
1629 457 1765 493 interim

230 518 425 554 doctrinam
450 520 600 554 vestram
625 519 817 565 sequuntur
841 520 877 553 et
901 516 999 553 vobis
1024 517 1155 566 alioqui
1179 518 1308 565 optime
1333 519 1467 556 volunt.
1507 518 1601 554 Novi
1625 529 1669 554 ex
1685 517 1768 554 viris

231 579 452 628 Principibus
477 578 657 627 quosdam,
683 579 742 627 qui
766 582 802 614 et
827 578 925 615 vobis
947 581 983 614 et
1007 590 1130 616 causae
1155 582 1292 616 vestrae
1317 579 1404 616 bene
1428 579 1564 622 volunt,
1588 582 1625 616 et
1646 578 1765 616 viden-

232 644 291 678 tur
323 642 388 678 hoc
424 653 500 677 esse
526 640 694 684 curaturi,
722 642 763 676 ut
787 639 829 675 ad
855 639 1057 676 institutum
1083 640 1264 677 doctorum
1290 640 1345 688 (ut
1370 640 1479 683 scitis,
1499 641 1636 689 opinor)
1659 639 1766 677 collo·

228 704 359 751 quium,
383 703 490 739 vestri
513 715 651 751 quoque
675 701 902 738 advocentur·
950 701 994 738 Id
1020 702 1049 738 si
1073 703 1147 744 fiat,
1172 702 1293 738 vellem
1318 714 1361 739 ne
1386 703 1592 739 recusaretis
1617 706 1679 738 aut
1704 713 1762 738 ve-

231 765 304 801 nire
330 767 391 800 aut
415 764 564 800 mittere.
598 761 678 798 Scio
701 761 783 809 quid
808 762 854 798 sit
879 760 1028 798 humana
1052 761 1197 798 consilia
1221 761 1264 797 de
1288 761 1390 798 rebus
1414 761 1552 798 Divinis
1574 761 1768 804 instituere,

230 824 293 861 sed
322 827 545 872 posteaquam
579 823 826 865 instituuntur,
858 825 1014 869 praestat
1047 822 1116 859 illis
1151 835 1252 871 quam
1279 822 1444 871 plurimos
1469 823 1543 871 pios
1567 824 1697 865 adesse,
1722 834 1766 858 ne

229 887 387 934 tyrannis
414 884 607 933 tyrannide,
633 884 726 933 quod
751 884 899 920 multum
915 886 1044 927 metuo,
1069 886 1314 921 commutetur.
1341 884 1439 927 Vale,
1459 885 1513 920 vir
1528 884 1766 931 integerrime!

229 949 264 982 et
289 947 412 982 fratres
436 947 574 982 nostros
598 956 797 981 communes
820 943 935 980 verbis
960 944 1044 980 meis
1070 943 1195 980 saluta.
1221 945 1363 991 Raptim
1413 944 1569 981 Embdac
1595 956 1662 980 xxv
1691 944 1764 979 Au-

230 1007 327 1054 gusti
352 1008 459 1044 1545.
510 1006 564 1043 Ex
590 1004 793 1042 Bibliandro
819 1016 1007 1053 cognosces
1033 1004 1133 1052 plura
1158 1005 1202 1049 2).
1251 1005 1384 1041 Iterum
1406 1005 1494 1042 vale.

1178 1066 1274 1102 Tuus
1300 1079 1341 1102 ex
1368 1066 1484 1102 animo

1062 1127 1228 1163 IOANNES
1251 1126 1272 1162 a
1296 1127 1433 1164 LAsco.
1460 1139 1507 1163 m.
1531 1138 1580 1174 pr.

273 1212 301 1252 ¹)
325 1210 463 1242 Nomine
497 1209 666 1243 Samuelis,
709 1211 737 1250 2)
767 1210 1022 1252 Intelligendum
1064 1213 1122 1249 est,
1156 1221 1227 1242 011111
1268 1210 1363 1242 simul
1401 1210 1440 1242 ad
1478 1209 1562 1242 Bibl.
1600 1208 1768 1252 epistolam

230 1266 365 1304 dedisse,
390 1276 453 1307 qua
476 1276 527 1297 res
551 1276 623 1297 suas
647 1265 821 1297 dilucidius
839 1271 1020 1307 aperuerat.

230 1450 292 1486 No.
319 1451 377 1486 31.

1373 1495 1478 1541 [nera.
1495 1497 1520 1532 s.
1537 1508 1560 1532 a.
1577 1491 1634 1532 vc.
1647 1506 1671 1538 p.
1687 1496 1767 1542 0⁴5.)

680 1616 739 1653 Ad
764 1617 1026 1654 HERMANNUM
1051 1615 1257 1654 LENTHIUM
1278 1620 1317 1661 ¹).

283 1726 336 1762 Mi
361 1726 511 1762 Domine
536 1725 756 1763 Hermanne!
782 1726 894 1762 Miror
919 1737 963 1761 ne
989 1723 1069 1762 odio
1094 1725 1160 1762 mei
1185 1725 1334 1773 quodam
1359 1724 1393 1761 id
1409 1725 1485 1766 fiat,
1510 1726 1550 1760 ut
1566 1723 1697 1760 nullum
1714 1723 1768 1760 hic

236 1788 270 1823 in
296 1787 462 1834 religione
487 1798 705 1834 progressum
732 1788 844 1824 faeere
870 1786 1010 1833 possim.
1036 1786 1132 1825 Quid
1159 1787 1248 1823 enim
1276 1786 1418 1822 obsecro
1441 1797 1500 1833 per
1513 1797 1566 1821 me
1581 1784 1638 1820 hic
1651 1788 1767 1821 actum

237 1852 292 1884 est
327 1851 404 1885 toto
435 1848 500 1884 hoc
534 1849 602 1884 iam
627 1848 808 1884 ministerii
832 1848 900 1883 mei
925 1851 1092 1895 tempore,
1118 1850 1354 1895 praeterquam
1379 1847 1472 1895 quod.
1496 1847 1604 1882 maior
1627 1848 1680 1882 est
1704 1846 1771 1883 ali-

234 1912 364 1957 quanto
389 1910 424 1945 in
448 1909 605 1945 doctrina
630 1920 832 1945 consensus.
856 1909 972 1948 Quem
999 1912 1114 1945 tamen
1140 1909 1205 1944 iam
1232 1921 1350 1945 rursus
1376 1912 1416 1944 ut
1439 1908 1541 1944 audio
1566 1907 1769 1955 perturbare

238 1970 376 2019 quidam
402 1974 585 2006 conantur.
611 1969 648 2006 Si
673 1970 854 2017 Princeps,
878 1971 907 2005 si
933 1969 1177 2016 Magistratus,
1200 1969 1227 2005 si
1252 1969 1431 2016 qnisquam
1457 1969 1558 2010 alius,
1583 1979 1636 2004 me
1657 1969 1768 2004 minus

235 2033 397 2069 idoneum
431 2034 491 2067 aut
525 2043 643 2078 parum
677 2031 813 2067 fidelem
846 2042 921 2066 esse
946 2033 1047 2078 putat
1071 2030 1106 2066 in
1132 2030 1196 2065 hoc
1224 2030 1424 2072 ministerio,
1449 2030 1568 2077 quidni
1594 2029 1673 2065 mihi
1699 2041 1768 2065 uno

238 2093 345 2130 verbo
369 2093 497 2129 dicitur
524 2093 687 2129 nPonem
711 2093 748 2129 Si
774 2104 828 2128 res
854 2104 924 2128 non
948 2095 1000 2128 est
1024 2091 1119 2128 cordi
1145 2091 1299 2138 Principi
1323 2094 1359 2127 et
1383 2104 1451 2127 non
1466 2093 1566 2138 putat
1579 2103 1653 2127 esse
1670 2091 1770 2127 officii

239 2155 292 2191 sui
325 2166 523 2202 promovere
556 2155 591 2191 in
617 2154 679 2190 hac
715 2166 777 2190 sua
804 2154 987 2191 vocatione
1012 2165 1130 2189 verum
1157 2152 1291 2189 cultum
1317 2153 1393 2195 Dei,
1418 2152 1501 2200 quid
1525 2152 1578 2188 illi
1602 2164 1688 2200 opus
1715 2154 1769 2187 est

241 2227 295 2251 me
324 2216 503 2252 ministro?
530 2215 633 2251 Certe
654 2226 719 2262 ego
739 2214 842 2251 huius
854 2214 908 2250 hic
925 2214 1166 2261 Magistratus,
1190 2225 1289 2261 quem
1307 2212 1351 2249 ab
1366 2213 1459 2249 omni
1472 2214 1601 2260 pietate
1618 2212 1767 2248 alienum
1803 2207 1806 2209 Α

240 2288 316 2311 esse
342 2276 454 2318 video,
477 2275 631 2311 minister
656 2287 729 2310 esse
753 2275 847 2311 nolo.
896 2275 981 2321 Spes
1006 2274 1088 2310 mihi
1113 2276 1186 2309 erat
1221 2274 1256 2309 in
1280 2273 1441 2320 Principe
1465 2285 1552 2320 quae
1577 2277 1613 2307 et
1638 2283 1691 2308 me
1715 2271 1770 2308 hic

241 2337 405 2373 retinuit:
430 2337 490 2372 sed
516 2341 552 2373 et
575 2336 664 2373 hanc
688 2336 888 2372 flaccessere
914 2335 1028 2378 video,
1056 2347 1145 2382 quae
1171 2336 1201 2371 si
1221 2347 1291 2371 non
1316 2334 1410 2371 aliud
1436 2335 1608 2381 specimen
1633 2334 1693 2369 dat
1716 2332 1770 2368 sui

244 2410 325 2445 erga
350 2397 550 2444 religionem
577 2395 696 2439 studii,
721 2398 879 2444 profecto
904 2408 1010 2443 cogor
1034 2396 1187 2443 cogitare
1213 2396 1305 2443 quod
1331 2395 1472 2431 nollem.
1498 2395 1574 2442 Ego
1599 2394 1699 2435 enim,
1724 2393 1769 2428 mi

243 2459 392 2495 Domine
417 2458 633 2494 Hermanne!
658 2460 855 2494 contemtus
880 2457 990 2493 Verbi
1014 2457 1135 2493 Divini
1159 2457 1315 2493 minister
1338 2468 1414 2492 esse
1438 2455 1532 2491 nolo.
1572 2455 1608 2491 Si
1633 2453 1769 2502 quidem

243 2520 300 2556 alii
325 2520 360 2555 in
385 2531 450 2554 suo
475 2518 666 2555 ministerio
691 2519 891 2566 permittere
915 2518 1051 2561 volunt,
1079 2521 1119 2554 ut
1142 2517 1251 2554 Verbi
1275 2517 1395 2554 Divini
1415 2516 1603 2553 auctoritas
1618 2517 1769 2550 contem-

246 2585 362 2624 natur,
396 2579 431 2616 id
468 2592 533 2627 ego
557 2579 696 2627 quidem
723 2581 810 2617 ferre
836 2591 953 2628 cogor,
977 2580 1037 2615 sed
1061 2582 1101 2616 ut
1126 2582 1265 2627 propter
1289 2579 1356 2615 mei
1380 2579 1496 2620 odium
1522 2576 1629 2612 Verbi
1654 2575 1772 2612 Divini

248 2643 438 2677 auctoritas
469 2641 506 2677 in
541 2653 617 2677 meo
654 2641 709 2678 hic
733 2641 927 2678 ministerio
950 2643 1204 2682 contemnatur,
1229 2640 1264 2676 id
1289 2639 1391 2687 plane
1415 2641 1502 2675 ferre
1526 2649 1596 2674 non
1620 2649 1771 2684 possum.

248 2704 377 2739 Annon
402 2705 456 2738 est
481 2702 695 2749 pudendum,
722 2713 777 2738 me
801 2701 866 2739 hoc
889 2713 959 2738 non
983 2714 1084 2749 posse
1107 2701 1302 2748 impetrare,
1326 2703 1367 2736 ut
1389 2700 1482 2736 iusta
1505 2698 1672 2734 habeatur
1696 2710 1775 2745 ege·

244 2774 364 2798 norum
398 2763 516 2799 ratio?
542 2765 583 2799 ut
607 2762 699 2799 idola
723 2775 810 2811 quae
835 2774 899 2798 nos
922 2763 988 2809 ipsi
1013 2762 1121 2798 oculis
1147 2763 1274 2798 nostris
1299 2762 1333 2798 in
1358 2760 1467 2796 nostri
1492 2759 1669 2796 ministerii
1694 2771 1775 2795 con-

246 2824 391 2858 temtum
425 2822 560 2858 adorari
592 2822 749 2859 videmus
775 2822 967 2859 tollantur?
1015 2822 1145 2865 Audio,
1168 2824 1326 2858 nostrum
1349 2832 1435 2863 esse,
1460 2822 1500 2856 ut
1523 2820 1772 2866 praedicemus.

246 2882 469 2930 Respondeo,
501 2895 571 2919 non
603 2895 678 2919 esse
708 2882 978 2931 praedicandum
1003 2883 1116 2930 porcis
1142 2886 1178 2919 et
1202 2882 1357 2925 canibus,
1385 2882 1418 2917 h.
1442 2892 1486 2923 0.,
1511 2882 1571 2929 qui
1595 2893 1664 2917 non
1688 2881 1774 2917 bene

245 2953 477 2980 commansum
503 2943 617 2979 cibum
644 2943 736 2980 hunc
761 2943 878 2978 nescio
901 2955 970 2990 quo
996 2943 1251 2978 transmittunt.
1459 2937 1463 2943 ’
