1830 3147
50 275 168 308 Matth.
192 275 243 307 18.

51 317 68 348 1
93 317 167 349 Cor.
191 318 241 349 11.

52 359 148 393 Rom.
169 361 199 392 4.

50 734 144 765 Rom.
168 733 197 771 3,
221 735 252 764 4.
274 769 277 772 ¹

51 777 144 807 Rom.
166 777 196 813 4,
222 777 250 807 6.

50 818 62 849 ]
93 819 167 851 Cor.
192 818 220 856 l,
244 818 294 850 10.

56 1509 174 1541 Matth.
199 1509 249 1541 18.

55 1552 131 1585 Luc.
155 1552 205 1584 22.

58 2036 177 2068 Matth.
200 2036 250 2068 28.

57 2080 159 2111 Marc.
186 2078 235 2110 16.

61 2597 144 2629 Mat.
166 2596 195 2633 3,
218 2595 269 2627 28.

63 2641 152 2671 Ioan.
174 2639 201 2670 Ι.

62 2682 140 2712 Luc.
164 2682 214 2712 20.

62 2724 146 2766 Eph.
170 2725 199 2756 5.

64 2768 135 2798 Act.
159 2767 210 2797 16.

65 2809 144 2840 Gen.
168 2807 218 2840 17.

64 2851 148 2884 Coll.
169 2852 199 2882 3.

338 91 409 128 524
874 102 963 130 CAT.
993 103 1105 130 nect.
1136 103 1235 131 ΕΜῐ).

387 268 485 305 Sunt
521 280 649 306 sacrae
685 269 853 307 actiones
892 269 969 307 sive
1006 274 1182 308 externae
1220 271 1487 318 caeremoniae,
1521 285 1541 309 a
1579 271 1743 310 Domino

335 333 422 370 Iesu
469 333 621 371 Christo
656 334 691 371 in
733 333 902 372 Ecclesia
941 348 1006 372 sua
1044 335 1240 374 ordinatae
1277 340 1313 374 ct
1349 339 1495 386 praeter
1532 335 1743 374 doctrinam

337 398 568 436 sacrosancti
597 398 810 449 Euangelii,
836 403 988 437 nostrae
1016 400 1290 439 imbecillitatis
1320 414 1445 444 causa,
1471 400 1682 440 institutae.

970 529 1021 568 Q.
1050 531 1110 567 54.

389 592 510 630 Quem
540 591 580 630 in
606 593 748 630 finem?

1021 657 1069 696 R.

387 720 568 766 Primum,
604 724 646 758 ut
673 720 946 772 promissiones
976 721 1248 771 [sacrosancti]
1276 721 1478 771 Euangelii
1507 723 1551 760 de
1578 723 1745 772 gratuita

337 785 559 823 remissione
586 789 826 836 peccatorum
854 790 890 823 et
919 786 1182 824 communione
1208 786 1374 824 iustitiae
1402 787 1556 834 Christi,
1575 801 1648 838 qua
1664 788 1744 825 fieri

338 854 464 901 posset
499 850 778 901 perspicuitate,
816 850 929 888 nobis
967 851 1016 888 ob
1054 851 1186 889 oculos
1221 858 1416 902 ponerent,
1452 856 1682 890 testarentur
1709 857 1745 891 et

338 914 597 964 obsignarent,
625 920 870 966 nostramque
897 917 1010 953 finem
1039 915 1079 952 in
1108 915 1178 953 Dei
1206 929 1294 965 erga
1322 929 1393 954 nos
1421 916 1681 954 benevolentia
1710 923 1745 954 et

338 979 481 1017 meritis
518 979 659 1017 Christi
694 983 911 1018 exercerent
949 981 1305 1031 confirmarentque.
1358 980 1516 1024 Deinde,
1545 987 1586 1019 ut
1615 985 1746 1019 contra

339 1057 409 1082 nos
438 1044 548 1081 officii
577 1044 696 1082 nostri
723 1058 811 1094 erga.
839 1044 957 1082 Deum
987 1049 1021 1083 et
1049 1044 1263 1096 proximum
1294 1045 1498 1094 [nostrum]
1530 1059 1744 1084 commone·

340 1110 506 1147 facerent
542 1112 578 1147 et
613 1109 660 1147 ad
696 1109 969 1159 gratitudinem
1009 1109 1250 1147 dilectionem
1280 1109 1427 1158 (fidem)
1456 1111 1743 1160 [constantiam]

341 1178 453 1225 atque
481 1174 735 1212 obedientiam
763 1174 969 1213 voluntatis
997 1174 1078 1212 eius
1107 1178 1401 1213 commoverent.

979 1238 1028 1277 Q.
1058 1241 1118 1276 55.
1182 1241 1185 1245 '

393 1303 501 1341 Quot
528 1306 615 1341 sunt
641 1302 857 1341 istiusmodi
885 1303 1153 1340 Sacramenta?

1019 1367 1066 1406 R.

395 1432 490 1476 Duo,
519 1432 679 1481 [nempe]
708 1431 928 1482 Baptismus
965 1436 1000 1469 et
1039 1432 1078 1470 S.
1108 1432 1247 1470 Coena.
1301 1432 1409 1469 Quae
1437 1435 1592 1483 utraque
1620 1446 1640 1470 a
1669 1431 1745 1469 Do-

341 1496 444 1534 mino
471 1495 559 1534 Iesu
588 1496 683 1533 serio
713 1496 937 1546 [admodum]
967 1495 1078 1533 nobis
1109 1495 1332 1533 demandata
1362 1499 1460 1533 sunt.

901 1701 953 1728 DE
982 1700 1199 1729 BAPTISMO.

977 1820 1028 1859 Q.
1058 1823 1119 1858 56.

395 1887 546 1927 Quibus
575 1886 699 1925 verbis
727 1885 914 1924 Dominus
941 1884 1170 1936 baptismum
1198 1884 1392 1922 instituit?

1019 1950 1066 1988 R.

393 2017 491 2056 Data
528 2020 583 2054 est
619 2015 713 2053 mihi
749 2014 911 2066 (inquit)
949 2014 1072 2052 omnis
1110 2017 1275 2065 potestas
1303 2012 1343 2050 in
1372 2013 1476 2050 coelo
1505 2017 1541 2051 et
1569 2013 1608 2050 in
1636 2017 1747 2051 terra.

342 2083 487 2120 Euntes
515 2093 604 2130 ergo
632 2080 673 2117 in
702 2079 881 2118 mundum
910 2078 1128 2116 universum
1156 2077 1286 2115 docete
1315 2090 1445 2115 omnes
1471 2081 1602 2126 gentes
1623 2077 1747 2128 bapti-

341 2152 469 2186 zantes
496 2159 559 2184 eos
586 2146 626 2183 in
654 2144 807 2183 nomine
837 2144 958 2181 Patris
982 2147 1018 2181 et
1044 2143 1134 2181 Filii
1162 2147 1198 2180 et
1226 2142 1388 2193 Spiritus
1418 2142 1547 2180 Sancti
1573 2142 1748 2180 docentes

342 2225 406 2251 eos
443 2223 590 2249 servare
625 2208 751 2247 omnia
780 2221 874 2259 quae
899 2207 1073 2259 praecepi
1101 2206 1223 2252 vobis,
1250 2206 1388 2257 quibus
1417 2206 1542 2244 verbis
1571 2206 1747 2257 deinceps

342 2276 632 2329 promissionem
667 2273 879 2323 subiungit:
920 2273 985 2324 qui
1023 2271 1225 2310 crediderit
1262 2271 1438 2322 inquiens
1474 2275 1510 2309 ct
1539 2271 1747 2322 baptizatus

343 2341 468 2387 fuerit,
496 2340 621 2379 salvus
650 2338 732 2384 erit,
758 2337 822 2388 qui
851 2350 936 2375 vero
966 2350 1042 2375 non
1072 2336 1272 2375 crediderit
1301 2335 1625 2374 condemnabitur.

974 2465 1025 2504 O..
1054 2466 1116 2505 57.

398 2534 504 2576 Quid
533 2536 588 2572 est
615 2530 863 2583 Baptismus?

1026 2594 1073 2632 R.

400 2667 514 2703 Sacra
549 2662 739 2701 institutio
777 2659 860 2705 Dei,
897 2672 969 2709 qua
1006 2658 1154 2707 singula
1183 2657 1374 2695 Ecclesiae
1404 2657 1543 2694 Christi
1573 2656 1751 2700 membra,

349 2736 424 2769 tam
460 2729 637 2772 infantes,
674 2739 786 2776 quam
825 2723 943 2761 adulti
980 2722 1121 2768 fideles,
1157 2735 1253 2772 aqua
1290 2722 1329 2758 in
1367 2721 1519 2758 nomine
1556 2720 1678 2758 Patris
1714 2725 1750 2758 et

350 2792 440 2832 Filii
467 2796 503 2830 et
532 2790 692 2842 Spiritus
723 2787 852 2825 Sancti
880 2786 951 2824 rite
977 2785 1232 2836 baptizantur.
