1830 3147
48 443 145 475 Deut.
168 445 196 480 ὕ,
222 444 271 482 10,

92 486 139 523 ll,
164 486 214 517 26.

48 528 153 559 Math.
177 529 228 559 2³2.

47 570 129 601 Iere.
151 570 201 602 17.

47 612 160 644 Roma.
186 611 213 644 7.

49 655 140 687 Gala.
164 656 192 686 5.

48 900 158 932 Roma.
184 902 212 932 ὅ.

46 1365 159 1397 Roma.
183 1365 212 1396 ὃ.

47 1941 159 1973 Roma.
206 1966 211 1972 .

52 2469 65 2500 l,
93 2470 181 2500 Ioan.
209 2470 235 2500 l.

53 2513 65 2542 l
90 2512 194 2543 Timo.
220 2512 246 2542 l.

48 2555 183 2585 Roman.
207 2555 237 2585 3.

48 2596 139 2628 Gala.
164 2597 194 2628 3.

47 2639 128 2669 Mat.
154 2639 204 2669 18.

46 2680 147 2712 Luke.
172 2680 220 2713 17.

47 2723 141 2754 Rom.
165 2724 194 2753 3.

46 2765 148 2809 Ephe.
172 2766 201 2798 2.

339 67 415 105 394
826 77 1000 106 cyrnon.
1030 78 1141 106 10:001..
1170 77 1288 106 LoNn.

931 181 1071 220 Interr.
1101 185 1163 221 85.

390 244 526 283 Quid?
554 244 648 294 Legi
676 245 792 295 igitur
820 259 895 284 non
926 246 1196 293 satisfacimus,
1225 248 1256 285 si
1284 249 1521 288 extrinsecus
1549 262 1570 288 a
1598 250 1762 300 peccatis

339 322 408 346 nos
437 308 708 347 continemus?

992 375 1108 426 Resp.

389 437 695 490 Haudquaquam
725 439 804 477 ullo
833 439 962 479 modo.
1016 439 1186 479 Externa
1212 441 1312 479 enim
1340 442 1491 493 pietatis
1520 443 1642 494 specie
1662 442 1764 481 Deus

337 506 538 541 contentus
566 504 671 551 (32³)
709 516 787 541 non
824 507 894 550 est,
931 504 1010 552 sed,
1039 517 1127 543 vero
1157 517 1222 542 cor
1250 505 1450 552 desiderat,
1477 506 1579 558 quod
1610 507 1763 558 inpene-

336 567 467 606 trabili
503 568 688 607 infectum
728 573 784 607 est
822 569 979 614 malitie,
1016 583 1091 621 qua
1128 571 1171 609 fit
1197 575 1241 610 ut
1266 572 1401 621 legem,
1429 585 1524 623 quae
1553 572 1763 623 spiritualis

335 638 405 677 est.
434 634 480 672 ad
509 634 663 686 plenum
692 635 893 674 observare
921 648 999 674 non
1026 636 1162 687 possit.

934 701 1074 740 Interr.
1103 704 1165 740 86.

387 764 519 803 Quum
556 768 682 803 autem
720 764 791 803 Dei
827 765 887 804 lex
924 765 971 803 iis
1007 767 1072 817 qui
1110 766 1315 806 observant
1350 780 1432 805 eam
1469 768 1508 805 in
1546 768 1674 811 vitam,
1718 769 1765 807 iis

337 843 424 867 vero
461 830 528 881 qui
565 843 647 867 eam
685 829 829 868 violant
867 830 907 868 in
943 836 1104 869 mortem
1141 831 1279 870 tradita
1315 837 1382 879 est,
1409 836 1445 871 et
1473 833 1591 884 probe
1620 833 1764 872 sciebat

336 894 450 939 Deus,
479 907 549 933 nos
576 901 729 945 propter
759 895 883 933 carnis
911 895 1172 935 infirmitatem
1200 897 1321 947 legem
1351 898 1552 936 observare
1580 911 1657 936 non
1675 911 1764 950 pos-

335 973 386 1007 se,
414 972 480 997 cur
509 972 597 1009 ergo
627 960 748 1010 legem
779 961 891 999 nobis
921 961 1050 1000 dedit?

997 1027 1112 1078 Resp.

386 1092 480 1130 Tres
510 1091 698 1143 scriptura
722 1090 834 1130 docet
863 1105 1008 1131 causas.

925 1157 1066 1196 Interr.
1097 1159 1160 1198 87.

387 1221 587 1260 Quaenam
616 1221 738 1272 prima
765 1222 850 1260 est?

990 1287 1104 1339 Resp.

388 1351 442 1389 Ut
470 1351 524 1389 sic
551 1351 665 1389 nobis
695 1350 798 1389 Deus
826 1351 1031 1401 imaginem
1060 1352 1106 1390 ad
1135 1366 1246 1404 quam
1268 1354 1375 1402 (32b)
1395 1353 1507 1391 initio
1539 1354 1652 1391 creati
1678 1368 1759 1392 era-

335 1429 431 1461 mus,
467 1420 505 1454 et
541 1420 730 1467 praeterea
769 1415 883 1454 etiam
921 1429 1134 1467 perversam
1163 1422 1338 1456 naturam
1366 1422 1550 1461 nostram,
1577 1417 1616 1455 in
1646 1432 1760 1469 quam

336 1494 438 1518 nunc
474 1481 610 1533 relapsi
640 1494 786 1528 sumus,
815 1481 930 1519 veluti
958 1481 998 1519 in
1028 1483 1182 1533 speculo
1210 1486 1367 1533 poneret
1395 1482 1444 1521 ob
1474 1483 1606 1520 oculos
1634 1489 1671 1521 et
1699 1483 1758 1521 in-

336 1546 489 1585 dicaret.

925 1612 1065 1651 Interr.
1097 1615 1159 1651 88.

386 1676 591 1715 Quomodo
622 1676 693 1714 hoc
721 1677 790 1715 fit?

990 1742 1104 1793 Resp.

386 1805 464 1844 Lex
510 1806 622 1844 nobis
659 1806 860 1857 pristinam
898 1810 1069 1844 nostram
1106 1807 1332 1845 creationem
1371 1808 1422 1845 ob
1466 1808 1599 1846 oculos
1636 1808 1757 1859 ponit,

333 1885 448 1922 quum
485 1872 594 1910 initio
634 1871 748 1909 homo
787 1871 842 1910 sic
871 1876 1018 1910 creatus
1046 1877 1137 1919 erat,
1164 1872 1481 1923 quemadmodum
1511 1872 1550 1911 in
1579 1873 1661 1923 lego
1689 1887 1756 1912 sua

334 1937 521 1975 Dominus
549 1938 585 1975 id
617 1937 748 1986 exig-it.
786 1938 833 1975 In
863 1951 937 1988 qua
967 1951 1070 1975 nunc
1097 1938 1210 1976 etiam
1238 1951 1451 1989 perversam
1480 1944 1652 1977 naturam
1684 1953 1754 1977 no-

334 2006 449 2039 stram
487 2001 770 2053 apprehendere
810 2001 1004 2048 debemus,
1030 2015 1148 2053 quum
1175 2002 1289 2051 longe
1317 2002 1427 2040 aliter
1454 2002 1614 2041 animati
1643 2008 1756 2054 atque

333 2066 509 2118 propensi
538 2080 681 2109 sumus,
709 2079 823 2117 quam
851 2066 890 2104 in
920 2067 1001 2116 lege
1030 2066 1142 2105 nobis
1169 2067 1441 2118 praescriptum
1470 2075 1537 2106 est.

924 2198 1062 2236 Interr.
1091 2201 1153 2237 89.

385 2263 489 2303 Quid
518 2263 630 2302 nobis
657 2263 823 2315 prodest,
852 2277 872 2302 e
898 2264 981 2313 lege
1009 2277 1079 2302 nos
1106 2263 1146 2302 id
1174 2266 1278 2313 (3321)
1308 2265 1524 2316 percipere?

983 2395 1100 2446 Resp.

384 2459 440 2498 Ut
476 2459 813 2511 apprehendamus,
849 2460 979 2510 quales
1016 2473 1117 2498 nunc
1154 2460 1286 2506 simus,
1313 2473 1445 2511 nempe
1472 2464 1686 2511 peccatores
1715 2464 1751 2497 et

335 2524 516 2571 damnati,
549 2524 620 2562 Dei
657 2524 861 2569 debitores,
888 2524 954 2575 qui
981 2538 1190 2575 numquam
1219 2525 1364 2563 solvere
1390 2523 1591 2576 possimus,
1619 2523 1683 2561 scd
1714 2523 1752 2561 in

334 2592 525 2626 aeternum
564 2588 753 2627 debitores
790 2602 1061 2636 remaneamus,
1098 2595 1141 2627 ut
1177 2589 1243 2636 sic,
1271 2589 1377 2627 omni
1412 2589 1453 2626 in
1482 2587 1592 2626 nobis
1621 2594 1751 2625 coacta

335 2654 583 2700 contumacia,
619 2667 764 2705 semper
803 2654 921 2692 debiti
958 2654 1079 2692 nostri
1116 2668 1298 2693 memores
1328 2655 1458 2700 simus,
1485 2654 1633 2705 quoties
1662 2653 1749 2691 dili-

334 2724 463 2769 genter
491 2719 523 2757 ei
551 2719 805 2757 attendamus.
