1830 3147
826 92 894 131 75⁷
1351 89 1410 136 [A.
1437 88 1482 125 D.
1508 84 1622 135 1558]

93 205 234 243 Christo
259 206 296 242 et
320 205 462 252 propter
487 202 668 239 Christum
694 213 799 250 quam
825 201 924 238 Deus
950 200 1030 237 vult
1053 199 1121 236 fide
1145 196 1355 247 apprehendi
1379 199 1416 234 et
1440 208 1513 234 non
1537 209 1620 234 con·

91 267 212 305 temni.
260 267 414 303 Fatemur
450 267 487 302 et
511 264 694 310 credimus,
728 266 907 313 quatenus
938 263 1056 300 Coena
1088 263 1145 298 est
1178 260 1376 298 communio
1401 259 1557 307 corporis
1582 262 1619 296 et

90 328 270 376 sanguinis
296 328 438 371 Christi,
463 329 607 364 externe
632 339 755 375 panem
780 338 908 364 coenae
933 337 1008 361 essc
1034 336 1116 361 vere
1148 325 1184 360 in
1210 321 1377 371 mysterio
1402 333 1540 368 corpus,
1557 333 1618 368 po-

90 390 254 427 titionem
278 389 364 425 item
389 400 517 425 coenae
543 401 616 425 esse
642 388 849 435 sanguinem
875 386 1019 423 Christi.
1046 387 1200 422 Fatemur
1224 384 1347 431 itaque
1371 383 1477 420 etiam
1494 385 1530 419 et
1547 394 1619 418 cre-

89 451 204 488 dimus
230 450 410 487 Christum
436 450 628 487 Dominum
654 462 735 486 vere
761 451 798 486 et
823 448 1058 486 essentialiter
1080 446 1201 483 adesse
1219 458 1302 482 suae
1320 457 1447 482 coenae
1463 456 1618 493 pascere-

92 526 162 561 que
198 525 296 548 suam
327 511 519 548 Ecclesiam
552 524 634 549 vere
658 511 702 547 ad
726 510 887 554 salutem,
914 522 985 546 una
1009 521 1089 546 cum
1114 507 1167 544 his
1193 507 1296 543 rebus
1322 519 1413 554 quae
1437 505 1617 550 videntur,

91 586 214 621 nempe
248 585 336 620 pane
361 575 397 608 et
422 572 518 616 vino,
545 584 628 609 vero
654 572 760 608 etiam
787 582 933 619 corpore
959 572 996 606 et
1021 569 1191 616 sanguine
1216 580 1280 604 suo
1306 567 1350 604 ad
1375 567 1484 603 vitam
1509 569 1619 603 aeter-

89 647 180 678 nam,
213 637 256 670 ut
290 633 370 670 fidei
402 633 562 670 manibus
594 633 833 681 percipiantur
858 635 894 668 et
920 644 980 668 ore
1004 630 1085 667 fidei
1110 631 1316 673 sumantur3
1343 628 1618 675 damnamusque

90 708 150 732 eos
183 695 245 742 qui
277 696 376 742 signa
408 694 672 731 sacramentalia
702 694 858 730 absentis
891 692 934 729 de
967 704 1074 729 coena
1105 704 1169 727 sua
1195 690 1327 726 Christi
1352 689 1496 726 Domini
1522 689 1620 737 signa

89 768 165 793 esse
197 755 335 799 docent,
370 757 407 791 et
438 756 501 803 qui
532 756 569 791 in
602 755 735 791 Christi
765 753 1056 791 institutionibus
1089 752 1207 789 inania
1237 752 1332 788 nuda
1362 754 1471 799 atque
1505 752 1620 789 otiosa

91 818 191 864 signa
215 829 290 853 esse
315 816 567 864 imaginantur,
593 820 634 853 ut
659 816 831 853 circulum
857 819 893 852 et
918 815 1079 852 hederam
1103 826 1288 862 appensam
1313 813 1405 851 circa
1429 813 1621 851 tabernam.

140 879 238 916 Haec
263 891 328 916 nos
353 878 404 915 ita
429 891 564 927 semper
588 878 736 926 professi
762 891 883 914 sumus
908 879 1016 925 atque
1040 877 1128 912 hanc
1154 875 1349 912 doctrinam
1375 877 1411 912 et
1436 875 1622 922 scripturis

92 942 129 976 et
153 939 319 989 symbolis
351 940 543 985 veteribus,
576 940 728 988 denique
761 943 798 977 et
831 939 1053 976 Confessioni
1085 938 1317 985 Augustanae
1349 939 1619 974 consentaneam

92 1014 167 1053 esse
200 1014 272 1039 non
296 1001 509 1038 dubitamus.
537 1002 735 1038 Statuimus
759 1002 866 1039 etiam
891 1001 987 1037 illam
1012 1001 1098 1037 satis
1124 1012 1199 1036 esse
1223 999 1266 1035 ad
1291 998 1516 1036 retinendum
1543 999 1620 1035 fun-

94 1065 298 1101 damentum
322 1063 503 1100 doctrinae
526 1064 750 1111 Apostolicae
774 1065 811 1100 in
825 1063 980 1101 Ecclesia
998 1062 1130 1099 Christi
1147 1062 1248 1097 iuxta
1265 1061 1466 1109 scripturas,
1484 1061 1621 1097 etiamsi

95 1125 138 1164 de
169 1124 315 1173 reliquis
349 1125 550 1162 consentire
582 1124 695 1161 adhuc
728 1138 798 1162 non
823 1124 1009 1173 possimus.
1059 1122 1223 1159 Orandus
1249 1127 1303 1158 est
1329 1122 1425 1158 Deus
1450 1124 1493 1157 ut
1517 1121 1622 1158 semel

94 1187 283 1235 aliquando
309 1187 352 1223 de
377 1186 539 1223 omnibus
563 1186 655 1223 idem
681 1186 873 1223 sentiamus
898 1188 934 1222 et
959 1185 1157 1233 loquamur.
1195 1184 1346 1220 Interim
1370 1196 1454 1220 vero
1479 1196 1544 1220 nos
1569 1183 1621 1220 in-

94 1247 205 1285 vicem
230 1247 380 1284 feramus
405 1247 444 1283 in
467 1247 640 1284 charitate
665 1250 701 1283 et
729 1247 950 1283 fraternitate
977 1245 1187 1289 Christiana,
1212 1245 1417 1293 praesertim
1442 1257 1522 1282 cum
1539 1244 1622 1281 doc-

93 1309 205 1346 trinae
239 1307 466 1356 Apostclicae
499 1307 765 1344 fundamentum
795 1308 1009 1344 unanimiter
1034 1306 1321 1343 antichristianae
1355 1305 1533 1354 tyrannidi
1559 1318 1618 1354 op-

94 1382 223 1418 ponere
247 1369 463 1407 studeamus.
512 1369 764 1417 Regiomontii,
793 1371 834 1406 15
861 1368 995 1417 Aprilis
1021 1368 1126 1404 1558.

1165 1428 1198 1467 Ι.
1221 1427 1242 1464 ὲ,
1266 1428 1401 1465 LAsco.

140 1530 167 1569 ¹)
189 1529 359 1561 Prutenica
383 1530 468 1561 Eccl.
491 1529 636 1562 Ecclesia
658 1529 993 1562 Prussiacindicatur.
1015 1530 1044 1569 2)
1066 1527 1213 1570 Respicit
1223 1527 1301 1560 haec
1313 1537 1363 1569 ep.
1380 1526 1453 1559 coll.
1469 1527 1623 1567 Regium„

96 1585 242 1618 habitum
265 1585 303 1617 ad
327 1585 356 1618 d.
381 1596 420 1617 xv
443 1585 548 1628 April.
572 1586 653 1617 1558
676 1596 747 1618 cum
770 1585 847 1617 min.
869 1584 1064 1617 Prutenicis.

93 1793 128 1831 N
133 1793 160 1831 ⁰.
188 1793 270 1830 133.
1201 1793 1249 1840 [Ex
1261 1794 1334 1837 Λεώς
1345 1795 1411 1830 Secr.
1422 1796 1481 1836 neg.
1494 1792 1617 1838 Region]

636 1854 694 1890 Ad
719 1855 856 1892 Ducem
880 1855 1082 1892 Pnussms.

141 1976 178 2012 Si
203 1989 257 2013 res
282 1976 397 2013 verbis
422 1977 618 2024 pensandae
642 1978 770 2021 essent,
797 1988 978 2025 operosam
1002 1988 1085 2013 sane
1110 1975 1305 2025 Epistolam
1331 1975 1506 2012 declarata
1527 1988 1623 2013 nune

93 2038 129 2074 in
163 2051 227 2075 nos
252 2040 336 2075 tuae
361 2038 592 2075 Celsitudinis
617 2038 804 2075 clementia
828 2037 1038 2086 postularet.
1087 2037 1155 2074 Sed
1179 2050 1258 2074 cum
1284 2049 1398 2084 neque
1423 2037 1471 2074 sit
1496 2037 1623 2074 virium

95 2101 306 2142 nostrarum,
348 2099 488 2146 dignam
529 2101 613 2136 tuae
646 2099 858 2136 Celsitudiui
889 2099 964 2136 ullo
996 2099 1099 2136 modo
1132 2099 1262 2136 referre
1294 2098 1454 2145 gratiam,
1489 2100 1526 2135 et
1560 2100 1626 2135 tua

96 2159 277 2196 celsitudo
304 2159 408 2196 verba
433 2173 504 2197 non
530 2173 644 2207 usque
668 2160 754 2196 adeo
779 2162 936 2196 moretur
962 2162 1154 2207 nostraque
1179 2162 1359 2207 praeterea
1383 2158 1533 2195 infantia
1563 2159 1622 2196 ob-

96 2222 169 2256 stet
201 2220 316 2264 etiam‚
353 2221 541 2268 quominus
575 2221 630 2258 hic
662 2219 796 2268 aliquid
830 2223 1008 2268 praestare
1039 2220 1223 2268 possimuS,
1257 2219 1464 2256 confidimus
1501 2219 1625 2267 pietati

95 2278 299 2316 clementiae
332 2283 368 2316 et
401 2280 613 2317 humanitati
647 2279 876 2317 celsitudinis
909 2282 1002 2324 tuae,
1029 2280 1125 2327 quod
1161 2279 1316 2316 animum
1341 2282 1515 2322 nostrum,
1541 2281 1625 2316 tuac

95 2338 305 2387 Celsitudini
338 2340 471 2388 alioqui
504 2340 795 2385 addictissimum,
829 2341 877 2377 sit
909 2340 1057 2388 benigne
1088 2352 1128 2378 ac
1163 2339 1354 2377 clementer
1387 2342 1624 2388 acceptatnra,

97 2400 236 2437 etiamsi
263 2401 375 2437 verbis
399 2401 443 2437 ad
467 2402 617 2449 agendas
644 2405 726 2438 tuae
753 2402 964 2439 Celsitudini
989 2402 1120 2448 gratias
1145 2401 1249 2449 plane
1274 2401 1520 2438 destituamur.
1546 2401 1628 2439 Hoc

95 2465 189 2497 certe
213 2462 418 2508 profitemur
451 2463 613 2509 ingenue,
639 2476 703 2499 nos
730 2466 812 2499 tuae
838 2463 1050 2499 Celsitudini
1075 2465 1236 2511 oportere
1262 2475 1336 2499 csse
1359 2461 1626 2507 addictissimos,

95 2525 137 2559 ut
163 2523 225 2570 qui
250 2523 335 2559 nihil
361 2524 470 2571 magis
494 2524 685 2572 cupiamus,
711 2537 817 2572 quam
842 2527 885 2561 ut
910 2527 1066 2561 nostram
1091 2524 1347 2571 gratitudinem
1373 2526 1482 2571 atque
1508 2524 1626 2561 obser-

98 2585 253 2621 vantiam
284 2585 458 2622 declarare
491 2599 530 2622 ac
556 2587 749 2623 contestari
775 2586 867 2635 apud
893 2599 1023 2630 omnes,
1049 2589 1133 2622 tuae
1160 2598 1242 2623 vero
1269 2585 1481 2622 Celsitudini
1506 2599 1628 2634 appro-

100 2646 179 2682 bare
204 2646 308 2683 etiam
334 2646 453 2693 aliquo
480 2647 580 2683 modo
606 2647 791 2695 possimus,
818 2652 853 2684 et
879 2646 1037 2684 dabimus
1063 2659 1201 2695 operam
1219 2659 1282 2695 pro
1301 2659 1435 2682 summa
1453 2646 1548 2682 virili
1565 2660 1626 2684 no-

97 2710 180 2748 stra,
214 2708 257 2741 ut
292 2708 354 2741 tua
388 2705 571 2742 Celsitudo
605 2705 792 2753 intelligat,
825 2719 888 2743 nos
923 2719 1038 2754 neque
1079 2706 1237 2753 ingratos
1273 2718 1385 2753 neque
1410 2708 1628 2743 immemores

97 2777 173 2801 esse
208 2765 348 2803 futuros
380 2766 625 2803 beneficiorum
659 2767 767 2814 ipsius
796 2771 834 2813 ¹).
883 2767 983 2804 Inter
1009 2779 1099 2814 quae
1124 2767 1229 2804 etiam
1254 2766 1291 2804 id
1315 2779 1386 2803 non
1410 2769 1626 2814 postremum

97 2827 328 2873 agnoscimus,
363 2827 458 2874 quod
489 2831 550 2864 tua
585 2827 766 2865 Celsitudo
802 2828 901 2865 nobis
935 2828 1137 2865 adiunxerit
1169 2841 1250 2865 vere
1282 2826 1416 2865 nobiles
1457 2830 1493 2865 et
1533 2829 1626 2865 omni

97 2890 177 2924 tuac
211 2887 440 2926 Celsitudinis
473 2889 700 2928 beneficentia
734 2890 858 2938 dignos
893 2890 995 2941 plane
1029 2891 1136 2936 viros,
1162 2890 1353 2928 Dominum
1379 2889 1623 2929 Hondorffium
