1830 3147
196 160 269 200 154

195 273 306 311 nobis
347 271 532 321 designat,
568 273 644 308 tam
683 272 783 307 certo
824 272 952 306 nostra
989 266 1063 304 iam
1091 278 1171 303 esse
1198 264 1336 311 omnia,
1364 278 1457 315 quae
1486 264 1634 302 Christo
1664 264 1735 302 soli

194 336 344 387 propria
373 340 490 380 erant,
518 347 582 385 per
611 333 771 370 delatam
800 331 909 369 nobis
929 330 1095 380 gratuito
1119 330 1270 366 illorum
1291 327 1603 372 communionem,
1621 341 1733 379 quam

198 405 296 438 certo
327 404 454 436 nostra
485 402 585 441 sunt,
613 410 706 448 quae
733 395 833 434 intra
863 408 931 432 nos
953 394 1027 431 iam
1049 398 1196 444 sumpta
1216 392 1408 438 habemus,
1427 414 1478 420 -
1496 392 1548 429 ita
1565 405 1634 429 nos
1653 405 1734 429 mo-

201 470 264 502 net
303 463 428 506 etiam,
455 466 497 499 ut
527 461 720 499 Christum
749 459 951 497 Dominum
981 458 1021 495 in
1049 457 1160 495 nobis
1187 457 1262 494 iam
1289 459 1502 495 manentem
1530 469 1595 507 per
1621 456 1733 493 fidem

195 529 271 565 vita
308 528 418 565 etiam
457 532 584 564 nostra
621 525 827 576 exprimere
869 523 1085 561 studeamus
1114 522 1293 572 illumque
1318 521 1360 559 in
1387 521 1527 559 nostris
1557 520 1734 558 cordibus

196 592 364 631 hahitare
402 595 579 628 testemur
616 604 679 641 per
718 589 852 627 mentis
892 593 1042 626 nostrae
1079 586 1358 637 affectuumque
1380 590 1596 624 nostrorum
1623 585 1734 623 inno-

195 657 396 695 vationem.
453 657 501 693 Et
535 669 676 696 rursus,
722 652 1040 705 quemadmodum
1076 652 1168 689 haec
1201 651 1283 702 ipsa
1317 651 1426 702 panis
1462 655 1499 688 et
1532 650 1660 702 poculi
1695 649 1735 688 in

197 722 322 759 Coena
358 719 598 771 participatio
636 717 874 762 testificatur,
913 716 1106 753 Christum
1133 715 1339 752 Dominum
1367 715 1405 752 in
1436 713 1635 752 deferenda
1663 726 1733 751 no-

195 787 252 823 bis
281 791 409 824 nostra
439 798 563 822 secum
594 783 856 822 commuuione
886 787 1056 820 nostrum
1083 780 1269 832 imprimis
1296 781 1463 817 fructum
1491 784 1734 830 nostramque

193 851 395 889 utilitatem
424 854 620 901 spectasse,
641 871 691 877 --
715 849 891 886 nimirum
922 854 961 884 ut
988 847 1052 884 illa
1081 851 1116 884 et
1143 847 1217 883 iam
1238 846 1277 883 in
1299 845 1373 883 vita
1393 849 1522 882 nostra
1540 858 1605 896 per
1621 845 1732 882 fidem

194 918 229 951 et
268 913 418 950 demum
445 925 484 949 re
513 912 590 962 ipsa
620 913 731 948 etiam
762 911 800 947 in
831 909 982 947 coelesti
1010 909 1099 947 olim
1126 908 1248 957 gloria
1276 909 1481 946 frueremur
1507 928 1558 935 —-
1585 907 1638 944 ita
1665 919 1734 952 nos

194 978 304 1015 simul
343 990 491 1028 quoque
525 976 848 1024 ad-(230)1nouct‚
885 979 924 1011 ut
962 977 1091 1011 nostra
1119 973 1258 1017 omnia,
1285 985 1379 1023 quae
1405 972 1445 1009 in
1474 985 1543 1010 nos
1573 971 1734 1009 contulit

195 1042 393 1087 Dominus,
429 1040 611 1092 proximis
648 1040 760 1078 etiam
798 1053 841 1076 ac
878 1039 1059 1076 fratribus
1088 1038 1228 1076 nostris
1256 1038 1409 1084 utenda,
1438 1037 1469 1075 si
1497 1037 1647 1088 quando
1677 1050 1734 1074 res

193 1107 245 1145 ita
281 1108 458 1159 postulet,
494 1106 748 1151 exhibeamus,
788 1119 830 1142 ac
868 1110 945 1142 tum
986 1105 1135 1142 demum
1173 1117 1261 1142 sane
1298 1107 1427 1141 nostra
1456 1116 1526 1140 nos
1553 1102 1734 1140 fratribus

194 1173 335 1211 nostris
375 1172 550 1210 detulisse
578 1171 821 1220 gaudeamus,
852 1183 933 1207 cum
964 1170 1048 1206 illos
1077 1169 1217 1207 nostris
1245 1168 1300 1206 uti
1326 1182 1370 1206 ac
1389 1155 1471 1205 *frui
1498 1167 1536 1205 in
1564 1167 1731 1218 ipsorum

193 1231 416 1276 necessitate
444 1237 627 1275 videmus.

247 1303 511 1341 Observantur
539 1306 662 1340 autem
691 1304 727 1339 et
755 1301 827 1338 alia
854 1300 1031 1350 mysteria
1059 1301 1097 1337 in
1126 1300 1218 1351 ipsis
1248 1302 1395 1337 Coenae
1414 1300 1620 1343 elementis,
1639 1314 1733 1351 pane

192 1370 346 1420 inquam
392 1373 428 1406 et
463 1368 566 1413 vino,
602 1368 634 1405 si
671 1370 845 1405 naturam
883 1366 1034 1403 illorum
1074 1365 1293 1414 diligentius
1331 1365 1443 1414 paulo
1479 1365 1733 1405 observemus.

195 1436 328 1485 Neque
355 1433 452 1471 enim
482 1437 620 1471 temere
650 1431 822 1469 Christus
851 1431 1038 1468 Dominus
1067 1444 1162 1482 pane
1190 1430 1428 1481 potissimum
1457 1437 1493 1468 et
1521 1431 1608 1468 vino
1639 1432 1730 1469 Coe-

193 1514 281 1538 nam
310 1513 414 1537 suam
443 1498 532 1536 novi
560 1497 774 1535 testamenti
802 1496 945 1547 peregit
972 1500 1008 1534 et
1036 1509 1113 1533 non
1141 1497 1281 1533 frustra
1312 1495 1452 1546 alioqui
1471 1495 1607 1533 Paulus
1622 1496 1734 1533 etiam

195 1565 342 1602 Coenae
371 1562 591 1600 Dominicae
620 1561 798 1599 convivas
828 1575 941 1598 unum
970 1574 1101 1611 panem
1131 1574 1210 1598 esse
1238 1560 1358 1598 docet.
1390 1561 1463 1598 Sed
1483 1560 1529 1598 de
1550 1560 1607 1608 his
1625 1561 1733 1611 plura

193 1628 234 1666 in
271 1627 542 1670 admonitione,
578 1630 672 1677 qu'ae
711 1626 869 1663 habetur
905 1631 991 1676 post
1026 1625 1144 1676 ipsam
1184 1625 1331 1663 Coenae
1359 1624 1734 1664 administrationem.

197 1693 312 1731 Nunc
340 1691 385 1729 de
414 1693 488 1729 fine
516 1692 662 1728 Coenae
691 1690 894 1728 videamus.
1350 1693 1351 1697 ’

251 1824 316 1862 De
341 1821 609 1875 praecipuo
640 1822 830 1859 Coenae
859 1819 1147 1858 Dominicae
1175 1819 1292 1858 fine.

253 1954 397 1992 Coenae
433 1952 655 1990 Dominicae
688 1953 782 1989 fines
819 1950 883 1988 alii
919 1950 1057 2001 plures,
1084 1950 1147 1987 alii
1177 1950 1270 1987 duos
1299 1950 1454 1988 faciunt.
1509 1951 1591 1988 Nos
1618 1965 1735 1989 unum

202 2018 384 2056 duntaxat
412 2029 491 2053 esse
519 2015 694 2060 dicimus,
730 2014 894 2064 reliquos
924 2026 1010 2050 vero
1038 2014 1135 2055 inter
1165 2013 1274 2051 unius
1300 2013 1409 2051 istius
1437 2015 1581 2052 fructus
1609 2028 1738 2053 omnes

202 2095 454 2121 numeramus.
509 2080 606 2117 Eum
652 2080 771 2127 (231)
816 2091 926 2129 porro
976 2079 1122 2116 Coenae
1158 2078 1381 2116 Dominicae
1416 2080 1529 2116 finem
1567 2080 1740 2118 Christus

201 2147 357 2198 ipsemet
395 2145 582 2183 Dominus
619 2143 777 2181 eundem
821 2143 976 2180 omnino
1015 2156 1094 2180 esse
1132 2142 1251 2189 docet,
1290 2156 1399 2193 quem
1429 2144 1529 2181 etin
1558 2144 1640 2182 aliis
1668 2147 1736 2182 Sa-

204 2210 404 2249 cramentis
450 2209 625 2247 omnibus
672 2209 938 2259 scripturarum
985 2208 1202 2245 testimonio
1248 2208 1359 2246 nobis
1405 2214 1737 2248 commonstratum

203 2276 398 2319 hahemus,
442 2287 575 2325 nempe
619 2277 658 2311 ut
703 2272 844 2310 Christi
889 2272 1059 2310 Ecclesia
1103 2273 1324 2310 obfirmetur
1368 2278 1480 2324 atque
1517 2274 1737 2327 obsignetur

206 2341 351 2378 Coenae
378 2339 601 2377 Dominicae
638 2351 707 2376 usu
743 2338 782 2375 in
812 2351 896 2375 vera
924 2337 1003 2374 eius
1031 2338 1199 2386 mysterii
1226 2337 1310 2382 fide,
1337 2338 1437 2389 quod
1466 2343 1619 2376 externo
1638 2339 1739 2377 illius

206 2405 315 2454 signo
362 2405 621 2446 adumbratur.
665 2416 798 2453 nempe
842 2402 881 2439 in
922 2402 1060 2439 donata
1105 2402 1215 2439 nobis
1262 2416 1344 2440 eum
1390 2403 1539 2440 Christo
1574 2403 1738 2440 Domino

205 2468 370 2517 gratuita
406 2469 444 2505 in
483 2480 639 2518 corpore
674 2472 710 2504 et
739 2466 920 2515 sanguine
949 2479 1016 2503 suo
1047 2467 1323 2505 commuuione.
1377 2467 1489 2505 Hanc
1515 2467 1615 2504 enim
1644 2468 1736 2505 Coe-

207 2546 292 2570 nam
324 2545 426 2569 suam
454 2532 623 2569 instituit
651 2531 698 2569 ad
727 2531 783 2568 sui
811 2530 1123 2575 recordationem,
1157 2535 1341 2581 quatenus
1368 2531 1447 2581 ipse
1474 2530 1635 2581 quidem,
1662 2536 1737 2569 tra-

208 2596 286 2632 dito
325 2608 391 2645 pro
429 2596 539 2632 nobis
576 2595 615 2632 iu
651 2600 809 2632 mortem
848 2607 915 2632 suo
954 2608 1109 2645 corpore
1148 2602 1184 2632 et
1218 2596 1302 2632 suso
1331 2595 1418 2632 item
1448 2607 1515 2631 suo
1544 2595 1738 2643 sanguine,

207 2660 252 2698 ad
295 2659 406 2697 vitam
437 2672 505 2697 nos
533 2673 661 2697 rursus
690 2664 875 2696 aeternam
906 2671 925 2695 a
953 2662 1074 2695 morte
1101 2662 1250 2697 aeterna
1279 2658 1478 2701 revocavit,
1505 2658 1643 2695 donata
1672 2672 1740 2696 no-

208 2724 267 2761 bis
314 2724 455 2774 alioqui
493 2724 614 2762 omnis
652 2724 710 2760 sui
745 2723 869 2760 meriti
915 2722 1111 2772 omnisque
1147 2736 1233 2760 suae
1268 2719 1431 2760 iustitiae
1467 2723 1741 2762 communione.

208 2792 334 2840 Atque
372 2788 581 2825 recordatio
619 2801 707 2826 sane
744 2788 834 2826 haec
870 2800 945 2825 non
983 2792 1130 2824 tautum
1157 2792 1212 2825 est
1239 2788 1358 2838 posita
1386 2787 1426 2824 in
1454 2787 1552 2824 nuda
1581 2789 1743 2838 quadam

211 2853 389 2893 historiae
426 2853 559 2891 veteris
597 2853 756 2891 alicuius
784 2852 1075 2897 reminiscentia,
1109 2866 1201 2902 quae
1229 2853 1281 2890 rei
1307 2857 1432 2902 gestae
1460 2853 1523 2900 (ad
1553 2866 1621 2890 nos
1649 2854 1742 2891 alio-

211 2918 276 2973 qui
313 2931 388 2956 non
426 2918 479 2957 ita
504 2917 664 2956 multum
691 2916 932 2970 pertinentis)
961 2917 1180 2956 memoriam
1208 2922 1374 2963 renovet,
1400 2922 1511 2969 atque
1538 2917 1578 2955 in
1605 2918 1745 2956 nudam
