1830 3147
62 963 159 996 Gene.
184 963 212 995 1.

62 1292 162 1333 Ephe.
189 1293 216 1323 1.

61 1334 142 1366 lere.
165 1333 214 1372 27,
240 1335 290 1366 32.

59 1376 134 1408 Esa.
156 1377 207 1414 42,
230 1378 280 1407 44.

60 1418 158 1450 Gene.
181 1419 231 1450 12.

61 1461 147 1493 Ioan.
174 1462 202 1492 5.

60 1505 126 1536 Act.
151 1502 201 1536 17.

60 1744 141 1775 Mat.
164 1744 215 1775 23.

59 1785 141 1819 Exo.
166 1787 214 1819 15.

59 2265 160 2306 Ephe.
186 2266 213 2302 l,

60 2307 150 2338 loan.
173 2308 224 2338 90.

59 2349 154 2388 Esay.
177 2349 227 2379 63.

59 2391 144 2423 Psal.
167 2391 236 2422 103.

60 2433 142 2464 Mat.
166 2433 195 2466 7.

60 2475 137 2507 Luc.
161 2475 210 2512 11,
236 2476 284 2506 15.

347 137 421 173 410
840 146 1012 174 CATEGH.
1045 147 1150 175 1:001..
1181 146 1294 175 nOND.

917 249 1056 288 Interr.
1086 251 1172 288 121.

398 312 601 350 Quomodo
629 313 826 352 duodecim
854 313 912 351 illi
938 313 1026 352 fidei
1054 318 1205 352 nostrae
1231 314 1381 353 articuli
1410 313 1656 353 dividuntur?

993 442 1067 479 Res
1100 471 1108 480 .

398 505 605 556 Tripartito
634 505 801 544 dividere
829 519 892 544 eos
919 455 1130 557 possumiiS‚
1156 506 1263 544 iuxta
1291 511 1366 545 tres
1395 513 1546 545 sanctae
1573 507 1754 547 trinitatis

346 582 537 620 personas,
563 572 668 620 (4412)
697 571 858 616 Patrem,
885 571 1024 608 Filium
1053 576 1089 609 et
1117 571 1300 621 Spiritum
1329 572 1524 610 Sanctum.

922 699 1062 737 Interr.
1094 701 1181 738 122.

397 761 509 800 Dicas
546 775 697 813 quaesm
733 763 817 813 quis
852 766 909 801 est
944 763 1086 814 primus
1115 762 1294 801 articulus
1321 764 1359 801 in
1387 763 1461 802 fide
1489 764 1557 802 hac
1586 768 1621 803 et
1649 778 1751 803 com-

346 827 453 865 muni
482 827 748 866 confessione?

987 893 1100 945 Resp.

398 957 518 994 Credo
553 958 592 995 in
630 956 752 995 Deum
788 958 948 1005 Patrem,
987 958 1294 1010 omnipotentem,
1331 960 1543 1009 Creatorem
1574 960 1667 997 coeli
1693 964 1751 997 at-

346 1034 418 1072 que
444 1026 577 1061 terrae.

923 1087 1060 1126 Interr.
1092 1089 1179 1126 123.

397 1150 499 1189 Quid
528 1151 568 1189 in
597 1151 669 1189 hoc
697 1151 854 1189 articulo
885 1152 1031 1189 credis?

989 1215 1102 1266 Resp.

398 1277 516 1314 Credo
563 1283 674 1328 atque
711 1282 812 1315 certo
849 1279 1042 1322 confiteor,
1081 1278 1214 1324 Deum,
1251 1278 1398 1316 Patrem
1436 1279 1590 1316 Domini
1629 1279 1748 1316 nostri

346 1341 432 1378 Iesu
462 1342 614 1387 Christi,
641 1341 762 1379 Deum
790 1355 869 1379 esse
897 1342 1205 1393 omnipotentem,
1233 1342 1297 1393 qui
1325 1344 1493 1393 potentia
1523 1356 1584 1380 sua
1604 1344 1749 1380 coelum

344 1411 380 1443 et
406 1410 555 1452 terram,
583 1406 673 1444 item
701 1406 877 1457 quicquid
907 1407 947 1444 in
974 1407 1021 1444 iis
1050 1407 1111 1452 sit,
1130 1420 1148 1444 e
1169 1406 1287 1444 nihilo
1309 1407 1497 1453 creaverit,
1517 1413 1553 1445 et
1573 1420 1748 1458 praesens

345 1483 486 1521 semper
514 1472 616 1518 (45²¹)
646 1471 773 1507 stabili
802 1470 1039 1509 ordinatione
1067 1475 1171 1520 regat
1198 1484 1241 1508 ac
1269 1476 1464 1516 sustentet,
1492 1472 1666 1509 omnihus
1690 1485 1746 1509 re-

345 1533 415 1571 bus
443 1533 693 1571 substantiam
721 1534 835 1572 vitam
863 1537 975 1585 atque
1001 1539 1146 1572 motum
1173 1534 1354 1573 tribuens.

917 1663 1057 1702 Interr.
1088 1665 1174 1702 124.

395 1727 522 1764 Quare
550 1728 742 1778 Scriptura
773 1727 891 1765 Deum
919 1728 1067 1766 Patrem
1095 1733 1204 1766 vocat
1233 1728 1397 1779 dicitque
1425 1742 1503 1766 esse
1521 1741 1602 1766 eum
1624 1730 1745 1766 omni·

344 1791 562 1841 potentem?

986 1856 1098 1906 Resp.

393 1918 452 1956 Ad
489 1919 725 1957 excitandam
759 1924 795 1957 et
833 1924 931 1958 certe
959 1920 1254 1958 confirmandam
1284 1921 1393 1958 fidem
1432 1925 1597 1959 nostram
1636 1921 1745 1959 etad

341 1982 517 2020 eximiam
544 1983 713 2020 omnium
742 1983 908 2021 fidelium
937 1984 1248 2022 consolationem.

916 2048 1056 2086 Interr.
1088 2050 1173 2086 125.

393 2111 519 2150 Quam
547 2113 844 2150 consolationem
872 2113 1004 2150 vocula
1036 2113 1202 2150 “Pater''
1230 2113 1270 2150 in
1297 2127 1335 2151 se
1362 2112 1502 2152 habet?

983 2177 1095 2229 Resp.

393 2241 509 2280 Plane
542 2241 876 2292 incomparabilem
912 2242 1219 2288 consolationem,
1256 2242 1296 2279 in
1338 2242 1413 2279 vita
1453 2246 1489 2279 et
1525 2246 1643 2279 morte
1680 2256 1745 2279 au-

345 2306 532 2352 diendam,
577 2306 769 2350 nimirum,
816 2307 1037 2357 Supremum
1080 2306 1214 2352 Deum,
1250 2307 1395 2344 Patrem
1434 2305 1586 2343 Domini
1626 2307 1745 2344 nostri

344 2370 484 2407 Christi
520 2370 621 2413 Iesu,
658 2369 830 2407 similiter
857 2375 1027 2407 nostrum
1055 2383 1203 2420 quoque
1229 2376 1371 2420 patrem
1401 2382 1480 2407 esse
1510 2370 1611 2413 velle,
1639 2370 1744 2417 (4'5b)

344 2433 433 2471 adeo
469 2439 508 2471 ut
536 2438 718 2479 nostrum,
745 2433 974 2470 abiectorum
1004 2433 1290 2470 vermiculorum
1319 2446 1467 2470 causam
1508 2446 1584 2470 non
1611 2433 1745 2478 minus,

342 2499 418 2536 imo
452 2499 572 2536 multo
607 2498 785 2535 libentius
819 2497 915 2535 tueri
952 2498 1053 2544 velit,
1091 2511 1203 2548 quam
1240 2498 1424 2546 benignus
1451 2498 1548 2534 inter
1575 2497 1744 2535 homines

343 2566 447 2614 pater
480 2563 597 2600 filium
636 2575 742 2599 suum
780 2561 1030 2612 amplectitur,
1059 2566 1095 2599 et
1125 2562 1258 2598 habere
1287 2574 1355 2599 nos
1382 2574 1448 2611 pro
1477 2560 1564 2598 filiis
1593 2564 1628 2598 et
1656 2561 1741 2599 hae-

344 2628 495 2665 redibus
522 2632 693 2665 aeternae
722 2639 809 2664 suae
838 2627 946 2664 vitae.

919 2690 1056 2728 Interr.
1087 2692 1172 2728 126.

395 2756 513 2794 Estne
539 2755 640 2793 Deus
667 2755 752 2793 talis
781 2754 947 2792 omnium
976 2757 1228 2792 creaturarum
1255 2754 1389 2791 Pater?

987 2819 1098 2869 Resp.

396 2883 486 2923 Non
515 2883 578 2921 ita.
632 2882 815 2922 Quamvis
843 2882 941 2920 enim
968 2881 1154 2920 Dominus
1183 2881 1337 2919 Creator
1364 2886 1399 2919 et
1427 2882 1666 2921 Sustentator
1696 2882 1744 2921 sit
