1830 3147
24 394 120 435 Esay.
146 394 195 425 53.

26 435 149 467 Coloss.
178 436 224 467 ll.

23 478 41 508 'l
68 478 175 509 Corin.
201 478 229 508 ὃ.

313 88 386 123 4.(ῑὲ
792 94 964 121 omnen.
994 94 1100 122 meh.
1131 94 1247 124 Loxn.

892 197 1031 237 Interr.
1061 201 1147 238 238.

367 261 571 301 Quomodo
600 261 672 300 hoc
698 262 936 312 intelligam?

956 325 1068 377 Resp.

363 390 556 441 Quicquid
594 390 685 441 ipsis
722 389 888 441 parvulis
925 391 1027 438 (87³)
1065 391 1224 437 deficiat,
1269 391 1306 428 id
1354 391 1400 429 iis
1436 391 1648 443 impertitur
1681 392 1722 432 in

312 455 463 493 Christo
506 454 669 492 Domino
706 458 852 499 nostro,
890 454 955 505 qui
991 467 1121 492 eorum
1148 455 1406 493 infirmitatem
1436 457 1515 507 ipse
1543 456 1660 495 subiit
1686 461 1723 494 et

311 524 390 557 tum
419 531 547 557 eorum
575 524 653 556 tum
683 518 853 556 omnium
883 518 1185 556 Christianorum
1208 519 1403 570 plenitudo
1423 524 1490 559 est.
1520 520 1612 558 Eius
1630 520 1722 558 fides

311 591 424 637 atque
461 585 676 623 obedientia
705 584 751 622 iis
779 585 901 634 gratia
931 584 1152 635 imputatur,
1180 598 1251 636 qua
1281 585 1392 623 etiam
1419 585 1457 622 in
1485 586 1624 637 templa
1652 585 1721 624 Dei

312 651 608 696 sanctificantur,
644 650 675 688 si
714 662 847 700 nempe
886 650 1119 696 confitemur,
1158 650 1350 688 Christum
1386 663 1514 688 eorum
1542 655 1652 702 caput
1680 663 1723 688 ac

313 716 546 754 Salvatorem
583 727 663 752 esse
700 726 855 765 esseque
883 726 946 752 eos
974 713 1072 752 inter
1102 713 1242 752 Christi
1272 714 1439 764 corporis
1469 714 1633 752 membra
1663 727 1721 752 re·

311 780 532 818 censendos.

889 843 1028 883 Interr.
1059 846 1144 882 239.

364 913 423 949 An
471 910 586 959 igitur
628 909 747 947 libera
786 909 1018 948 conscientia
1053 909 1194 948 liberos
1233 913 1397 956 nostros,
1433 909 1550 948 veluti
1584 909 1727 956 fideles,

312 975 504 1026 baptismo
533 974 665 1012 offerre
691 975 921 1026 possumus?

966 1039 1081 1090 Resp.

364 1104 609 1143 Hauddubie.
664 1104 705 1142 Si
742 1104 841 1142 enim
871 1117 937 1155 pro
968 1103 1143 1142 fidelibus
1172 1103 1210 1142 in
1238 1103 1378 1142 iudicio
1409 1103 1477 1141 Dei
1506 1106 1725 1154 reputantur

281 1207 289 1220 ‚
312 1180 376 1220 per
414 1168 621 1214 Christum,
649 1168 713 1219 qui
750 1179 862 1206 omne
902 1168 1091 1213 deficiens,
1118 1172 1159 1205 ut
1197 1167 1374 1213 diximus,
1408 1167 1446 1205 in
1484 1167 1531 1204 iis
1568 1166 1728 1217 supplet,

312 1233 419 1280 (87¹³)
445 1237 626 1283 tanquam
655 1231 782 1270 fideles
810 1232 922 1269 etiam
950 1231 1168 1282 baptizandi
1197 1236 1296 1276 sunt,
1324 1240 1364 1269 ut
1392 1230 1584 1268 Ecclesiae
1611 1229 1726 1267 mini·

314 1297 429 1333 sterio
466 1295 514 1333 iis
543 1295 766 1333 exhibeatur
803 1294 1073 1339 testimonium,
1109 1307 1173 1333 eos
1203 1294 1345 1332 Christi
1373 1293 1529 1332 Domini
1558 1293 1725 1331 membra

312 1372 404 1398 esse.
459 1358 547 1396 Hoc
582 1359 682 1396 enim
720 1358 912 1396 Ecclesiae
949 1358 1090 1396 Christi
1125 1362 1194 1402 est,
1231 1362 1270 1395 ut
1307 1357 1474 1395 membra
1511 1356 1668 1394 Domini
1704 1369 1725 1394 a

313 1423 492 1462 membris
531 1423 686 1465 diaboli,
724 1436 795 1460 una
834 1436 917 1460 cum
955 1422 1167 1460 ministerio
1194 1421 1363 1472 ipsorum
1392 1420 1437 1458 ad
1467 1419 1629 1470 gloriam
1657 1418 1725 1457 Dei

315 1488 538 1536 distinguat.

702 1697 745 1744 {I
798 1696 877 1732 DE
913 1694 1093 1733 SACHA
1134 1695 1334 1733 OOENA.

891 1877 1028 1916 Interr.
1060 1880 1147 1916 240.

371 1943 474 1982 Quid
504 1949 560 1981 est
588 1943 712 1980 Coena
743 1942 897 1980 Domini
926 1942 1048 1980 nostri
1075 1941 1162 1979 Iesu
1192 1941 1362 1979 Christi?

958 2007 1073 2058 Resp.

369 2074 566 2111 Institutio
605 2072 746 2111 Christi
772 2076 840 2117 est,
867 2085 962 2124 quae
987 2072 1027 2109 in
1058 2071 1235 2109 cordibus
1270 2070 1435 2108 fidelium
1466 2072 1666 2107 attestatur
1694 2072 1730 2106 et

320 2139 497 2187 obsignat
532 2138 835 2175 communionem
870 2135 1039 2187 corporis
1076 2148 1119 2172 ac
1156 2134 1351 2185 sanguinis
1390 2133 1543 2178 Christi,
1580 2131 1729 2183 quoties

321 2204 460 2242 utimur
487 2217 584 2254 pane
610 2208 646 2240 et
673 2203 810 2253 poculo
839 2201 993 2247 Christi,
1018 2201 1058 2238 in
1086 2200 1164 2238 eius
1193 2199 1423 2245 memoriam,
1452 2198 1571 2236 donec
1593 2197 1731 2243 veniat,

319 2268 423 2306 iuxta
452 2267 531 2306 eius
559 2267 777 2305 mandatum
806 2268 910 2315 (882)
938 2265 1126 2304 instituta.

899 2395 1036 2434 Interr.
1067 2396 1154 2433 241.

374 2463 497 2512 Igitur
526 2475 600 2501 non
629 2474 697 2512 pro
724 2461 829 2499 inani
859 2460 968 2510 signo
997 2458 1170 2498 habenda
1199 2459 1283 2496 est?

969 2524 1082 2575 Resp.

377 2592 547 2631 Minime.
601 2591 790 2629 Nimirum
829 2591 865 2628 in
897 2603 1010 2627 coena
1038 2588 1243 2640 accipimus
1272 2585 1505 2638 spiritualem
1534 2583 1658 2621 cibum
1688 2596 1731 2621 ac

326 2663 469 2708 potum,
495 2658 533 2694 in
562 2669 600 2694 se
629 2654 984 2706 comprehendentes
1011 2653 1116 2691 iuxta
1144 2651 1335 2704 propriam
1363 2648 1505 2687 Christi
1520 2648 1731 2686 institutio-

329 2735 411 2760 nem
450 2722 521 2759 veri
571 2720 737 2771 corporis
782 2732 825 2757 ac
861 2718 1057 2768 sanguinis
1095 2716 1236 2755 Christi
1273 2713 1587 2758 communionem,
1627 2713 1731 2751 iuxta

329 2799 489 2837 quorum
519 2799 626 2823 usum
654 2797 828 2836 praesens
857 2795 1001 2833 semper
1029 2782 1134 2820 adest
1153 2794 1196 2819 ac
1214 2783 1386 2832 potenter
1406 2791 1486 2816 sese
1505 2777 1733 2824 manifestat,

331 2849 536 2889 dummodo
567 2849 773 2887 secundum
799 2847 1078 2886 iustitutionem
1105 2846 1183 2885 eius
1210 2838 1505 2884 administretur.
