1830 3147
185 140 230 173 22

182 249 269 287 ritui
305 251 433 286 sancto
464 247 500 283 in
532 245 688 282 benadis
716 244 865 280 divinae
893 242 1011 280 triade
1038 256 1159 292 genua
1188 254 1267 279 mea
1298 241 1453 292 supplex
1482 240 1603 286 flecto,
1631 254 1714 292 per-

178 314 266 351 inde
302 320 414 363 atque
440 310 525 361 ipsi,
551 322 597 347 ne
625 308 715 359 quid
742 308 841 345 aliud
871 307 1006 351 dicam,
1042 307 1107 345 sed
1142 319 1271 345 eorum
1308 305 1505 356 superbam
1535 318 1717 355 arrogan-

180 379 271 416 tiam
301 381 336 414 et
364 379 600 423 arrogantem
630 372 855 424 superbiam,
884 385 967 409 cum
998 371 1140 410 Christi
1168 370 1322 408 Domini
1351 375 1386 408 et
1415 369 1568 421 spiritus
1598 371 1719 408 saneti

186 442 412 481 contumelia
442 440 697 485 coniunctam,
723 439 901 476 insector.
947 437 1034 474 Hoc
1061 436 1239 474 nimirum
1268 440 1322 472 est
1350 435 1544 472 sustulisse
1572 447 1616 471 ac
1642 448 1718 472 non

184 509 308 560 potius
345 507 392 544 ad
430 520 468 544 se
503 504 729 557 pertraxisse
763 503 886 554 Papae
912 502 1163 552 tyrannidem,
1191 505 1226 538 et
1253 500 1405 551 quidem
1433 499 1501 537 sub
1529 498 1722 550 plausibili

184 574 235 622 (si
272 572 414 624 superis
451 572 592 622 placet)
628 568 828 618 Euangelii
860 568 984 612 titulo,
1021 571 1063 604 ut
1097 567 1243 607 mirum,
1261 579 1338 603 non
1367 566 1429 610 sit,
1458 565 1489 602 si
1515 579 1537 602 a
1564 564 1721 616 quibus-

184 640 269 677 dam
306 636 642 687 Lutheropapistae
678 637 869 678 vocentur,
905 645 1122 684 quanquam
1149 631 1188 668 id
1224 644 1292 679 ego
1320 630 1360 668 in
1387 643 1525 668 nomen
1552 629 1724 676 Lutheri,

183 703 288 740 cuius
323 701 542 739 memoriam
580 704 718 743 sancte,
755 702 793 735 ut
831 697 960 742 debeo,
996 709 1163 742 veneror,
1204 695 1413 732 redundare
1450 694 1580 733 nolim.
1635 694 1719 731 Iam

185 782 283 812 vero,
310 771 571 819 praeterquam
598 764 698 815 quod
727 762 938 800 doctrinam
965 765 1133 799 nostram
1159 761 1212 798 ita
1248 762 1453 811 conspu—(S
1481 761 1623 807 2³)unt,
1650 772 1721 797 no-

181 833 274 870 mini
308 833 419 870 etiam
457 834 584 869 nostro
621 829 826 881 peculiares
864 827 1068 865 calumnias
1105 826 1319 864 intendunt.
1382 825 1645 863 Producuntur
1681 824 1722 862 in

183 899 370 948 farragine
398 900 457 946 (ut
484 900 651 934 mutuum
679 894 771 932 muli
791 893 965 941 scabant)
994 892 1071 943 qui,
1099 906 1157 929 mc
1177 905 1259 928 cum
1279 891 1383 937 meis,
1401 903 1495 941 quos
1515 903 1560 928 ex
1581 889 1722 940 Anglia

183 978 328 1003 mecum
357 963 480 1007 eduxi,
509 961 763 999 Ecclesiarum
792 972 942 996 suarum
970 957 1249 1009 perturbatores
1278 968 1358 993 esse
1378 955 1624 993 contendant:
1656 954 1724 1006 qui

184 1029 296 1067 iidem
333 1027 476 1078 alioqui
511 1024 695 1063 eiusmodi
731 1036 801 1061 nos
837 1021 928 1059 alibi
965 1021 1217 1072 blasphemiae
1244 1024 1434 1064 accusant,
1460 1023 1503 1057 ut
1530 1032 1609 1056 eam
1637 1018 1723 1056 Ma-

186 1094 366 1144 gistratus
413 1096 557 1143 seeptro
602 1090 726 1141 potius
771 1101 882 1139 quam
924 1087 1023 1137 stylo
1061 1099 1128 1124 suo
1165 1086 1404 1123 refutandam
1441 1098 1521 1122 esse
1549 1085 1722 1123 clament.

185 1159 450 1197 Producuntur
478 1157 579 1200 item,
607 1155 672 1206 qui
698 1168 756 1192 me
783 1167 847 1205 per
867 1152 1133 1190 contumeliam
1162 1151 1398 1188 Erronem
1427 1150 1580 1196 faciant,
1601 1153 1636 1187 et
1655 1163 1721 1187 ne-

188 1225 264 1263 scio
301 1237 412 1275 quam
448 1222 669 1263 Ecclesiam,
706 1233 800 1271 quae
836 1232 914 1257 non
952 1218 1000 1256 sit
1038 1217 1191 1263 Christi,
1227 1229 1402 1267 quaerere
1450 1215 1589 1254 dicant.
1645 1215 1726 1252 Nee

187 1290 317 1328 dubito
352 1290 460 1340 plura
495 1287 574 1324 illie
611 1287 750 1324 infarta
787 1285 910 1322 adhuc
946 1296 1037 1328 esse,
1075 1295 1168 1333 quae
1204 1281 1297 1319 mihi
1336 1281 1463 1319 videre
1498 1294 1577 1318 non
1603 1280 1726 1326 licuit,

186 1369 304 1406 neque
339 1368 415 1392 non
443 1354 522 1391 visa
550 1353 713 1391 refutare
739 1363 906 1402 possum,
964 1349 1070 1386 Haec
1097 1352 1236 1392 tamen,
1264 1360 1359 1398 quae
1385 1345 1568 1392 recensui,
1595 1346 1724 1397 paucis

191 1420 283 1458 mihi
317 1419 522 1458 refellenda
559 1431 638 1456 esse
674 1422 777 1468 puto.
832 1416 882 1453 Et
919 1414 1090 1466 quamvis
1127 1414 1248 1451 bonae
1284 1425 1385 1450 meae
1422 1412 1493 1449 hac
1536 1411 1576 1448 in
1621 1415 1726 1462 parte

188 1484 439 1523 conscientiae
473 1482 691 1522 testimonio
726 1481 843 1533 probe
870 1481 987 1518 fultus
1016 1479 1082 1528 (sit
1111 1478 1190 1516 Deo
1218 1477 1370 1527 gratia),
1397 1476 1489 1514 adeo
1519 1475 1615 1513 nihil
1641 1488 1725 1513 mo·

188 1564 277 1588 veor
303 1551 464 1588 istorum
494 1547 703 1589 calumniis,
741 1550 781 1584 ut
809 1546 906 1591 illas,
935 1557 1061 1582 coram
1089 1543 1208 1581 oeulis
1237 1542 1319 1587 Dei,
1345 1543 1385 1580 in
1412 1541 1521 1580 laude
1548 1554 1629 1578 mea
1657 1554 1726 1592 po-

189 1630 287 1659 nam,
313 1628 446 1665 meque
472 1614 547 1651 illis
576 1613 746 1651 consoler
774 1612 899 1655 etiam,
927 1623 969 1648 eo
989 1609 1089 1661 quod
1111 1612 1232 1646 certus
1252 1607 1334 1653 sim,
1357 1619 1484 1644 omnes
1505 1605 1727 1643 vanissimas

190 1696 282 1727 esse,
298 1702 349 1709 -—
376 1684 514 1725 tamen,
534 1684 573 1717 ut
592 1692 673 1716 mea
693 1676 910 1715 innocentia
930 1679 1042 1726 atque
1061 1675 1219 1712 istorum
1239 1686 1388 1724 quoque
1404 1670 1636 1722 impudentia
1656 1671 1729 1722 piis

190 1746 377 1791 ommibus,
404 1744 576 1796 inprimis
604 1756 689 1781 vero
719 1743 821 1780 Tuae
852 1740 1041 1778 Maiestati
1068 1739 1287 1789 Patriaeque
1314 1750 1417 1775 meac
1437 1739 1626 1787 perspecta
1649 1748 1727 1772 esse

190 1810 320 1861 possit,
357 1809 647 1860 haudquaquam
683 1807 775 1844 mihi
814 1806 874 1843 hic
909 1803 1177 1856 praetereunda
1214 1815 1293 1840 esse
1330 1800 1505 1838 iudicavi.
1562 1800 1641 1838 Qui
1668 1813 1727 1838 mc

190 1875 383 1913 turbarum
421 1878 456 1911 et
484 1872 737 1924 blasphemiae
765 1875 928 1915 accusat,
964 1874 1049 1907 ante
1076 1871 1115 1917 (ὃ
1146 1869 1206 1914 21))
1234 1879 1352 1905 annos
1380 1865 1539 1916 aliquot,
1567 1878 1650 1902 cum
1679 1864 1726 1902 ad

189 1941 320 1978 urbem
356 1940 473 1990 ipsius
510 1938 707 1989 aliquoties
744 1937 943 1980 venissem,
979 1939 1090 1985 atque
1126 1933 1205 1970 illic
1241 1931 1460 1983 aliquandiu
1498 1930 1612 1968 etiam
1641 1934 1726 1967 ante

186 2008 416 2055 postremum
461 2002 501 2039 in
537 2001 714 2050 Angliam
749 2000 818 2037 iter
855 2012 976 2037 meum
1013 1997 1247 2043 mansissem,
1283 1995 1422 2047 pluries
1467 1994 1561 2032 1111111
1605 1994 1725 2032 adfuit

185 2072 295 2119 atque
323 2066 512 2105 societatis
540 2065 776 2103 Christianae
802 2068 839 2102 et
866 2062 1051 2101 amicitiae
1076 2066 1265 2113 praeterea
1293 2060 1410 2097 officia
1437 2059 1533 2096 mihi
1560 2059 1721 2096 familia-

187 2134 276 2171 riter
321 2131 522 2175 deferebat,
564 2130 709 2168 etiamsi
747 2143 804 2167 me
840 2128 996 2166 eandem
1032 2128 1156 2178 plane,
1191 2139 1304 2177 quam
1339 2129 1375 2162 ct
1411 2137 1513 2162 nunc
1549 2125 1727 2175 profiteor

188 2198 412 2241 doctrinam,
446 2197 484 2234 111
512 2195 634 2234 Frisia
671 2208 735 2246 per
764 2193 981 2232 decennium
1011 2193 1087 2230 fere
1115 2191 1314 2230 tradidisse
1341 2204 1419 2229 non
1445 2190 1646 2240 ignorabat
1673 2203 1728 2236 ac,

190 2264 234 2301 de
270 2264 353 2301 aliis
390 2261 639 2300 controversis
676 2260 786 2298 etiam
822 2258 1061 2309 dogmatibus
1100 2271 1242 2295 1110011111
1270 2256 1443 2308 privatim
1474 2256 1725 2306 colloquutus,

193 2342 340 2366 causam
376 2327 527 2365 interim
567 2324 903 2363 Sacramentariam
940 2336 1133 2374 nunquam
1172 2322 1326 2359 omnino
1355 2320 1495 2369 attigit.
1524 2320 1629 2357 cuius
1657 2332 1726 2368 ego

190 2399 314 2431 tamen
343 2393 491 2430 brevem
520 2390 709 2442 quandam
737 2389 1024 2440 descriptionem
1060 2400 1207 2425 summo
1244 2391 1281 2424 et
1306 2386 1423 2437 ipsius
1449 2388 1488 2422 et
1513 2398 1594 2422 meo
1615 2385 1725 2422 etiam

191 2457 312 2495 amieo
350 2456 495 2493 cuidam
532 2454 770 2499 tradideram,
805 2457 916 2504 atque
960 2452 1018 2489 illi
1054 2456 1242 2489 ostensam
1281 2450 1393 2487 fuisse
1419 2453 1523 2500 pute.
1579 2447 1729 2486 Quodsi

191 2521 363 2559 doctrina.
397 2524 478 2558 tum
514 2533 595 2557 mea
629 2519 686 2556 illi
722 2519 781 2556 vel
814 2517 1031 2555 turbulenta
1069 2517 1127 2554 vel
1164 2515 1381 2566 blasphema
1408 2526 1488 2550 esse
1516 2512 1729 2554 videbatur,

190 2590 254 2623 aut
287 2598 346 2622 me
378 2584 502 2635 ipsum
537 2583 679 2634 alioqui
713 2595 781 2633 pro
818 2580 1009 2618 Ecclesiae
1048 2593 1135 2618 suae
1169 2578 1429 2631 perturbatore
1456 2576 1631 2623 habebat,
1660 2589 1725 2614 cur

189 2650 249 2688 vel
282 2649 334 2687 ita
370 2648 604 2686 familiariter
640 2660 785 2684 1110011111
822 2645 1054 2688 versabatur,
1087 2648 1128 2682 ut
1164 2658 1239 2682 una
1277 2656 1360 2702 cum
1394 2641 1603 2692 praecipuis
1641 2641 1726 2680 aliis

191 2714 297 2752 urbis
334 2726 420 2751 suae
455 2712 639 2751 ministris
668 2711 865 2749 convivam
902 2723 941 2747 se
976 2712 1147 2747 nostrum
1175 2707 1393 2746 exhiberet?
1422 2710 1458 2744 et
1484 2720 1612 2744 rursus
1641 2718 1723 2744 cum

189 2792 258 2828 ego
295 2791 316 2815 a
352 2777 529 2828 primario
567 2775 670 2812 urbis
695 2788 783 2812 suae
810 2775 977 2818 Pastore,
1007 2774 1085 2811 viro
1116 2777 1267 2811 sanetae
1294 2771 1508 2814 memoriae,
1535 2771 1727 2808 Ioanne

192 2843 370 2894 Epino,
400 2841 536 2880 celebri
564 2840 737 2878 convivio
766 2839 967 2890 exciperer,
994 2838 1122 2877 adesse
1147 2852 1225 2877 non
1245 2840 1430 2876 recusaret
1449 2835 1615 2887 mihique
1633 2836 1728 2874 ami—

186 2908 294 2945 citiae
331 2920 417 2944 suae
454 2905 572 2944 officia
612 2905 762 2955 insuper
797 2903 1032 2942 familiariter
1069 2902 1240 2940 offerret?
1269 2901 1339 2946 vel,
1376 2904 1620 2951 posteaquam
1650 2900 1725 2938 sibi
