1830 3147
166 109 228 157 [A.
253 107 298 144 D.
327 107 435 154 1551]
893 107 960 141 (568

137 204 138 207 Ἴ
166 217 342 254 Maximus
374 226 512 252 causam
547 216 634 251 huuc
668 218 777 250 totam
810 215 996 261 provehere
1028 219 1064 250 et
1095 214 1287 262 gubernare
1322 216 1371 250 ita
1404 216 1499 256 velit,
1528 218 1565 251 ut
1591 217 1625 251 in
1650 229 1691 252 ea

164 279 297 326 agenda
334 276 419 313 nihil
451 275 546 312 aliud
578 279 764 322 quaeratur
788 287 890 322 quam
915 275 1024 322 gloria
1049 275 1158 311 divini
1183 275 1235 310 sui
1268 274 1502 322 adorandique
1536 277 1693 318 nominis,

164 340 201 377 in
225 337 460 375 conservanda
484 336 664 383 Evangelii
698 337 846 382 puritate
881 339 917 372 et
939 335 1171 372 Ecclesiarum
1196 336 1304 382 ipsius
1331 337 1581 382 pacificatione,
1606 350 1690 385 quas

166 413 257 438 nunc
301 403 440 446 propter
485 404 635 433 nostram
677 410 758 443 erga
802 398 912 433 Deum
948 397 1231 444 ingratitudinem
1270 397 1462 444 perturbari
1491 399 1692 445 gravissime

168 462 356 508 misereque
382 459 484 506 affligi
509 464 545 494 et
569 458 730 505 dissipari
754 457 921 494 videmus.
974 457 1117 504 Alioqui
1143 458 1170 494 si
1195 459 1276 505 quid
1301 458 1395 494 aliud
1421 459 1475 494 hic
1500 463 1695 506 quaeratur,

166 535 268 570 quam
307 520 537 567 Evangelicae
573 523 679 566 atque
706 518 930 565 Apostolicae
955 519 1133 553 doctrinae
1158 520 1375 555 conservatio
1399 524 1435 554 et
1458 519 1693 555 Ecclesiarum

164 585 257 621 illam
291 581 524 629 profitentium
552 581 756 628 pacificatio,
782 584 897 615 metuo
922 592 964 615 ne
989 580 1030 616 iis
1056 581 1139 626 ipsis
1164 580 1314 617 consiliis
1340 582 1483 616 exitium
1509 581 1609 617 nobis
1632 582 1698 628 ipsi

164 657 391 684 accersamus,
416 644 540 691 quibus
564 655 626 678 nos
652 641 828 678 sublevari
854 654 951 688 posse
977 647 1152 687 putamus.
1178 642 1302 689 Neque
1327 653 1409 678 vero
1433 642 1477 677 de
1504 646 1618 678 vestra
1643 643 1698 678 hic

167 707 295 754 pietate
330 705 516 753 quidquam
550 702 684 743 dubito,
721 702 781 738 sed
815 702 897 738 dum
933 703 1043 749 priora
1079 702 1236 748 exempla
1275 703 1310 738 in
1344 703 1513 739 similibus
1547 704 1698 739 consiliis

169 780 299 805 mecum
337 772 475 814 reputo,
513 778 582 801 non
619 770 747 800 temere
772 764 854 800 mihi
880 764 981 799 buius
1009 764 1217 799 mentionem
1243 764 1352 799 facere
1379 776 1479 811 posse
1505 764 1632 806 videor,
1660 770 1699 800 ut

167 831 312 866 aliorum
346 828 512 875 exemplis
536 826 704 862 admoniti
729 825 829 861 nobis
855 825 1040 872 diligenter
1065 837 1257 861 caveamus.
1310 825 1406 861 Deus
1448 839 1516 861 non
1541 827 1700 863 illuditur

171 890 399 939 proculdubio
433 894 468 925 et
505 900 630 924 nomen
656 899 756 923 suum
784 887 996 922 adorandum
1023 887 1151 922 nostris
1177 887 1357 922 affectibus
1384 888 1538 933 praetexi
1562 888 1701 935 impune

169 966 239 988 non
271 953 364 988 sinit.
413 949 550 989 Quodsi
584 949 628 985 ad
665 948 900 996 conquirenda
923 948 1022 983 nobis
1048 948 1197 983 humana
1221 948 1390 994 praesidia
1414 948 1560 984 animam
1586 950 1703 985 adiici·

170 1027 260 1056 muS,
306 1013 499 1060 postposita
530 1011 666 1047 interim
700 1022 782 1047 cura
815 1009 975 1056 placandi
1009 1009 1087 1050 Dei,
1119 1021 1219 1057 quem
1254 1010 1456 1056 gravissime
1488 1011 1704 1052 offendimus,

170 1073 326 1122 equidem
362 1072 452 1108 haud
488 1072 560 1107 scio
596 1084 640 1106 an
671 1083 741 1105 non
775 1074 927 1106 nostram
953 1070 1106 1116 ipsorum
1133 1070 1253 1117 magis,
1278 1082 1379 1117 quam
1409 1071 1473 1106 Dei
1497 1071 1641 1118 gloriam
1668 1072 1702 1108 in

170 1136 297 1171 nostris
323 1133 474 1169 consiliis
499 1143 713 1179 quaeramus.
762 1134 880 1178 Atque
903 1132 1035 1166 utinam
1061 1134 1197 1166 tantum
1223 1131 1413 1166 adhibitum
1441 1132 1565 1167 suisset
1590 1132 1703 1168 hacte-

171 1210 237 1232 nus
269 1195 377 1231 studii
412 1206 453 1230 ac
486 1193 686 1240 diligentiae
720 1194 754 1228 in
782 1191 950 1239 placando
975 1191 1064 1233 Deo,
1091 1196 1257 1239 quantum
1284 1192 1410 1228 laboris
1436 1193 1470 1228 in
1495 1193 1701 1240 quaerendis

172 1257 330 1293 humanis
370 1255 548 1302 praesidiis
585 1254 777 1289 adhibitum
811 1255 889 1292 suit,
922 1253 1080 1288 nimirum
1115 1258 1150 1287 et
1183 1252 1363 1288 doctrinae
1387 1253 1529 1289 dissidia
1555 1254 1703 1290 fuissent

173 1317 379 1364 composita,
411 1327 499 1361 quae
530 1314 644 1349 adhuc
671 1319 789 1349 extare
815 1313 848 1348 in
874 1313 1040 1349 Ecclesiis
1064 1313 1218 1359 adeoque
1244 1317 1280 1348 et
1313 1313 1348 1349 vi
1372 1314 1488 1359 augeri
1513 1313 1635 1354 indies,
1661 1326 1703 1348 ue

174 1379 285 1414 dicam
313 1376 474 1422 componi
500 1375 667 1415 videmus,
692 1378 727 1409 et
740 1374 941 1421 disciplinae
959 1374 1224 1409 Ecclesiasticae
1242 1386 1341 1408 usum
1363 1374 1563 1409 restitutum
1582 1378 1705 1410 utcun-

173 1452 238 1487 que
274 1436 474 1485 iampridem
512 1435 766 1475 habuissemus,
793 1446 885 1470 nunc
920 1447 1023 1482 quum
1061 1438 1098 1469 et
1132 1435 1274 1470 dissidia
1307 1434 1464 1480 gliscere,
1491 1436 1592 1470 etiam
1619 1435 1708 1470 inter

174 1499 355 1535 restitutas
391 1496 563 1533 Ecclesias
596 1499 632 1531 et
669 1507 804 1530 omnem
830 1494 1034 1541 disciplinae
1070 1506 1167 1529 usum
1205 1494 1347 1541 negligi,
1374 1494 1521 1542 denique
1545 1498 1580 1530 et
1605 1495 1707 1531 rideri

175 1561 301 1608 passim
336 1558 500 1594 videmus.
552 1556 754 1592 Vestrarum
788 1568 870 1590 sane
907 1556 1053 1602 partium
1092 1556 1210 1597 fuerit,
1245 1555 1376 1591 lllustr.
1413 1556 1600 1603 principes!
1626 1557 1708 1592 dare

176 1633 327 1668 operam,
365 1623 404 1654 ut
442 1617 514 1665 pari
551 1617 670 1653 studio
695 1628 734 1652 ac
759 1616 939 1662 diligentia
964 1620 999 1651 et
1024 1615 1166 1651 dissidia
1191 1615 1368 1651 doctrinae
1392 1617 1507 1651 omnia.
1530 1629 1571 1652 ex
1599 1617 1706 1652 verbo

176 1682 243 1718 Dei
278 1683 577 1726 componerentur,
602 1682 638 1713 et
663 1690 747 1713 usus
773 1689 909 1713 rursum
934 1677 1135 1723 disciplinae
1161 1677 1336 1723 legitimus
1359 1677 1394 1712 iu
1420 1677 1586 1713 Ecelesiis
1612 1678 1708 1713 insti·

177 1746 345 1781 tueretur,
378 1739 665 1788 quemadmodum
691 1739 726 1774 in
751 1737 955 1786 quaerendis
982 1737 1139 1773 humanis
1166 1737 1343 1785 praesidiis
1368 1737 1570 1774 cessandum
1607 1737 1706 1772 vobis

176 1817 244 1840 non
270 1815 344 1839 esse
371 1803 531 1849 putastis.
558 1801 600 1836 Id
627 1812 729 1847 porro
755 1801 782 1836 si
808 1800 953 1839 faciatis.
981 1799 1065 1835 nihil
1090 1799 1226 1840 dubito,
1258 1799 1367 1833 Deum
1394 1799 1572 1845 Optimum
1598 1800 1711 1834 Maxi·

178 1876 268 1899 mum
295 1863 551 1898 fortunaturum
577 1871 651 1895 esse
678 1863 802 1905 coepta
828 1864 863 1894 et
887 1859 1032 1895 consilia
1057 1863 1169 1894 vestra
1192 1859 1317 1897 omnia,
1341 1859 1400 1904 qui
1426 1869 1549 1893 causae
1574 1863 1610 1893 et
1636 1858 1711 1904 glo-

178 1927 247 1960 riae
280 1923 342 1959 filii
373 1923 426 1957 sui
461 1923 495 1957 in
536 1920 774 1957 conservando
811 1921 885 1956 eius
911 1920 1101 1966 Evangelio
1125 1920 1246 1956 deesse
1271 1918 1464 1954 hauddubie
1489 1931 1558 1954 non
1584 1922 1713 1965 potest.

179 1985 276 2024 Quid
301 1996 382 2019 vero
407 1983 461 2019 hic
486 1984 617 2018 interea
642 1983 687 2017 sit
711 1986 828 2017 actum
853 1994 872 2017 a
897 1981 952 2017 die
977 1981 1234 2028 quartadecima
1258 1980 1479 2027 Septembris,
1510 1980 1711 2027 qualiteras

181 2050 315 2081 vestras
340 2044 469 2091 accepi.
491 2044 526 2079 in
552 2044 644 2080 hunc
670 2055 779 2089 usque
805 2042 906 2083 diem,
929 2054 998 2089 qua
1022 2042 1105 2077 item
1132 2041 1312 2087 diligentia
1336 2047 1415 2076 acta
1441 2041 1510 2076 sint
1534 2041 1648 2076 omnia
1676 2045 1714 2076 et

182 2105 265 2153 quid
302 2104 343 2140 ad
382 2117 450 2140 rem
478 2104 674 2139 institutam
703 2103 872 2149 pertinere
896 2103 1009 2139 adhuc
1035 2103 1203 2143 videatur,
1227 2102 1260 2138 id
1287 2106 1399 2137 totum
1425 2106 1570 2148 utraque
1595 2106 1713 2137 vestra

182 2165 363 2201 Celsitudo
399 2163 499 2199 facile
535 2163 708 2209 intelliget
743 2175 786 2198 ex
810 2162 931 2198 eodem
957 2163 1032 2209 ipso
1057 2162 1193 2197 homine
1219 2162 1260 2204 ³),
1285 2175 1305 2197 a
1331 2174 1402 2209 quo
1427 2174 1490 2208 ego
1516 2162 1630 2197 literas
1655 2173 1711 2196 ve-

182 2230 271 2263 stras
307 2225 435 2271 accepi.
484 2223 657 2270 Quodque
689 2223 732 2258 ad
767 2235 820 2259 me
845 2224 984 2264 attinet,
1008 2223 1167 2269 optarim,
1192 2223 1221 2258 si
1248 2222 1318 2258 ullo
1345 2222 1446 2257 modo
1481 2223 1616 2269 possim.
1646 2235 1713 2258 non

181 2287 261 2322 dico
292 2286 503 2326 satisfacere,
540 2284 604 2319 hoc
639 2284 728 2319 euim
762 2296 830 2319 non
863 2289 917 2319 est
951 2285 1135 2319 tenuitatis
1170 2288 1321 2325 nostrae,
1361 2284 1421 2319 sed
1459 2288 1574 2320 tamen
1599 2284 1714 2331 aliqua

183 2347 304 2383 saltem
330 2359 369 2381 ex
397 2350 491 2391 parte
518 2344 723 2391 respondere
750 2348 882 2379 vestrae
906 2344 949 2379 de
975 2356 1028 2379 me
1053 2345 1296 2390 expectationi.
1338 2344 1384 2379 Et
1416 2344 1552 2391 utrique
1579 2349 1713 2380 vestrae

184 2405 388 2441 Celsitudini
422 2406 566 2450 gratiam
601 2403 719 2444 liabeo,
750 2403 842 2450 quod
869 2416 921 2439 me
946 2404 1086 2451 dignum
1113 2416 1185 2440 esse
1211 2404 1439 2440 iudicaverint
1475 2417 1534 2451 pro
1559 2417 1621 2439 sua
1648 2403 1712 2440 cle·

186 2466 313 2501 mentia
345 2464 563 2500 consiliorum
600 2476 739 2498 suorum
779 2464 925 2511 benigna
961 2468 997 2499 et
1032 2464 1222 2500 confidenti
1247 2466 1559 2500 communicatione
1584 2468 1627 2507 ⁴),
1656 2464 1713 2498 dc·

185 2526 323 2571 seroque
349 2524 500 2560 vicissim
528 2525 661 2571 utrique
686 2529 821 2558 vestrae
843 2524 1050 2560 Celsitudini
1075 2537 1208 2560 summa
1232 2536 1311 2560 cum
1338 2524 1552 2560 observantia
1577 2535 1713 2569 operam

190 2598 296 2620 meam
331 2585 484 2621 studium
519 2584 734 2630 diligentiam
767 2596 807 2620 ac
832 2587 933 2620 fidem
962 2598 1022 2631 pro
1048 2598 1122 2621 mea
1146 2586 1316 2620 tenuitate
1341 2590 1378 2620 et
1402 2598 1454 2620 me
1479 2584 1614 2631 utrique
1639 2584 1715 2618 dili-

189 2646 389 2693 gentissime
414 2645 626 2681 commendo.
653 2645 804 2681 Loudiui
830 2646 937 2692 prima
965 2646 1175 2682 Decembris.
1201 2647 1265 2681 A0.
1289 2652 1368 2692 post
1392 2645 1470 2680 Chr.
1495 2649 1567 2679 nat.
1598 2645 1699 2679 1551.

422 2706 572 2752 Utrique
597 2710 732 2741 vestrae
759 2706 967 2742 Celsitudiui
993 2707 1256 2742 Illustrissimac
1281 2706 1536 2742 addictissimus
1561 2706 1716 2744 servitor,

1029 2768 1194 2804 loaNNsss
1218 2768 1239 2804 a
1265 2768 1384 2803 LAsco
1409 2779 1454 2801 m.
1478 2778 1529 2813 pr.

233 2890 259 2929 ¹)
283 2889 422 2920 Litterae
446 2888 518 2920 illae
542 2890 753 2921 credentiales
786 2890 818 2921 in
847 2890 944 2922 Arch.
973 2891 1080 2922 Berol.
1112 2891 1294 2922 etiamnunc
1319 2890 1350 2921 in
1374 2900 1483 2931 apogr.
1508 2892 1721 2921 asservantur.
