1830 3147
1541 114 1613 151 189

71 223 216 274 peccati
253 223 311 261 sui
345 222 493 274 publice
530 227 565 260 et
602 222 701 273 apud
733 223 851 261 Deum
880 227 916 261 et
944 222 1044 274 apud
1072 236 1137 261 vos
1165 236 1307 269 omnes,
1334 226 1512 275 tanquam
1541 223 1611 261 Dei

73 286 293 334 Ecclesiam,
335 299 539 337 agnoscere
583 300 626 324 ac
674 287 863 338 deprecari
900 288 1112 332 constituit,
1147 301 1367 339 rursumque
1405 288 1511 326 vohis
1547 301 1612 339 per

75 351 172 389 hanc
200 365 303 390 suam
330 351 600 402 poenitentiam
628 352 864 390 reconciliari
899 356 1012 402 atque
1049 352 1086 389 in
1124 357 1244 390 vestra
1274 353 1451 390 societate
1479 352 1612 389 Eccle-

70 417 237 462 siastica,
271 422 312 455 ut
349 417 478 460 frater,
516 416 668 454 retineri
705 417 820 468 cupit.
876 416 1104 466 Coniungite
1142 417 1215 454 iam
1250 421 1286 455 et
1315 430 1392 463 vos,
1418 417 1495 454 imo
1525 430 1610 454 vero

75 481 347 530 coniungauius
389 480 499 518 simul
537 493 665 519 omnes
696 494 778 518 cnm
807 481 926 532 ipsius
954 486 1108 532 peccato
1138 486 1267 519 nostra
1296 488 1446 533 peccata
1475 483 1612 529 om'nia,

75 550 111 583 et
139 546 286 597 lapsum
312 545 430 596 ipsius
468 549 639 583 nostrum
669 546 779 583 simul
808 546 975 583 omnium
1003 546 1150 597 lapsum
1181 559 1261 584 esse
1289 547 1510 596 cogitemus.
1540 548 1612 585 Su-

76 624 221 648 mamus
249 610 460 661 exemplum
488 624 509 648 a
535 610 641 661 lapso
671 610 743 667 hoc
771 611 884 648 fratre
911 614 1057 655 nostro,
1084 614 1137 657 ut,
1165 611 1480 661 quemadmodum
1496 612 1614 650 seille

76 673 149 711 sibi
184 673 223 711 in
259 679 411 725 peccato
451 687 517 712 suo
565 674 760 725 displicere
795 674 949 726 publica
978 675 1048 713 hac
1086 689 1150 713 sua
1186 675 1418 726 poenitentia
1444 680 1613 723 testatur,

73 737 126 775 ita
155 741 190 775 et
219 751 288 776 nos
316 738 429 776 nobis
458 751 588 777 omnes
616 739 656 777 in
684 739 825 777 nostris
853 740 1016 791 peccatis
1045 740 1309 791 displiceamus
1346 754 1487 792 nosque
1513 742 1614 792 ipsos

75 816 150 840 una
187 816 271 841 cum
310 804 425 842 fratre
462 804 535 842 hoc
572 808 703 842 nostro
742 818 867 842 coram
904 805 1068 844 Domino
1106 805 1187 843 Deo
1222 810 1352 844 nostro
1387 819 1614 845 accusemus.

76 869 359 919 Coniungamus
404 883 530 921 preces
575 874 725 909 nostras
772 883 854 908 cum
891 870 1008 921 ipsius
1046 871 1232 921 precibus,
1269 871 1542 920 coniungamus
1580 875 1616 908 et

73 934 285 985 lachrymas
322 939 469 973 nostras
507 948 589 972 cum
626 934 827 985 lachrymis
863 935 982 986 ipsius
1019 935 1215 986 Deumque
1252 935 1438 986 supplices
1475 935 1615 986 pariter

76 1012 204 1036 omnes
239 999 470 1043 invocemus,
498 1003 537 1037 ut
565 999 680 1037 frater
715 999 776 1036 hic
805 1004 932 1037 noster
961 1000 1109 1050 culpam
1136 999 1281 1050 peccati
1309 1000 1367 1037 sui
1396 1013 1479 1037 vere
1507 1004 1542 1037 et
1571 1012 1615 1036 ex

74 1063 332 1111 ani-(317)m0
361 1068 540 1113 agnoscat
569 1066 603 1100 et
632 1062 860 1113 deprecetur.
889 1064 936 1101 ad
966 1064 1131 1101 nominis
1160 1064 1279 1101 divini
1305 1063 1465 1114 gloriam
1490 1077 1615 1101 suam-

77 1141 147 1179 que
173 1128 292 1179 ipsius
321 1128 476 1166 salutem
507 1131 542 1166 et
570 1127 685 1165 totius
713 1132 864 1166 nostrae
893 1128 1003 1166 huius
1032 1128 1223 1167 Ecclesiae
1249 1128 1589 1168 aedificationem''.

125 1260 347 1298 Precatio
377 1273 517 1311 super
545 1260 684 1311 lapso
726 1263 770 1297 et
797 1253 1089 1310 poenitente
1117 1259 1321 1310 publice
1349 1259 1507 1297 fratre
1541 1272 1616 1297 an-

72 1328 117 1362 te
144 1325 301 1376 ipsius
331 1324 707 1364 confessionem.

84 1496 93 1506 Ι
131 1473 149 1490 u
163 1455 411 1507 Omnipotens
441 1460 476 1494 et
503 1456 716 1494 misericors
743 1456 854 1494 Pater
873 1459 1000 1494 noster
1017 1455 1208 1493 coelestis!
1237 1455 1303 1506 qui
1318 1468 1385 1506 per
1403 1468 1445 1493 os
1465 1459 1616 1493 sancto-

76 1533 159 1558 rum
182 1520 456 1572 Prophetarum
484 1526 519 1559 et
547 1521 819 1572 Apostolorum
847 1525 1001 1559 tuorum
1029 1520 1167 1559 diserte
1195 1524 1354 1558 testatus
1381 1534 1433 1566 es,
1460 1524 1498 1559 te
1517 1521 1617 1559 nolle

77 1590 234 1624 mortem
268 1587 489 1636 peccatoris,
527 1586 591 1624 sed
628 1586 754 1637 potius
791 1590 832 1624 ut
867 1586 1064 1637 resipiscat
1102 1590 1138 1624 et
1178 1586 1290 1632 vivat,
1317 1586 1455 1637 quique
1485 1587 1617 1636 unige-

78 1649 198 1687 nitum
225 1651 343 1688 filium
370 1655 478 1688 tuum
505 1665 580 1689 non
610 1665 676 1703 pro
705 1652 825 1694 iustis,
856 1651 920 1689 sed
947 1664 1015 1702 pro
1044 1652 1307 1702 peccatoribus
1338 1652 1433 1689 mori
1454 1652 1617 1698 voluisti,

74 1719 127 1758 ut,
165 1716 228 1766 qui
265 1730 302 1754 se
337 1720 575 1767 peccatorum
612 1717 778 1768 pondere
816 1730 1013 1768 oppressos
1052 1717 1245 1761 sentirent,
1283 1717 1428 1768 sibique
1464 1730 1617 1768 prorsus

77 1780 198 1826 diffisi,
234 1782 313 1819 sola
349 1781 419 1822 filii
447 1782 501 1819 tui
537 1781 675 1819 fiducia
714 1781 895 1820 thronum
931 1782 1075 1832 gratiae
1115 1786 1202 1820 tuae
1238 1782 1423 1833 supplices
1459 1782 1619 1828 adirent,

77 1847 177 1881 certo
215 1857 253 1881 se
287 1844 354 1882 abs
390 1848 428 1882 te
464 1845 586 1883 audiri
624 1859 669 1883 ne
707 1845 937 1890 dubitarent,
983 1845 1228 1883 convenimus
1265 1858 1349 1884 ecce
1383 1845 1423 1884 in
1465 1846 1618 1884 nomine

76 1908 243 1946 eiusdem
269 1909 392 1960 ipsius
419 1910 488 1948 filii
515 1911 572 1948 tui
602 1911 758 1949 Domini
786 1911 907 1949 nostri
934 1911 1023 1949 Iesu
1053 1910 1208 1953 Christi.
1236 1915 1277 1949 ut
1306 1916 1458 1962 peccata
1487 1916 1617 1949 nostra

77 1974 176 2024 apud
214 1978 250 2012 te
285 1975 436 2025 ipsimet
473 1989 692 2015 accusemus
730 1976 951 2027 veniamque
988 1990 1054 2027 pro
1091 1976 1168 2014 illis
1195 1990 1260 2028 per
1287 1990 1424 2015 nomen
1453 1977 1616 2014 eiusdem

75 2038 195 2088 ipsius
231 2040 437 2088 fi-(318)lii
465 2041 533 2087 tui,
561 2041 607 2078 ad
635 2046 748 2092 pedes
776 2045 861 2079 tuos
889 2041 1093 2092 provoluti,
1119 2045 1305 2092 petamus.
1360 2042 1554 2093 Supplices
1581 2046 1618 2080 te

78 2116 226 2142 oramus
254 2104 383 2153 igitur,
410 2105 519 2143 Pater
555 2105 903 2155 indulgentissime!
933 2106 1109 2157 primum,
1137 2112 1178 2145 ut
1206 2107 1319 2145 corda
1348 2107 1517 2145 omnium
1545 2121 1617 2145 no-

82 2174 202 2207 strum
243 2169 381 2208 excites
417 2183 483 2221 per
520 2171 701 2222 Spiritum
740 2175 913 2209 sanctum
950 2175 1058 2209 tuum
1094 2171 1139 2209 ad
1177 2186 1301 2210 veram
1338 2186 1381 2210 ac
1418 2173 1617 2210 salutarem

80 2236 318 2284 peccatorum
345 2239 563 2285 nostrorum
592 2235 837 2285 agnitionem.
876 2236 1069 2287 Imprimis
1098 2248 1185 2274 vero
1214 2250 1276 2274 cor
1303 2237 1398 2288 lapsi
1423 2237 1521 2275 inter
1548 2249 1618 2275 nos

80 2298 207 2336 fratris
245 2298 368 2336 nostri
397 2299 461 2346 Ν.,
490 2300 555 2350 qui
583 2304 624 2337 ut
651 2304 804 2350 peccato
833 2313 952 2351 nuper
980 2313 1046 2337 suo
1075 2304 1192 2338 totam
1222 2301 1320 2338 hanc
1348 2306 1514 2339 nostram
1544 2301 1617 2339 Ec-

82 2363 231 2400 clesiam
270 2362 437 2408 offendit,
478 2364 531 2402 ita
569 2364 716 2415 culpam
744 2364 845 2402 illius
874 2365 1022 2416 publice
1050 2365 1160 2403 etiam
1189 2379 1391 2414 agnoscere
1418 2379 1461 2404 ac
1489 2367 1618 2418 depre-

83 2428 158 2465 cari
195 2441 272 2465 non
309 2432 466 2474 recusat,
503 2429 550 2466 ad
589 2429 710 2467 sancti
748 2430 912 2467 nominis
951 2430 1005 2468 tui
1040 2431 1198 2479 gloriam
1228 2436 1264 2469 et
1292 2431 1481 2470 Ecclesiae
1509 2432 1618 2470 huius

82 2495 167 2529 tuae
204 2492 517 2532 aedificationem.
572 2493 718 2531 Deinde
754 2497 797 2531 ut
833 2495 1001 2543 agnitam
1037 2508 1111 2546 per
1139 2496 1291 2533 fratrem
1320 2496 1419 2534 hunc
1447 2501 1618 2535 nostrum

82 2557 225 2607 peccati
262 2557 320 2595 sni
358 2557 505 2609 culpam
541 2562 930 2609 nostraquepeccata
967 2559 1079 2597 etiam
1117 2559 1240 2598 omnia
1276 2566 1310 2598 et
1346 2561 1401 2598 illi
1436 2566 1471 2600 et
1508 2562 1618 2600 nobis

84 2623 281 2661 clementer
317 2623 358 2661 in
386 2623 594 2661 visceribus
622 2623 838 2675 praedilecti
874 2624 941 2661 filii
982 2624 1038 2662 tui
1076 2625 1277 2671 condones,
1313 2630 1348 2664 et
1383 2641 1452 2665 nos
1481 2629 1620 2679 pariter

84 2698 212 2725 omnes
241 2687 382 2738 Spiritu
418 2692 548 2726 sancto
585 2693 650 2726 tuo
688 2688 739 2726 ita
778 2689 952 2740 deinceps
986 2688 1172 2737 gubernes
1210 2703 1252 2727 ac
1289 2691 1533 2738 communias,
1567 2697 1619 2738 ut,

84 2753 153 2790 etsi
181 2766 373 2804 nunquam
403 2754 482 2792 sine
510 2753 672 2805 pcccatis
701 2755 855 2792 omnino
884 2768 964 2792 esse
990 2755 1188 2805 possimus,
1214 2755 1253 2794 in
1282 2756 1466 2795 eiusmodi
1493 2761 1618 2797 tamen

86 2816 227 2865 flagitia
254 2831 301 2855 ne
327 2818 582 2868 prolabamur,
609 2831 674 2869 per
702 2831 796 2869 quae
824 2832 962 2857 nomen
989 2823 1096 2856 tuum
1115 2819 1349 2858 adorandum
1369 2822 1464 2860 male
1479 2822 1619 2869 audiat,

86 2892 194 2920 causa
228 2881 428 2932 Euangelii
464 2882 533 2921 filii
569 2883 625 2921 tui
661 2883 875 2932 infametur,
903 2883 1152 2923 ministerium
1182 2885 1286 2924 verbi
1313 2886 1368 2924 tui
1396 2886 1525 2926 Divini
1553 2886 1616 2928 de-
