1830 3147
219 139 291 174 246

273 251 309 286 4.
365 247 541 285 Monetur
579 246 761 293 Ecclesia,
788 259 865 284 non
892 250 1038 284 tantum
1068 246 1113 283 de
1140 246 1350 291 occasione,
1378 245 1442 284 sed
1469 246 1580 284 etiam
1608 246 1653 284 de
1681 247 1750 285 mi-

224 314 345 351 nistro
388 313 469 363 ipso
512 311 640 350 collati
677 311 861 355 beneficii,
896 325 961 362 per
998 324 1105 362 quem
1142 310 1237 349 illud
1274 310 1415 362 alioqui
1450 310 1552 349 Deus
1589 311 1752 349 conferri

224 378 354 416 voluit.
408 378 461 415 Ut
487 377 586 415 enim
615 377 754 428 optima
782 390 927 428 quaque
955 376 1150 414 occasione
1177 377 1234 414 vir
1261 377 1380 414 malus
1408 376 1515 414 abuti
1538 379 1662 427 potest
1703 376 1750 414 ad

223 441 491 492 imponendum
529 441 613 492 piis,
648 441 700 479 ita
738 441 828 479 satis
866 454 943 478 non
980 445 1048 485 est,
1085 440 1350 478 beneficiorum
1378 440 1595 491 oecasiones
1622 441 1751 479 obser-

224 518 342 550 vasse,
377 506 441 543 sed
467 505 524 543 illi
551 519 699 556 quoque
727 506 836 543 nobis
865 505 1065 554 diligenter
1094 512 1180 543 sunt
1209 505 1448 551 observandi,
1474 519 1539 557 per
1565 519 1659 556 quos
1686 506 1752 544 be-

224 570 357 609 neficia
395 571 650 610 conferuntur.
705 570 893 608 Nimirum
923 570 984 607 hic
1010 570 1189 608 artificem
1218 571 1295 620 agit
1324 572 1439 609 Satan
1466 575 1503 609 et
1530 570 1648 609 videri
1675 571 1754 610 vult

221 637 301 687 ipse
336 649 483 687 quoque
517 636 554 673 in
592 636 764 685 tyrannis
793 635 870 673 suis
897 635 1177 673 nocentissimis
1214 636 1309 673 altor
1337 636 1388 684 (si
1415 636 1495 674 Deo
1522 636 1681 686 placetl)
1709 649 1752 673 ac

224 705 482 752 propugnator
520 701 659 739 Christi
690 701 892 747 Ecclesiae,
919 714 962 738 ac
988 700 1147 752 proinde
1176 700 1409 751 hypocritam
1438 700 1555 738 animi
1582 701 1641 738 sui
1666 714 1754 750 erga

224 767 327 804 illam
371 766 657 818 propensionem
704 769 817 814 (563)
862 766 1062 817 praeclaris
1107 766 1148 803 in
1182 765 1340 816 speciem
1378 766 1454 813 suis
1491 765 1620 803 officiis
1656 765 1753 816 apud

224 834 306 883 pios
334 845 410 870 non
438 845 523 869 raro
551 832 720 870 attestari
747 839 783 871 et
812 833 1056 883 comprobare
1084 836 1253 875 conatur,
1282 845 1356 882 quo
1385 831 1459 869 illis
1480 831 1630 869 demum
1648 831 1752 869 frau-

225 897 411 935 dulentius
447 898 629 948 imponat,
665 910 779 947 quare
816 911 952 946 magna
988 896 1182 946 diligentia
1207 909 1355 947 ,semper
1383 899 1439 933 est
1466 895 1754 940 observandum,

224 976 287 1013 per
324 975 417 1013 quos
454 961 564 999 nobis
602 962 844 1000 conterantur
881 962 1073 1006 beneficia,
1109 974 1203 1012 quae
1230 961 1448 1011 praesertim
1485 959 1638 1010 publica
1667 963 1755 997 sunt

223 1033 258 1065 et
295 1027 341 1064 ad
377 1032 498 1065 totum
535 1027 693 1065 alicuius
729 1027 919 1065 Ecclesiae
957 1040 1090 1078 corpus
1118 1026 1302 1077 pertinere
1330 1025 1516 1063 videntur.
1569 1026 1695 1076 Atque
1723 1025 1754 1062 si

225 1095 369 1129 constet
406 1091 627 1129 beneficium
661 1092 812 1141 insigne
848 1091 1002 1142 aliquod
1038 1092 1076 1129 in
1116 1091 1325 1128 Ecclesiam
1361 1090 1539 1127 collatum
1575 1103 1654 1127 esse
1690 1103 1754 1140 per

226 1155 416 1193 hominem
453 1170 560 1194 verae
595 1156 790 1205 religionis
820 1159 1020 1200 amantem,
1048 1155 1113 1206 qui
1141 1155 1215 1192 sibi
1242 1154 1312 1192 Dei
1338 1154 1498 1204 gloriam
1526 1152 1631 1191 cordi
1658 1166 1754 1191 sem·

222 1234 286 1272 per
323 1234 401 1258 esse
435 1221 644 1265 declararit,
680 1221 963 1259 commendatur
991 1220 1061 1258 toti
1090 1220 1280 1257 Ecclesiae
1318 1219 1494 1257 collatum
1531 1217 1754 1255 beneficium

222 1285 300 1322 eius
335 1284 446 1321 etiam
482 1297 662 1334 personae
700 1285 866 1329 nomine,
892 1284 957 1334 qui
983 1283 1078 1321 illud
1107 1283 1280 1327 contulit,
1308 1285 1344 1320 et
1372 1281 1558 1319 excitatur
1584 1280 1754 1318 Ecclesia

221 1348 267 1386 ad
304 1352 408 1386 tanto
446 1349 698 1387 ardentiorem
734 1362 803 1400 pro
842 1349 980 1386 collato
1017 1348 1196 1386 beneficio
1233 1347 1441 1397 gratiarum
1478 1345 1679 1392 actionem,
1706 1345 1753 1383 ad

223 1426 324 1463 spem
369 1413 459 1450 item
502 1416 610 1450 tanto
657 1413 822 1450 melioris
870 1426 1065 1451 successus
1103 1415 1188 1463 post
1227 1412 1406 1449 collatum
1439 1425 1460 1448 a
1498 1410 1566 1448 tali
1603 1410 1754 1448 homine

224 1476 459 1522 beneficium,
495 1480 636 1527 quanto
672 1490 769 1522 eum,
805 1477 871 1528 qui
905 1476 1001 1513 illud
1039 1476 1212 1522 contulit,
1239 1488 1347 1513 verae
1373 1474 1504 1525 pietati
1532 1487 1575 1511 ac
1602 1486 1753 1525 promo-

225 1541 365 1579 vendae
403 1541 473 1579 Dei
508 1541 650 1591 gloriae
685 1542 805 1590 magis
841 1541 1031 1580 addictum
1070 1555 1148 1579 esse
1182 1542 1348 1586 constat,
1386 1539 1433 1577 ad
1460 1553 1570 1590 quem
1597 1538 1751 1576 modum

224 1618 293 1642 nos
329 1605 466 1643 habere
500 1605 611 1643 nobis
649 1605 816 1643 videmur
853 1605 1098 1644 iustissimam
1140 1605 1326 1659 rationem
1364 1604 1655 1642 commendandi
1681 1604 1754 1655 piis

224 1669 364 1720 ubique
400 1670 576 1707 omnibus
613 1670 738 1707 omnia
766 1670 880 1708 etiam
909 1670 1087 1708 beneficia
1114 1670 1155 1707 in
1183 1673 1351 1707 nostram
1381 1669 1517 1707 collata
1544 1668 1754 1706 Ecclesiam

226 1735 365 1784 Regiae
398 1735 517 1785 ipsius
556 1735 766 1773 Maiestatis
802 1736 966 1781 nomine,
1005 1736 1174 1773 Eduardi
1208 1735 1500 1785 in-(564)quam
1528 1734 1644 1778 Sexti,
1673 1734 1754 1771 An-

225 1800 323 1849 gliae
359 1804 429 1838 etc.
484 1801 610 1850 Regis,
637 1801 703 1852 qui
730 1815 818 1838 sane
846 1814 923 1838 non
951 1801 1024 1838 alia
1052 1801 1263 1846 occasione,
1290 1813 1402 1851 quam
1429 1800 1509 1837 sola
1536 1799 1774 1850 peregrino-¹

224 1878 308 1912 rum
335 1864 529 1902 hominum
557 1866 894 1911 commiseratione,
921 1866 996 1916 qui,
1025 1866 1164 1903 relictis
1184 1865 1316 1916 patriis
1337 1864 1499 1910 sedibus,
1515 1864 1561 1901 ad
1581 1864 1753 1913 Regnum

225 1930 329 1968 illius
358 1943 395 1968 se
424 1931 593 1968 conferre
626 1944 734 1968 verae
770 1931 965 1980 religionis
994 1931 1158 1977 nomine,
1185 1944 1294 1981 quam
1326 1929 1427 1967 domi
1455 1942 1541 1967 suae
1553 1929 1756 1979 tyrannide

227 1994 527 2032 Antichristiana
554 1995 674 2046 premi
699 1996 923 2047 maluerunt,
950 2009 1069 2046 neque
1097 1995 1170 2032 alio
1200 1995 1290 2033 item
1319 1995 1477 2032 consilio
1505 1997 1675 2032 nostram
1694 1994 1756 2031 hic

227 2060 390 2098 instituit
429 2060 649 2104 Ecclesiam,
677 2074 789 2112 quam
823 2065 865 2098 ut
901 2074 943 2099 ea
972 2061 1170 2098 occasione
1197 2074 1321 2098 veram
1349 2060 1570 2109 religionem
1598 2060 1638 2097 in
1666 2059 1755 2097 doc-

227 2126 347 2163 trinae
383 2129 418 2163 et
455 2126 577 2163 cultus
613 2125 743 2163 Divini
777 2126 938 2176 puritate
973 2139 1038 2177 per
1073 2119 1486 2174 universum‘regnum
1523 2137 1631 2162 suum
1666 2137 1753 2175 pro-

229 2194 405 2228 moveret.
436 2190 476 2227 Si
503 2203 589 2228 vero
618 2190 780 2240 suspicio
809 2191 869 2236 sit,
898 2190 1132 2241 hypocritam
1161 2203 1252 2235 esse,
1280 2203 1344 2240 per
1372 2178 1483 2240 quem'
1500 2192 1556 2227 est
1577 2189 1755 2227 collatum

231 2254 462 2301 beneficium,
491 2255 772 2293 commendatur
801 2255 950 2305 quidem
980 2253 1171 2292 Ecclesiae
1199 2254 1420 2292 beneficium
1446 2254 1581 2304 ipsum,
1608 2254 1708 2291 velut
1734 2267 1755 2290 a

230 2318 396 2357 Domino
422 2319 642 2370 profectum,
669 2319 733 2370 qui
759 2332 836 2357 non
864 2319 1011 2357 frenare
1037 2319 1151 2357 modo
1183 2322 1431 2368 tyrannorum
1457 2317 1684 2368 impietatem
1705 2327 1755 2354 'ac

230 2384 493 2421 truculentiam
520 2387 643 2434 potest
672 2384 752 2421 vult
778 2388 814 2421 et
841 2383 957 2430 novit,
987 2383 1050 2422 sed
1079 2396 1140 2421 eos
1166 2383 1345 2434 ipsosmet
1372 2383 1496 2425 etiam,
1525 2385 1589 2419 aut
1610 2381 1754 2431 impru-

233 2447 372 2493 dentes,
409 2451 473 2486 aut
507 2448 646 2486 invitos
683 2461 847 2498 quoque,
879 2448 1040 2499 publicis
1079 2447 1268 2485 Ecclesiae
1306 2446 1511 2486 commodis
1548 2445 1639 2483 facit
1676 2458 1754 2483 non

231 2524 315 2548 raro
352 2511 575 2558 subservire,
610 2525 684 2563 qua
719 2525 807 2549 sane
842 2512 882 2549 in
919 2516 1023 2562 parte
1052 2511 1334 2549 commendatur
1361 2510 1560 2559 insigniter
1587 2509 1754 2559 potentia

234 2576 446 2624 benignitas
482 2581 519 2614 et
554 2576 790 2627 providentia
818 2576 900 2614 Dei.
957 2576 1028 2614 Sed
1057 2576 1206 2614 interim
1233 2579 1405 2613 monetur
1432 2574 1544 2612 etiam
1572 2573 1754 2619 Ecclesia,

232 2645 273 2678 ut
302 2653 481 2678 summam
511 2641 719 2678 cautionem
749 2640 925 2678 adhibeat
960 2641 1210 2692 precibusque
1237 2639 1396 2678 assiduis
1424 2638 1522 2688 apud
1551 2638 1753 2676 Dominum

231 2706 360 2751 instet,
388 2718 433 2741 ne
461 2718 533 2755 quo
563 2705 773 2753 modoksub
801 2709 994 2755 praetextu
1010 2705 1193 2747 beneficii,
1214 2705 1300 2742 fuco
1321 2716 1363 2746 ac
1384 2702 1480 2739 dolis
1500 2715 1626 2740 eorum
1643 2704 1753 2750 (565)

232 2770 512 2820 hypocritarum
541 2771 706 2816 fallatur,
733 2773 810 2815 aut,
838 2782 910 2820 quo
940 2783 1016 2806 non
1045 2773 1204 2820 oportet,
1231 2768 1444 2813 inducatur,
1470 2780 1535 2818 per
1563 2780 1655 2818 quos
1676 2767 1753 2804 col-

231 2836 348 2873 latum
375 2835 468 2872 illud
498 2835 718 2873 beneficium
747 2834 902 2885 accepit.
933 2834 1042 2871 Nihil
1070 2836 1167 2871 enim
1196 2832 1467 2870 fraudulentius
1495 2845 1536 2870 ea
1553 2831 1753 2883 hypocrisi,

229 2912 326 2954 quae
354 2899 521 2952 specioso
549 2900 674 2951 aliquo
702 2899 852 2951 pietatis
880 2900 966 2937 fuco
995 2898 1121 2936 ornari
1150 2911 1256 2949 posse
1285 2896 1441 2936 videtur.
