1830 3147
197 99 268 135 216

208 210 300 248 velle
335 210 544 249 admittere.
600 211 794 248 Secundus
830 211 970 261 gradus
1006 215 1061 250 est
1098 213 1276 251 securitas
1303 212 1484 264 quaedam
1514 213 1552 251 in
1580 216 1732 264 peceato

211 279 294 326 post
334 278 564 326 contemptas
591 275 692 313 illius
720 289 849 313 omnes
878 289 922 314 ex
950 276 1064 314 verbo
1093 276 1163 314 Dei
1190 277 1612 327 ad-(385)m0nitiones‚
1640 290 1736 328 quae

213 339 361 377 tandem
399 339 549 377 tandem
580 339 704 377 evadit
730 340 770 377 in
798 343 1059 391 ἀπαλγκσῖιιυ
1088 342 1232 392 peccati
1258 341 1389 393 ipsius,
1418 341 1731 392 quemadmodum

209 404 343 441 Paulus
373 403 481 442 docet
498 404 539 452 ¹).
569 404 657 442 Hoc
683 409 749 450 est,
778 410 817 442 ut
844 405 882 442 in
911 409 1063 456 peccato
1086 410 1215 443 nostro
1238 407 1360 444 dolere
1379 406 1490 457 plane
1509 405 1732 452 desinamus,

207 470 326 506 donec
353 469 555 519 aliquando
583 470 779 508 severitate
808 470 935 507 Divini
962 470 1094 508 iudicii
1122 472 1289 522 oppressi
1316 484 1519 521 agnoscere
1548 471 1644 508 illud
1672 484 1732 508 ve-

207 533 316 571 limus
365 533 528 571 nolimus
566 547 649 572 cum
693 534 771 586 ipsa
811 535 1070 586 desperatione
1116 548 1304 585 cogamur.
1358 536 1572 574 Postremus
1609 538 1731 573 autem

204 598 306 635 illius
343 598 482 647 gradus
519 603 586 644 est,
622 599 748 636 odium
788 599 857 636 Dei
891 599 1007 650 ipsius
1045 602 1081 637 et
1120 599 1380 638 Ministrorum
1418 600 1521 638 illius
1549 600 1729 638 omnium.

205 662 394 700 Nimirum
421 666 664 714 posteaquam
693 664 805 702 semel
831 664 870 702 in
899 669 1052 715 peccato
1081 668 1211 703 nostro
1240 665 1486 710 dedoluimus,
1514 664 1567 703 sic
1593 669 1635 702 ut
1663 677 1732 702 no·

206 728 262 765 bis
297 728 337 765 in
372 727 438 765 illo
476 728 595 765 securi
621 728 695 765 iarn
724 730 830 779 plane
858 729 1050 766 videamur
1092 742 1137 766 ac
1166 729 1314 767 demum
1342 743 1469 767 rursus
1497 729 1634 767 evitare
1662 742 1731 767 nos

203 792 493 843 haudquaquam
519 806 629 843 posse
657 793 825 830 videmus
853 793 1129 831 formidabilem
1157 794 1262 831 illam
1290 794 1421 832 Divini
1446 794 1576 832 iudicii
1594 795 1729 832 severi·

205 860 319 894 tatem
353 857 598 907 flammaeque
632 856 733 894 illius
768 857 1052 903 vehementiam,
1088 871 1182 908 quae
1218 870 1286 895 nos
1330 858 1508 896 devorare
1535 858 1581 895 ad
1609 862 1729 896 extre-

202 935 302 959 mum
347 921 490 967 debeat,
533 922 772 959 accendimur
809 922 896 960 odio
934 922 1096 973 quodam
1134 923 1174 959 in
1211 922 1331 960 Deum
1366 923 1489 974 ipsum
1525 923 1731 961 severitatis

200 999 287 1023 suae
313 986 415 1023 illius
444 986 606 1033 nomine,
634 990 675 1023 ut
702 999 779 1023 non
807 986 919 1024 modo
948 987 1050 1024 illius
1079 987 1380 1025 recordationem
1408 1001 1556 1025 omnem
1578 1000 1729 1025 exosam

198 1052 307 1104 plane
348 1052 563 1098 habeamus,
597 1052 660 1089 sed
696 1065 741 1089 ne
781 1051 1044 1090 Ministrorum
1081 1065 1231 1103 quoque
1266 1052 1383 1103 ipsius
1421 1057 1484 1090 aut
1512 1065 1638 1090 vocem
1668 1058 1732 1091 aut

197 1122 386 1170 aspectum
429 1118 538 1155 etiam
586 1118 681 1155 ferre
724 1117 802 1155 ullo
849 1116 959 1154 modo
1005 1116 1203 1168 possimus,
1256 1117 1570 1168 quemadmodum
1616 1116 1654 1153 id
1690 1116 1730 1154 in

198 1183 404 1221 Pharaonis
432 1182 599 1234 exemplo
629 1180 970 1220 clarissime‘nobis
1000 1182 1226 1220 delineatum
1257 1181 1423 1220 videmus
1442 1181 1486 1230 2).
1529 1182 1634 1219 Inter
1663 1182 1730 1219 hos

199 1249 313 1299 igitur
342 1252 577 1299 contemptus
606 1247 714 1286 istius
742 1247 881 1297 gradus
910 1248 982 1284 hoc
1011 1248 1121 1285 etiam
1144 1247 1345 1285 discrimen
1366 1246 1641 1285 observandum
1663 1255 1732 1292 est,

199 1314 311 1366 quod,
339 1313 653 1364 quemadmodum
683 1313 721 1350 in
750 1320 878 1350 nostra
907 1313 1130 1351 infirmitate
1158 1326 1234 1350 non
1262 1313 1365 1363 prius
1383 1311 1428 1350 de
1445 1311 1547 1349 illius
1567 1311 1732 1361 gratuita

201 1383 350 1431 propter
388 1378 579 1416 Christum
608 1378 888 1416 condonatione
916 1378 1262 1428 intelli-(386)gere
1290 1377 1495 1429 quidquam
1522 1389 1733 1428 possumus,

200 1459 311 1497 quam
349 1444 451 1482 illius
483 1444 767 1495 promissionem
807 1445 853 1481 ad
891 1458 958 1481 nos
996 1444 1181 1495 pertinere
1218 1444 1304 1481 fidei
1334 1449 1484 1481 nostrae
1511 1442 1727 1480 testimonio

201 1511 239 1547 in
278 1510 389 1546 corde
425 1512 554 1546 nostro
593 1509 811 1551 sentiamus,
846 1509 897 1546 ita
935 1513 969 1546 et
1006 1508 1045 1546 in
1081 1508 1152 1546 hoc
1181 1512 1398 1559 contemptu
1426 1521 1502 1546 non
1530 1508 1633 1559 prius
1662 1522 1730 1547 nos

201 1574 247 1611 ab
286 1573 389 1611 omni
427 1573 554 1611 veniae
589 1587 652 1624 spe
688 1573 860 1611 exclusos
897 1586 975 1611 esse
1013 1576 1236 1616 statuamus,
1274 1586 1386 1624 quam
1414 1586 1484 1611 nos
1511 1574 1551 1611 in
1578 1578 1730 1625 peccato

203 1642 331 1677 nostro
361 1637 572 1675 dedoluisse
599 1650 765 1688 prorsus,
793 1638 970 1689 omnique
996 1637 1098 1675 illius
1128 1651 1240 1675 sensu
1269 1638 1442 1684 caruisse,
1480 1638 1619 1676 adhaec
1646 1638 1732 1676 odio

205 1718 274 1743 nos
310 1704 421 1742 etiam
458 1704 567 1755 plane
602 1703 834 1754 implacabili
871 1703 911 1740 in
948 1703 1068 1740 Deum
1097 1703 1220 1754 ipsum
1249 1707 1285 1741 et
1315 1703 1515 1741 Ministros
1542 1703 1642 1742 illius
1670 1717 1733 1742 ac-

205 1783 336 1808 censos
369 1782 448 1806 esse
480 1768 520 1806 in
558 1769 668 1806 corde
696 1772 825 1806 nostro
858 1768 1072 1806 sentiamus.
1127 1767 1285 1805 Duobus
1313 1780 1401 1816 ergo
1430 1768 1605 1806 extremis
1634 1768 1735 1806 hisce

206 1838 440 1885 contemptus
467 1834 575 1872 istius
594 1833 774 1883 gradihus
796 1832 900 1871 illum
918 1836 1168 1884 ἀσύγνωστσν
1189 1845 1268 1870 esse
1289 1836 1504 1870 statuemus.
1535 1833 1594 1879 Et,
1612 1833 1732 1870 sicubi

204 1912 323 1950 neque
353 1901 610 1949 ἀπαλγησὶεις
641 1898 836 1935 manifesta
853 1901 977 1935 extare
995 1897 1135 1934 indicia
1154 1897 1231 1933 ulla
1246 1910 1363 1947 neque
1377 1897 1467 1934 item
1483 1895 1732 1948 θεοστυγῖαν

203 1964 327 2016 palam
361 1976 440 2001 sese
476 1963 663 2000 exeruisse
699 1962 878 2007 videmus,
913 1961 968 1999 ibi
1004 1975 1091 1999 sanc
1118 1961 1260 2010 gratiae
1289 1974 1331 1998 ae
1358 1961 1634 2000 misericordiae
1661 1962 1733 2000 Dei

200 2031 325 2067 locum
353 2028 477 2066 adhuc
502 2028 685 2079 reliquum
714 2041 792 2065 esse
818 2027 972 2065 minime
1002 2026 1227 2073 dubitemus,
1254 2026 1317 2064 sed
1345 2026 1384 2064 in
1411 2026 1599 2077 prioribus
1621 2027 1731 2065 etiam

205 2097 440 2144 contemptus
471 2093 591 2130 nostri
626 2091 806 2141 gradibus
833 2105 941 2143 opem
970 2091 1092 2129 adhuc
1120 2091 1166 2129 ad
1193 2091 1353 2140 gratiam
1381 2091 1537 2129 Domini
1564 2090 1634 2129 Dei
1663 2104 1730 2129 no-

204 2159 272 2197 stri
299 2163 333 2196 et
361 2157 533 2209 privatim
562 2161 597 2196 et
623 2158 774 2208 publice
800 2157 1055 2208 imploremus.
1086 2157 1133 2194 Id
1161 2170 1249 2195 sane
1279 2169 1347 2194 nos
1379 2156 1502 2194 doceri
1521 2144 1602 2207 ipso
1620 2157 1731 2195 etiam

203 2222 604 2263 excommunicationis
631 2236 701 2260 usu
727 2223 767 2260 in
807 2222 976 2260 Ecclesia
1006 2221 1157 2260 Christi.
1205 2222 1395 2259 Nimirum
1426 2222 1621 2259 ferendum
1648 2222 1732 2273 qui-

204 2288 287 2327 dem
315 2301 392 2326 non
419 2301 498 2326 esse
526 2287 565 2325 in
593 2287 761 2325 Ecclesia
791 2290 1045 2338 contemptum
1071 2286 1192 2337 ipsum
1229 2286 1269 2324 in
1287 2286 1478 2337 prioribus
1497 2286 1608 2323 etiam
1629 2285 1733 2324 illius

203 2352 396 2402 gradibus,
432 2365 564 2403 nempe
598 2351 639 2389 in
673 2352 816 2403 peccati
855 2352 1096 2390 excusatione
1142 2356 1177 2389 et
1214 2351 1514 2389 admonitionum
1553 2351 1734 2402 pertinaci

203 2418 446 2464 aversatione,
483 2417 545 2455 sed
584 2430 660 2455 non
696 2417 779 2454 ideo
817 2422 941 2455 tamen
971 2416 1190 2455 cessandum
1218 2429 1298 2454 esse
1324 2430 1344 2454 a
1371 2416 1545 2467 precibus
1573 2428 1640 2466 pro
1668 2428 1732 2453 ex-

203 2482 487 2520 communicatis
513 2481 615 2533 ipsis,
645 2481 789 2519 etiamsi
817 2482 928 2532 primi
956 2481 1028 2519 iam
1055 2481 1332 2530 gra-(387)dus
1362 2484 1593 2531 contemptus
1622 2480 1660 2517 in
1687 2480 1734 2517 il-

200 2547 247 2584 lis
285 2547 476 2597 conspicui
519 2560 598 2585 esse
633 2546 842 2592 videantur,
880 2559 962 2584 cum
1000 2551 1036 2585 et
1063 2547 1182 2598 ipsam
1210 2546 1352 2598 alioqui
1378 2544 1735 2583 excommunicatio-

200 2623 284 2648 nem
313 2610 351 2647 in
378 2611 581 2649 remedium
613 2615 847 2662 contemptus
875 2611 994 2660 ipsius
1022 2611 1235 2649 institutam
1262 2624 1341 2649 esse
1370 2614 1526 2648 constet.

250 2674 356 2712 Haec
392 2675 444 2712 ita
480 2680 687 2714 tractantur
725 2689 789 2726 per
819 2675 1071 2712 Ecclesiasten
1100 2676 1138 2713 in
1169 2689 1210 2713 ea
1238 2674 1494 2717 admonitione
1521 2673 1566 2711 ad
1597 2674 1731 2713 Eccle-

196 2739 289 2775 siam
337 2751 445 2789 super
482 2741 892 2778 excommunicatorum
933 2739 1164 2790 poenitentia
1211 2744 1246 2778 et
1291 2738 1610 2777 reconciliatione.
1665 2738 1728 2776 Ad

239 2868 263 2906 ί)
286 2867 402 2908 Ephes.
427 2868 456 2898 4.
813 2867 840 2906 ²)
864 2866 943 2898 Exo.
969 2868 996 2904 5,
1021 2867 1048 2904 7,
1074 2870 1104 2898 et
1129 2867 1335 2908 sequentibus
1359 2877 1426 2907 cap.
