1830 3147
36 2160 120 2202 Sapi.
146 2160 199 2191 Vl.
219 2163 243 2199 ¹)

32 2376 139 2407 John..
163 2376 248 2408 XVI.

36 2419 152 2450 l‘salm.
181 2418 246 2448 119.

34 2615 107 2646 Pro.
130 2614 242 2650 XXIX,

33 2754 136 2788 Math.
159 2753 213 2784 IX.

699 98 1527 110 awmaeaeasaeaemaesaeWWNWWVVV⁴
1533 99 1541 105 ”
1547 98 1569 105 ““
1576 100 1582 105 '
1590 99 1596 105 “
1604 98 1611 106 '¹
1617 99 1625 105 '⁴
1632 99 1638 105 “
1647 100 1652 104 “
1661 99 1666 105 ⁴
1676 98 1681 104 ¹

732 415 947 454 Joannes
1012 414 1323 454 Utenhovius
1387 415 1730 454 Germanorum

681 479 959 525 Ecclesiae,
994 492 1115 529 quae
1150 482 1223 517 est
1259 479 1495 525 Loudini,
1530 480 1732 530 gratiam

680 557 732 582 ac
758 557 917 595 pacem
946 557 966 581 a
996 542 1090 581 Deo
1118 543 1283 589 Patre,
1310 557 1390 595 per
1417 544 1578 583 Iesum
1597 545 1730 583 Chri-

681 613 827 654 stum,
855 608 1112 646 Dominum
1142 612 1379 648 nostrum.
1435 611 1594 648 Amen.

360 745 466 783 DEO
486 747 592 793 grata
605 746 831 793 acceptaque
848 741 1075 793 reipublicae
1096 743 1208 789 salus,
1220 743 1346 782 dilecti
1357 744 1522 782 Fratres!
1544 757 1600 782 me
1610 743 1733 782 iudice

322 809 443 848 tribus
472 807 633 845 maxime
660 806 895 844 continetur:
924 819 1055 857 nempe
1083 806 1221 857 pietate
1242 808 1498 857 magistratus,
1516 807 1732 857 integritate

325 875 533 912 Doctorum
570 872 647 909 sive
683 871 788 908 verbi
816 870 946 909 Divini
974 871 1248 918 ministrorum,
1285 877 1320 909 et
1349 873 1621 911 sustentatione
1648 886 1731 910 sco-

322 939 441 976 larum
472 935 783 980 Christianarum,
810 935 891 973 sine
918 935 1055 986 quibus
1083 936 1185 973 nulla
1213 936 1424 987 respublica
1459 937 1645 988 prosperis
1674 951 1731 975 re-

324 1004 393 1041 bus
430 1002 484 1040 uti
519 1005 655 1053 potest,
682 1000 995 1052 quemadmodum
1028 1000 1091 1037 ubi
1119 1000 1190 1037 tria
1220 1000 1311 1038 haec
1340 1001 1580 1046 conveniunt,
1604 1015 1731 1040 rursus

323 1081 399 1106 non
426 1071 551 1118 potest
577 1065 669 1117 quin
696 1065 825 1103 floreat
852 1065 1075 1116 respublica.
1131 1065 1246 1104 Quod
1273 1065 1373 1103 enim
1400 1065 1447 1103 ad
1474 1066 1635 1117 primum
1663 1066 1731 1104 ho-

323 1146 404 1171 rum
451 1131 599 1177 attinet,
637 1130 727 1168 satis
757 1133 917 1176 constat,
954 1130 1215 1178 magistratum
1245 1130 1472 1181 reipublicae
1500 1144 1592 1175 esse,
1628 1131 1728 1182 quod

324 1197 471 1248 corpori
499 1196 665 1233 humano
695 1194 922 1232 stomachus.
952 1196 1005 1242 (A
1032 1194 1095 1242 iia)
1125 1194 1453 1232 Quemadmodum
1481 1195 1581 1232 enim
1607 1199 1729 1233 totum

324 1275 458 1313 corpus
494 1259 687 1298 stomacho
726 1258 903 1305 nutritur,
940 1271 1060 1309 neque
1098 1259 1177 1296 sine
1204 1271 1246 1296 eo
1285 1259 1487 1297 subsistere
1513 1263 1649 1310 potest,
1676 1260 1731 1297 sic

322 1339 472 1378 quoque
499 1324 580 1362 sine
607 1323 830 1371 magistratu
858 1322 1068 1372 respublica
1089 1321 1152 1359 diu
1174 1335 1322 1360 manere
1343 1336 1418 1360 non
1438 1328 1561 1374 potest
1579 1328 1731 1374 propter

322 1402 496 1439 magnam
552 1387 764 1430 miseriam,
817 1385 1096 1437 perversitatem
1150 1390 1263 1436 atque
1315 1387 1534 1436 pravitatem
1589 1387 1729 1425 indolis

322 1460 433 1506 atque
460 1457 613 1491 naturae
644 1451 837 1497 humanae,
866 1463 961 1501 quae
989 1450 1132 1487 idcirco
1158 1458 1314 1487 externo
1342 1455 1453 1501 atque
1471 1450 1627 1502 politico
1649 1465 1729 1489 mo-

321 1519 512 1558 deramine
526 1517 607 1566 regi
622 1515 828 1554 necessarie
845 1515 967 1553 debet.
997 1514 1070 1552 Sed
1091 1514 1406 1565 quemadmodum
1424 1515 1495 1552 hoc
1510 1529 1582 1553 non
1598 1516 1731 1554 sufficit

320 1585 366 1623 ad
395 1582 652 1622 sustinendam
681 1580 850 1631 corporis
880 1579 1143 1624 valetudinem,
1163 1583 1205 1617 ut
1225 1579 1419 1616 stomacho
1442 1579 1489 1617 sit
1508 1579 1731 1631 praeditum,

321 1650 394 1688 nisi
430 1660 579 1700 quoque
615 1659 728 1684 sanus
766 1645 814 1683 sit
841 1648 951 1695 atque
979 1643 1138 1693 integer,
1164 1643 1218 1681 sic
1246 1644 1357 1682 etiam
1385 1644 1611 1695 reipublicae
1639 1645 1729 1683 satis

320 1728 397 1753 non
434 1717 503 1759 est,
537 1710 762 1760 magistratu
795 1713 966 1747 ornatam
1002 1721 1094 1754 esse,
1130 1707 1203 1746 nisi
1242 1708 1290 1746 sit
1318 1721 1464 1760 quoque
1492 1710 1638 1760 sapiens
1665 1710 1730 1748 ille

319 1779 542 1831 pietatisque
580 1775 785 1821 studiosus,
818 1796 870 1803 —
906 1773 964 1811 sin
1000 1774 1137 1821 minus,
1178 1773 1347 1824 profecto
1384 1773 1625 1811 intolerabile
1662 1779 1728 1820 est,

320 1841 535 1882 istiusmodi
560 1838 797 1889 magistratui
826 1838 980 1876 subesse
1008 1842 1136 1888 estque
1164 1837 1357 1875 verissima
1385 1837 1455 1875 Dei
1481 1851 1549 1888 pro
1566 1839 1728 1889 peccatis

319 1907 450 1960 populi
476 1919 596 1957 poena
625 1903 810 1947 habenda,
828 1902 954 1953 impiis
978 1902 1261 1951 magistratibus
1279 1901 1471 1940 subditum
1490 1915 1581 1947 esse,
1598 1916 1726 1954 quem-

320 1971 521 2011 admodum
550 1969 662 2007 etiam
690 1981 709 2005 e
737 1966 924 2005 contrario
959 1965 1146 2004 ineffabile
1173 1966 1243 2003 Dei
1267 1966 1305 2004 in
1324 1967 1593 2017 rempublicam
1614 1968 1725 2006 bene-

319 2037 446 2075 ficium
483 2033 711 2072 censendum
747 2036 817 2077 est,
852 2044 969 2082 quum
1006 2030 1189 2080 sapientes
1226 2030 1260 2067 ei
1286 2043 1329 2067 ac
1355 2030 1408 2081 pii
1434 2031 1677 2081 magistratus
1705 2046 1726 2069 a

320 2101 483 2139 Domino
521 2097 686 2136 ordinati
728 2096 816 2142 sint,
854 2099 1036 2146 quatenus
1065 2095 1213 2145 sapiens
1242 2095 1482 2144 magistratus
1513 2095 1566 2132 vis
1594 2108 1637 2133 ac
1664 2109 1725 2133 ro·

320 2166 391 2203 bur
431 2163 559 2215 populi
596 2165 663 2199 est.
719 2160 892 2198 Secundo
930 2159 1033 2210 quod
1068 2158 1115 2195 ad
1151 2158 1319 2208 integros
1357 2161 1411 2207 (A
1447 2159 1513 2206 iib)
1552 2159 1725 2198 doctores

319 2230 496 2280 verbique
523 2227 731 2271 ministros,
758 2238 868 2275 quam
897 2224 973 2262 sint
1000 2223 1228 2274 reipublicae
1255 2223 1454 2261 necessarii
1481 2225 1592 2262 facile
1619 2225 1725 2262 colli-

317 2296 418 2346 gitur
445 2307 465 2331 e
492 2291 713 2331 necessitate
741 2289 872 2333 Verbi,
900 2288 1001 2339 quod
1030 2288 1151 2325 solum
1178 2288 1243 2325 lux
1273 2289 1348 2326 vita
1376 2301 1418 2326 ac
1447 2289 1553 2326 cibus
1582 2290 1724 2327 anima·

318 2372 401 2397 rum
437 2362 504 2402 est,
532 2360 637 2394 extra
664 2353 767 2405 quod
794 2353 905 2391 etiam
935 2352 988 2390 nil
1017 2351 1091 2390 nisi
1118 2353 1293 2390 tenebrae
1329 2366 1430 2390 mors
1466 2358 1577 2404 atque
1604 2357 1723 2391 aeter-

319 2438 408 2463 num
435 2422 589 2461 exitium
620 2418 892 2470 expectandum
921 2422 988 2456 est.
1018 2418 1151 2468 Neque
1179 2431 1267 2455 sane
1293 2418 1375 2456 fieri
1401 2423 1533 2469 potest,
1562 2423 1603 2455 ut
1631 2419 1724 2457 bene

320 2488 425 2526 cedat
453 2485 604 2538 populo,
631 2483 697 2521 ubi
727 2495 811 2520 vera
840 2481 1012 2519 doctrina
1041 2481 1154 2526 deest,
1181 2494 1282 2525 nam,
1309 2481 1364 2519 uti
1392 2481 1448 2519 vir
1469 2481 1623 2532 Sapiens
1648 2482 1722 2520 iam

319 2551 428 2594 dixit,
458 2550 522 2587 ubi
550 2546 785 2599 prophetiam
814 2545 891 2582 sive
920 2545 1087 2582 divinam
1115 2545 1391 2583 institutionem
1412 2546 1549 2582 frustra
1571 2558 1724 2596 quaero,

318 2616 371 2653 ibi
401 2612 595 2664 dissipatio
623 2610 751 2662 populi
779 2613 956 2660 sequatur
984 2621 1134 2646 necesse
1161 2613 1228 2647 est.
1277 2608 1413 2646 Merito
1444 2609 1538 2646 hanc
1568 2610 1616 2646 ob
1637 2623 1721 2648 cau-

318 2693 396 2718 sam
416 2678 577 2730 populus
595 2675 737 2726 absque
755 2668 975 2715 doctoribus
995 2687 1016 2711 a
1036 2673 1187 2711 Christo
1209 2672 1399 2711 Domino
1388 2685 1470 2724 ipso
1492 2686 1575 2711 cum
1596 2675 1722 2713 ovium

316 2756 430 2795 grege
458 2741 710 2793 componitur,
736 2738 801 2790 qui
827 2742 976 2789 pastore
1004 2737 1206 2776 destitutus
1234 2737 1337 2776 omni
1364 2737 1580 2777 hauddubie
1596 2739 1719 2778 defec-

365 2881 389 2921 ¹)
414 2877 535 2910 Seriexn
558 2877 702 2908 textuum
726 2874 774 2906 ed.
797 2874 825 2905 ai
851 2873 931 2905 1553
955 2873 993 2905 ad
1016 2873 1190 2915 marginem
1207 2873 1361 2905 versionis
1377 2874 1495 2906 latinae
1515 2885 1723 2907 recensemus.
