1830 3147
812 90 882 128 647
1339 93 1400 141 [A.
1425 92 1471 130 D.
1499 94 1610 130 1551*

72 201 438 249 quentem.]Breviter
463 202 528 244 est,
555 200 650 247 quod
677 199 826 236 Divinae
852 199 1062 246 benignitati
1088 211 1207 237 omnes
1233 201 1446 239 unanimiter
1470 203 1604 250 gratias

65 275 211 310 agamus
243 254 306 311 pro
342 263 443 299 tanto
475 261 571 298 illius
602 261 768 297 beneficio
801 260 1127 309 gratitudinemque
1151 264 1309 298 nostram
1335 265 1456 300 nostra
1481 265 1603 313 resipi-

64 324 213 362 scientia
246 326 282 361 et
317 323 452 360 mutuis
484 322 644 360 caritatis
679 322 800 360 officiis
832 324 1058 366 attestemur,
1094 325 1130 359 et
1155 335 1294 360 oremus
1319 323 1518 372 diligenter,
1545 329 1600 370 ut,

64 385 162 433 quod
192 385 243 422 ita
268 386 321 422 hic
347 397 448 422 orsus
473 387 527 421 est
553 384 740 428 Dominus,
774 396 837 432 pro
862 383 1030 421 ineffabili
1056 397 1120 421 sua
1143 385 1391 430 misericordia,
1417 386 1512 424 hisce
1537 400 1596 436 po-

61 447 239 484 tissimum
264 445 499 483 afflictissimis
525 445 752 493 temporibus,
777 445 813 482 id
838 448 881 482 ut
905 445 1077 494 provehat
1107 445 1150 482 ad
1168 446 1271 483 finem
1290 459 1404 495 usque
1420 447 1598 496 addatque

62 508 163 544 nobis
190 508 362 557 Spiritum
388 520 492 543 suum
516 508 696 552 Sanctum,
722 507 784 555 qui
810 520 874 544 nos
899 509 1093 555 nostraque
1117 508 1262 544 consilia
1287 510 1404 546 omnia
1421 510 1457 546 in
1474 514 1597 548 nostro

61 570 257 607 ministerio
291 573 391 617 regat
426 569 627 606 moderetur
661 581 699 606 ac
725 572 917 618 prosperet,
942 571 985 605 ut
1010 569 1176 616 Regnum
1200 570 1282 606 Filii
1307 571 1363 608 sui
1388 571 1508 609 dilecti
1533 586 1595 621 per

60 644 125 668 nos
149 632 335 680 propagari
357 631 605 679 illustriusque
629 631 726 668 reddi
751 631 863 679 possit
888 631 931 668 ed
955 630 1103 679 gloriam
1126 632 1275 669 nominis
1298 633 1420 681 ipsius,
1446 634 1595 671 salutem

60 696 218 731 nostram
243 696 279 730 et
304 693 481 731 Ecclesiae
507 706 591 730 suae
614 693 901 737 aedificationem,
925 694 1052 730 Amen.

107 755 287 791 Sensimus
313 755 380 790 iam
406 758 558 791 conatus
582 754 755 791 Sathanae
779 753 1014 802 undiquaque
1038 757 1200 791 nostrum
1224 754 1432 791 institutum
1459 758 1596 804 pertur-

61 815 142 852 bare
167 816 341 860 conantis,
365 815 452 852 adeo
477 818 520 852 ut
546 828 601 852 res
626 815 669 852 ad
695 815 898 852 scissionem
922 815 1161 853 Ecclesiarum
1185 816 1436 864 propemodum
1461 819 1596 865 speeta-

56 880 112 914 ret
134 879 191 924 ¹⁰).
240 877 307 914 Sed
342 877 516 914 Dominus
550 877 619 913 iam
654 876 763 913 furias
789 876 885 912 illius
909 877 1127 924 compescuit
1151 879 1349 925 uteunque,
1383 880 1419 914 et
1450 879 1595 926 posthac

55 951 234 986 speramus
267 938 421 975 meliora.
470 939 546 974 Iam
580 939 683 974 finem
709 950 817 985 cogor
842 937 954 974 facere
979 942 1123 986 propter
1149 938 1334 983 obruentis.
1358 952 1414 975 me
1439 940 1595 987 negotia.

55 1000 151 1047 Opto
176 999 298 1046 itaque
323 1012 403 1035 cum
429 999 560 1036 nostris
586 999 760 1042 omnibus,
794 1011 857 1035 vos
880 999 962 1035 istic
988 1011 1108 1035 omnes
1132 999 1463 1036 observandissimos
1488 1001 1590 1037 nobis

54 1063 296 1107 praeceptores
328 1063 366 1097 et
399 1060 524 1097 fratres
557 1064 652 1097 recte
677 1062 713 1097 in
739 1061 892 1097 Domino
916 1073 1018 1107 agere
1043 1063 1080 1097 et
1105 1061 1236 1108 optime
1261 1062 1387 1106 valere,
1412 1076 1483 1099 una
1508 1076 1587 1100 cum

54 1124 132 1158 tota
156 1120 314 1158 Ecclesia
339 1124 468 1165 vestra,
494 1122 596 1159 cuius
621 1135 685 1159 nos
708 1122 870 1170 precibus
896 1122 1144 1159 officiosissime
1168 1123 1459 1160 commendamus.
1493 1124 1588 1161 Lon-

52 1182 125 1219 dini
150 1193 206 1218 vu
230 1181 388 1218 Ianuarii
415 1183 519 1220 1551.
554 1185 560 1226 J

522 1233 555 1240 M
789 1243 886 1280 Tuae
910 1243 1035 1291 pietati
1060 1256 1103 1280 ex
1128 1244 1245 1281 animo
1269 1244 1539 1290 addictissimus,

973 1305 1141 1342 lomnes
1164 1306 1185 1342 a
1210 1307 1343 1343 LAsco.
1492 1347 1509 1366 δ

93 1403 119 1442 ¹)
143 1401 323 1434 Consensus
346 1401 520 1444 Tigurinus
543 1413 570 1435 a.
595 1402 688 1434 1549.
710 1402 737 1443 ²)
769 1403 858 1446 Quae
882 1403 920 1435 de
943 1403 1153 1435 Confessione
1177 1404 1266 1442 dicit,
1290 1403 1500 1446 intelligenda
1524 1417 1587 1438 non

49 1460 124 1489 sunt
157 1457 195 1489 de
222 1458 313 1500 Conf.
338 1458 448 1496 Lond.,
473 1470 553 1501 quac
575 1459 668 1491 initio
691 1459 786 1491 huius
810 1459 885 1491 anni
908 1459 972 1491 iam
1001 1459 1034 1491 in
1058 1460 1163 1492 lucem
1185 1460 1359 1502 prodierat.
1404 1461 1453 1492 De
1476 1462 1589 1494 Sacra·

48 1512 158 1544 mentis
180 1513 220 1544 ad
247 1513 281 1546 Β.
304 1514 425 1551 scribit,
450 1525 539 1555 quae,
563 1514 597 1546 in
624 1515 714 1556 Conf.
740 1514 840 1546 Lond.
865 1515 991 1547 nonnisi
1015 1515 1177 1547 levissime
1200 1518 1296 1554 tacta,
1313 1516 1440 1558 plenius
1453 1528 1584 1550 excussa

48 1569 123 1599 sunt
145 1568 178 1599 in
200 1568 241 1600 de
262 1569 484 1600 Saea-amentis.
528 1569 555 1609 8)
579 1570 629 1601 Se.
657 1570 749 1611 Conf.
774 1569 908 1602 Londin.
952 1571 979 1610 Δ)
1005 1571 1145 1602 Michael
1168 1571 1290 1613 Angelo
1314 1572 1435 1604 Florio.
1479 1573 1528 1604 Cf.
1554 1574 1585 1606 Ι.

48 1624 283 1655 ΒουΤΗΕκυΕΝ
318 1624 429 1656 Buim.
458 1625 503 1656 Il.
536 1626 578 1666 of
594 1626 667 1667 for.
686 1628 772 1665 prot.
794 1626 900 1667 reficy.
922 1624 1023 1658 Lond.
1049 1627 1141 1659 1846.
1162 1637 1195 1669 p.
1218 1626 1290 1658 226.
1334 1628 1361 1666 ⁵)
1385 1627 1433 1658 De
1457 1627 1494 1659 G.
1518 1628 1582 1659 Dr:-

46 1687 161 1709 nosno
185 1680 226 1711 cf.
249 1679 291 1712 ib.
315 1691 345 1721 p.
372 1680 441 1712 186.
466 1680 610 1711 Pinum
632 1682 704 1712 Soc.
727 1680 771 1713 II.
794 1692 824 1722 p.
849 1681 920 1718 575,
945 1681 1015 1713 587.
1038 1683 1065 1721 G)
1089 1682 1140 1713 Sc.
1163 1683 1350 1714 Mmzrmus
1366 1682 1580 1722 anomus,

45 1733 198 1766 Flandria
221 1735 385 1767 oriundus.
408 1735 459 1767 Cf.
482 1735 590 1768 Geni).
615 1735 700 1767 Ilist.
726 1737 766 1768 R.
788 1736 850 1767 ΙΙῘ.
873 1736 935 1767 234
959 1736 999 1768 al.
1033 1738 1061 1777 ⁷)
1084 1738 1139 1769 ΔΟ.
1163 1738 1254 1775 1548,
1279 1738 1319 1769 cf.
1343 1737 1488 1769 Palma
1510 1740 1582 1771 Soc.

46 1800 76 1822 o.
101 1791 124 1823 l.
146 1802 178 1833 p.
201 1793 252 1824 44.
284 1793 313 1831 8)
337 1791 513 1823 FRAncors
536 1791 708 1829 Pnnucnn,
733 1792 780 1824 dit
803 1801 845 1823 LA
869 1792 1028 1825 R1v1i3nn.
1052 1794 1093 1825 cf.
1117 1795 1352 1825 Sourunannu
1375 1794 1486 1826 Bmm.
1509 1806 1538 1826 o.
1562 1796 1583 1828 l.

46 1857 77 1889 p.
101 1846 152 1879 34.
195 1848 223 1885 ⁹)
247 1847 406 1878 Rlcrmnn
430 1847 619 1885 numne,
643 1847 738 1889 vulgo
762 1848 897 1879 GALLUS
921 1847 1037 1880 dictus.
1068 1849 1117 1881 Cf.
1140 1858 1185 1880 nn
1208 1850 1309 1887 Biezn,
1332 1850 1422 1881 Hist.
1447 1850 1531 1882 Eccl.
1558 1851 1582 1884 l.

46 1912 78 1943 p.
100 1901 151 1934 56.
195 1902 239 1942 ¹⁰)
262 1902 310 1934 De
333 1902 389 1934 illa
411 1902 609 1934 dissensione
632 1903 673 1934 cf.
697 1902 755 1944 Ep.
778 1902 878 1935 Marc.
900 1903 945 1934 ad
966 1903 1048 1936 Bac.
1071 1904 1233 1942 conum,
1257 1915 1286 1937 ο,
1309 1904 1331 1936 l.
1354 1915 1386 1947 p.
1408 1905 1482 1938 230.

48 2096 80 2133 N
86 2097 112 2133 ⁰.
139 2097 196 2135 73.
978 2100 1094 2147 [Autogr.
1113 2103 1136 2134 in
1157 2103 1210 2139 Ser.
1226 2105 1307 2146 Tigur.
1332 2106 1417 2140 Gerd.
1435 2106 1488 2140 ll'ss.
1502 2104 1578 2150 559]

621 2219 678 2255 Ad
704 2219 998 2256 Bunmmnnum.

94 2341 128 2375 S.
153 2339 208 2376 Ex
243 2339 366 2384 literis,
400 2353 487 2387 quas
522 2352 632 2388 nuper
665 2340 708 2377 ad
745 2340 935 2376 Martinum
970 2341 1183 2377 Micronium
1219 2341 1388 2390 collegam
1415 2347 1576 2381 nostrum

44 2401 228 2449 scripsisti,
260 2401 315 2438 vir
348 2402 584 2438 sanctissime!
619 2401 736 2450 accepi
762 2414 833 2438 non
858 2402 933 2438 sine
958 2415 1082 2450 magna
1106 2403 1212 2439 animi
1238 2403 1434 2451 voluptate,
1461 2409 1578 2442 vestra

43 2461 156 2499 adhuc
190 2462 306 2499 omnia
339 2463 419 2499 istic
453 2462 546 2499 bono
581 2462 659 2499 loeo
691 2476 778 2507 csse,
812 2476 884 2510 quo
919 2476 1002 2499 sane
1028 2463 1168 2500 nominc
1194 2464 1270 2501 Deo
1296 2468 1420 2502 nostro
1445 2467 1576 2514 gratias

43 2524 179 2572 agimus
205 2524 430 2568 immortales,
456 2537 666 2572 oramusque
700 2525 794 2561 votis
818 2525 1083 2570 ardentissimis,
1109 2529 1152 2562 ut
1177 2539 1241 2562 vos
1265 2526 1348 2563 istic
1374 2527 1471 2564 Deus
1496 2541 1575 2565 cum

43 2587 171 2621 vestris
205 2585 358 2622 Ecclesis
392 2591 508 2622 servet
544 2588 580 2622 et
615 2585 799 2633 gubernet.
856 2586 962 2634 Apud
996 2599 1060 2622 nos
1094 2586 1180 2622 nihil
1216 2587 1466 2634 propemodum
1493 2589 1576 2625 novi

43 2646 219 2683 habemus.
271 2647 324 2683 De
351 2647 395 2683 D.
423 2647 557 2694 Hoperi
583 2646 789 2683 liberatione
815 2651 903 2695 puto
929 2660 992 2684 vos
1017 2648 1084 2683 iam
1110 2648 1263 2685 audiisse
1279 2652 1318 2696 ¹).
1352 2650 1418 2685 Est
1445 2651 1510 2686 iam
1537 2651 1574 2687 in

41 2719 108 2744 suo
135 2708 349 2756 Episcopatu
367 2710 395 2755 Ξ)
433 2707 608 2755 docetque
642 2707 811 2756 populum
849 2708 914 2744 sibi
940 2709 1175 2745 commissum.
1225 2710 1422 2757 Stephanus
1448 2711 1574 2748 Vinto-

43 2769 173 2805 niensis
205 2770 401 2818 Episcopus
428 2783 492 2806 suo
519 2770 658 2806 tandem
685 2771 903 2818 Episcopatu
928 2774 1058 2807 exutus
1084 2775 1138 2807 est
1169 2772 1352 2820 adhucque
1377 2775 1411 2810 in
1438 2788 1574 2811 carcere

42 2829 222 2866 detinetur
241 2833 288 2876 ³);
325 2831 494 2868 suffectus
530 2835 584 2866 est
619 2831 652 2866 in
687 2831 796 2878 ipsius
829 2831 944 2868 locum
978 2832 1032 2868 vir
1066 2832 1193 2870 doctus
1226 2838 1262 2870 et
1295 2836 1419 2882 pietati
1455 2835 1573 2871 favens

41 2891 195 2929 Joannes
231 2893 402 2936 Ponetus,
435 2892 567 2940 pridem
602 2893 788 2930 Rossensis
821 2893 1015 2941 Episcopus
1034 2896 1076 2941 ⁴).
1126 2895 1208 2932 Non
1243 2895 1356 2933 multo
1385 2909 1466 2933 vero
1493 2900 1572 2944 post
