1830 3147
143 137 216 174 250

143 248 422 286 adscribuntur.
477 246 798 284 Denunciationes
841 257 953 296 porro
999 243 1085 281 illae
1127 247 1254 281 ternae
1299 244 1395 280 fiunt
1439 242 1479 279 in
1512 242 1674 293 publicis

144 313 391 352 concionibus
427 311 783 361 singu-(massaum
820 310 891 348 sub
927 310 1041 346 finem
1076 307 1240 354 illarum,
1274 307 1314 345 in
1353 307 1449 344 hanc
1485 307 1562 345 fere
1588 319 1674 345 sen-

141 380 310 418 tentiam.

194 443 360 481 Primum
395 441 547 479 nomina
583 439 885 478 contrahentium
921 438 990 476 toti
1020 437 1209 475 Ecclesiae
1234 437 1450 474 indicantur
1478 435 1671 473 dicuntur-

143 521 213 559 que
251 507 323 544 sibi
354 506 523 544 invicem
550 504 784 556 matrimonii
810 503 934 547 fidem,
961 502 1001 540 in
1027 502 1197 551 gravium
1226 501 1391 539 virorum
1420 504 1456 538 et
1484 500 1671 538 seniorum

142 570 378 622 quorundam
421 569 534 607 etiam
576 568 800 619 praesentia,
844 565 1103 618 spopondisse,
1144 565 1243 616 quod
1280 565 1452 615 equidem
1489 565 1528 602 in
1552 568 1674 602 ‘coetu

143 635 334 674 Ecclesiae
362 638 540 686 cuperent
574 633 774 685 approbari
801 638 912 683 atque
938 631 990 669 ita
1019 631 1168 668 demum
1195 630 1333 668 sanciri
1359 630 1485 675 etiam,
1511 634 1674 681 praeter-

141 715 252 753 quam
290 701 321 738 si
348 700 558 750 legitimum
585 698 736 749 aliquod
776 697 1083 748 impedimentum
1114 696 1183 733 sub
1210 696 1327 733 ternis
1362 695 1438 733 illis
1467 695 1671 733 denuncia-

140 766 322 811 tionibus‚
350 770 438 803 ante
465 765 692 803 destinatum
722 762 863 813 nuptiis
893 761 1004 807 diem,
1029 761 1272 812 proferretur.
1321 760 1482 798 Proinde
1511 760 1542 797 si
1569 760 1672 810 quis-

142 845 252 883 quam
291 831 331 868 in
368 830 538 867 Ecclesia
573 828 716 879 aliquid
753 827 937 865 eiusmodi
975 826 1098 871 sciret,
1136 825 1235 876 quod
1272 826 1405 863 merito
1432 839 1669 876 progressuri]

140 895 372 934 matrimonii
400 894 580 945 impedire
606 896 744 944 posset,
771 891 808 929 id
837 896 879 929 ut
904 891 1004 928 intra
1034 896 1179 941 tempus
1208 890 1321 927 trium
1350 890 1498 927 illarum
1527 889 1671 927 denun-

142 961 345 999 ciationum
381 966 467 997 ante
500 957 647 1009 nuptias
683 958 783 1008 ipsas
820 957 866 993 ad
905 955 1078 992 Seniores
1116 954 1306 992 Ecclesiae
1334 954 1505 998 deferret,
1532 954 1671 1005 alioqui

140 1024 421 1064 matrimonium
456 1023 579 1074 ipsum
615 1021 913 1073 comprobatum,
941 1020 1100 1070 (lenique
1136 1024 1172 1057 et
1208 1019 1390 1056 sancitum
1420 1019 1466 1055 iri
1493 1019 1531 1056 in
1559 1019 1673 1056 totius

140 1090 330 1128 Ecclesiae
377 1093 495 1125 coetu.
550 1088 698 1124 Interea
737 1099 822 1123 vero
860 1098 990 1122 omnes
1025 1085 1064 1121 in
1102 1083 1269 1121 Ecclesia
1307 1083 1439 1120 debere
1476 1082 1674 1132 diligenter

138 1155 295 1207 precari,
322 1159 362 1192 ut
389 1153 657 1191 denunciatum
684 1150 963 1188 matrimonium
998 1149 1104 1195 illud,
1133 1149 1163 1186 si
1191 1149 1333 1186 nullum
1364 1149 1575 1199 proferatur
1599 1148 1669 1185 im·

139 1218 408 1271 pedimentum,
440 1216 480 1253 in
519 1214 660 1252 Christi
697 1213 854 1251 Domini
889 1212 1040 1250 nomine
1070 1225 1194 1248 coram
1222 1215 1301 1248 tota
1331 1210 1499 1247 Ecclesia
1529 1210 1673 1247 sancia-

139 1288 200 1322 tur
251 1281 587 1330 contrahentesque
632 1279 703 1329 ipsi
741 1278 835 1315 illud
871 1278 910 1314 in
947 1277 1081 1314 timore
1118 1276 1285 1320 Domini,
1321 1288 1402 1312 cum
1442 1276 1520 1312 eius
1559 1276 1670 1312 bene-

140 1348 317 1388 dictione,
352 1346 398 1383 ad
435 1345 536 1382 illius
574 1343 734 1393 gloriam
761 1343 870 1391 (574)
899 1345 935 1379 et
963 1355 1068 1378 suam
1096 1341 1263 1391 ipsorum
1291 1340 1448 1377 salutem
1476 1340 1671 1390 auspicen-

135 1419 209 1459 tur,
244 1417 280 1450 et
314 1412 352 1449 in
388 1411 455 1448 illo
493 1410 639 1447 demum
677 1409 787 1446 etiam
825 1421 889 1459 per
923 1419 1073 1444 omnem
1108 1406 1274 1457 ipsorum
1304 1405 1418 1443 vitam
1445 1405 1485 1442 in
1512 1418 1602 1456 paee
1629 1418 1673 1442 ac

137 1477 336 1517 concordia
366 1475 580 1514 Christiana
618 1478 823 1524 mutuoque
849 1473 1010 1510 invicem
1041 1484 1167 1509 amore
1194 1475 1371 1521 perpetuo
1400 1475 1510 1521 atque
1535 1470 1671 1508 unani-

135 1545 245 1583 miter
271 1544 518 1593 perseverent.

189 1609 236 1646 In
275 1607 373 1644 hanc
411 1604 632 1643 sententiam
665 1603 942 1641 denunciantur
979 1607 1034 1640 ter
1071 1602 1109 1640 in
1138 1602 1260 1639 tribus
1286 1600 1449 1652 publicis
1479 1601 1674 1638 concioni-

139 1674 210 1712 bus
249 1671 514 1721 coniungenda
551 1670 591 1708 in
632 1673 741 1707 coetu
777 1668 968 1706 Ecclesiae
994 1668 1250 1713 matrimonia,
1275 1667 1495 1718 priusquam
1524 1666 1673 1717 nuptiae

138 1740 243 1776 fiant.
298 1735 446 1775 Quodsi
490 1735 632 1772 interea
678 1737 763 1770 ante
809 1733 1037 1770 destinatum
1084 1732 1226 1783 nuptiis
1272 1736 1418 1781 tempus
1464 1731 1672 1780 legitimum

141 1801 293 1853 aliquod
330 1800 640 1851 impedimentum
676 1798 876 1849 profertur,
905 1802 983 1834 tum
1015 1802 1050 1834 et
1076 1801 1222 1846 tempus
1251 1795 1465 1846 nuptiarum
1493 1795 1675 1840 differtur,

142 1867 261 1904 donec
298 1865 342 1903 de
378 1864 563 1916 producto
600 1863 868 1913 impedimento
905 1862 970 1898 illo
998 1861 1165 1910 legitime
1194 1865 1393 1898 statuatur,
1450 1860 1490 1897 Si
1520 1873 1604 1897 vero
1633 1860 1672 1897 in

141 1932 250 1970 tertia
288 1929 580 1969 denunciatione
617 1928 712 1966 nihil
748 1928 971 1978 proferatur,
1009 1932 1087 1964 tum
1129 1926 1347 1975 coniugium
1383 1925 1490 1969 illud,
1517 1930 1573 1962 ter
1599 1926 1674 1963 iam

142 2001 203 2045 (ut
232 1996 374 2033 dictum
403 1996 475 2043 est)
505 1993 786 2037 denunciatum,
812 1992 852 2029 in
883 1997 989 2030 coetu
1018 1991 1210 2029 Ecclesiae
1237 2004 1301 2041 per
1330 1991 1544 2028 ministrum
1572 1990 1675 2029 illius

142 2061 371 2113 approbatur
400 2065 435 2097 et
463 2059 628 2097 sancitur
656 2058 700 2096 ad
731 2071 813 2095 eum
842 2057 907 2108 qui
935 2057 1101 2108 sequitur
1128 2056 1294 2095 modum.

322 2190 464 2229 Ritus
502 2187 836 2238 coniungendi
872 2186 1073 2238 publice
1108 2185 1423 2224 matrimonia
1448 2186 1496 2223 in

686 2253 941 2292 Ecclesiae
980 2256 1132 2291 coetu.

195 2389 286 2426 Post
321 2388 441 2426 factas
478 2387 555 2425 suis
589 2385 824 2436 temporibus
860 2383 1028 2435 publicas
1064 2381 1318 2430 coniungendi
1352 2393 1475 2417 coram
1506 2379 1674 2417 Ecclesia

145 2452 376 2490 matrimonii
410 2449 721 2489 denunciationes
749 2452 786 2486 et
822 2461 899 2485 non
925 2447 1147 2498 productum
1178 2447 1289 2494 (575)
1316 2458 1337 2481 a
1364 2457 1553 2495 quoquam
1580 2443 1674 2492 legi-

144 2516 276 2554 timum
315 2516 432 2553 ullum
468 2515 571 2552 illius
606 2512 927 2564 impedimentum,
966 2512 1030 2548 ubi
1057 2517 1205 2560 tempus
1233 2508 1445 2559 nuptiarum
1476 2507 1587 2553 venit,
1616 2507 1672 2545 iu-

146 2580 282 2617 bentur
318 2579 446 2617 adesse
483 2578 746 2616 contrahentes
782 2577 839 2613 illi
866 2576 906 2613 in
947 2576 1086 2626 templo
1115 2580 1202 2613 ante
1229 2574 1417 2625 publicam
1446 2574 1678 2620 concionem,

148 2649 188 2682 ut
223 2644 326 2681 illam
363 2643 493 2681 audire
527 2643 688 2694 possint.
743 2641 911 2678 Veniunt
944 2644 1066 2678 autem
1105 2641 1186 2678 sine
1222 2639 1299 2676 ullo
1326 2643 1390 2675 aut
1427 2637 1584 2688 strepitu
1612 2644 1676 2677 aut

146 2709 247 2746 fastu
281 2720 463 2758 pompave
498 2707 679 2745 theatrica
717 2706 803 2750 ulla,
839 2705 911 2742 nisi
949 2705 1049 2755 quod
1078 2717 1256 2756 sponsum
1283 2715 1378 2759 u-nus
1403 2707 1467 2739 aut
1495 2702 1589 2740 alter
1620 2703 1675 2740 vir

147 2773 340 2817 honestus,
384 2785 560 2823 sponsam
602 2772 691 2810 item
736 2770 883 2821 aliquae
919 2769 1096 2807 honestae
1131 2773 1325 2808 matronae
1368 2766 1407 2804 in
1455 2767 1604 2805 silentio
1642 2773 1679 2806 et

147 2836 404 2875 moderatione
432 2836 646 2874 Christiana
675 2835 878 2873 deducunt.
1414 2878 1418 2881 st

200 2900 386 2941 Absoluta
413 2903 536 2939 autem
565 2900 746 2939 concione
774 2904 809 2937 et
835 2898 998 2951 publicis
1032 2897 1222 2936 Ecclesiae
1249 2896 1435 2949 precibus,
1461 2895 1678 2947 priusquam
