1830 3147
1514 143 1588 180 263

54 262 208 310 ponant.
234 262 277 297 ut
305 258 406 297 hisce
433 257 573 295 finibus
603 256 864 309 respondeant.
916 255 979 301 Et,
1007 255 1186 307 quoniam
1215 254 1479 294 contrahentes
1505 254 1578 306 ipsi

54 323 290 374 coniugalem
325 337 407 362 eam
445 322 662 361 societatem
698 322 797 360 inter
837 334 916 360 sese
950 334 1076 358 coram
1114 321 1285 359 Ecclesia
1311 320 1408 359 inire
1435 321 1585 365 vellent,

53 387 102 426 ab
139 392 296 440 utroque
332 387 553 437 singillatim
591 387 804 425 sciscitatur
841 385 1018 424 Minister
1054 397 1180 423 coram
1215 389 1295 423 tota
1328 384 1510 432 Ecclesia,
1538 383 1585 423 de

53 466 181 491 eorum
209 458 332 491 mente
360 452 429 490 hac
456 452 495 490 in
523 456 628 504 parte
656 455 692 490 et
719 451 925 498 voluntate,
949 449 996 488 ad
1026 450 1127 489 hunc
1153 450 1321 489 modum.

106 582 391 622 Admonitio
419 582 693 634 peculiaris
721 582 773 620 ad
803 594 1043 634 sponsum.

110 711 307 758 nAudisti‚
335 710 384 749 mi
411 712 527 750 frater
555 711 628 750 N.!
658 712 1024 751 commendationem
1051 717 1087 750 et
1114 713 1206 750 fines
1235 711 1440 750 Christiani
1461 711 1585 750 cuius-

56 775 148 814 libet
184 775 425 815 matrimonii.
463 777 576 824 (607)
631 776 758 815 Quare
793 776 863 814 tibi
900 777 974 814 iam
1013 776 1255 826 cogitandum
1292 780 1360 822 est,
1395 782 1431 814 te
1460 790 1479 814 a
1509 776 1589 814 Deo

56 841 138 893 ipso
166 832 218 879 ad’
241 841 312 878 hoc
341 841 438 879 vitae
464 854 583 891 genus
614 842 754 885 vocari,
783 848 822 880 ut
850 843 887 880 in
917 842 1106 892 coniugali
1133 849 1196 880 tua
1223 841 1298 880 iam
1315 841 1489 893 deinceps
1506 834 1589 880 cum

57 907 231 944 adstante
265 906 337 944 tibi
374 919 460 944 ecce
496 920 634 959 sponsa
673 907 743 944 hac
770 912 846 952 tua,
882 908 946 954 N.,
975 908 1165 952 societate,
1194 907 1377 959 tantisper
1407 907 1496 945 dum
1523 921 1590 945 vos

59 971 244 1010 Dominus
278 985 354 1009 una
391 972 610 1023 superstites
647 986 726 1010 esse
765 973 876 1019 volet,
912 973 1028 1020 vivas,
1055 973 1333 1025 intelligasque‚
1369 978 1406 1011 te
1438 973 1513 1011 iam
1550 971 1588 1011 in

57 1037 232 1076 maritum
268 1036 386 1089 ipsius
423 1038 604 1076 constitui
640 1037 720 1075 Deo
757 1038 838 1089 ipso
876 1042 1020 1083 autore,
1053 1052 1186 1090 nempe
1222 1043 1263 1077 ut
1301 1039 1351 1076 sis
1378 1038 1453 1076 iam
1481 1043 1592 1090 caput

59 1102 185 1140 uxoris
214 1102 324 1140 huius
351 1107 448 1147 tuae,
476 1103 657 1153 illamque
685 1102 820 1152 diligas
850 1111 891 1140 ut
918 1109 1023 1141 tuum
1050 1103 1170 1154 ipsius
1199 1116 1347 1154 corpus,
1373 1102 1512 1141 habeas
1527 1115 1592 1141 cu·

58 1181 136 1206 ram
173 1167 290 1214 illius,
322 1168 426 1205 illam
465 1167 633 1205 instruas
669 1167 707 1205 in
736 1167 923 1214 omnibus,
953 1167 1160 1206 consoleris
1189 1167 1328 1206 tuearis
1354 1168 1432 1205 alas
1460 1173 1496 1205 et
1523 1181 1592 1217 gu·

59 1233 205 1276 bernes.
248 1232 296 1270 ad
342 1245 452 1284 quem
494 1232 649 1270 modum
687 1245 821 1283 corpus
857 1232 1071 1271 universum
1114 1231 1246 1283 capitis
1282 1231 1470 1270 industria
1508 1245 1594 1269 cura

59 1312 103 1338 ac
144 1299 381 1351 providentia
425 1298 537 1336 alitur
582 1301 813 1336 sustentatur
857 1298 1091 1347 gubernatur
1127 1311 1170 1335 ac
1207 1297 1434 1344 defenditur,
1469 1297 1594 1349 sisque

59 1378 147 1415 erga
181 1365 286 1403 illam
320 1364 373 1402 ita
408 1364 520 1415 plane
547 1363 714 1408 affectus,
752 1368 795 1401 ut
824 1363 1016 1401 Christum
1045 1363 1250 1401 Dominum
1278 1376 1365 1412 erga
1393 1362 1593 1413 mysticum

61 1441 197 1481 corpus
235 1441 345 1466 suum
382 1427 503 1479 (quod
537 1431 593 1466 est
629 1427 818 1475 Ecclesia)
854 1427 1025 1466 affectum
1062 1441 1142 1466 esse
1179 1428 1329 1474 scimus,
1370 1432 1405 1465 et
1442 1434 1481 1465 tu
1517 1427 1596 1479 ipse

59 1507 148 1543 erga
174 1497 211 1531 te
237 1492 408 1531 affectum
435 1505 515 1531 esse
543 1492 661 1544 cupis,
686 1505 817 1544 nempe
845 1497 885 1530 ut
912 1506 1061 1530 omnem
1089 1492 1219 1530 uxoris
1237 1498 1323 1530 tuae
1337 1491 1593 1530 infirmitatem

60 1559 97 1596 in
125 1562 162 1596 te
186 1558 310 1609 ipsum
336 1557 507 1609 recipias,
533 1558 635 1595 illam
665 1562 834 1596 amanter
861 1559 972 1604 feras,
999 1563 1103 1608 tegas
1131 1562 1167 1596 et
1196 1571 1272 1595 non
1294 1561 1372 1595 tam
1398 1557 1468 1603 illi,
1483 1558 1595 1605 (608)

61 1636 172 1675 quam
199 1622 278 1660 ‘tibi
311 1621 384 1673 ipsi
420 1621 599 1673 imputari
637 1622 739 1660 velis.
795 1622 958 1660 Proinde
994 1622 1154 1660 alienam
1194 1635 1213 1659 a
1250 1627 1287 1660 te
1324 1621 1479 1659 omnino
1516 1633 1595 1658 esse

60 1691 207 1738 oportet
252 1699 401 1724 omnem
445 1687 730 1724 amarulentiam
781 1699 1004 1738 omnemque
1048 1686 1228 1724 duriciem
1281 1699 1324 1724 ac
1361 1685 1593 1724 severitatem

60 1765 147 1802 erga
182 1751 299 1796 illam,
349 1750 414 1789 sed
448 1751 573 1788 omnia
609 1751 681 1789 tibi
715 1758 884 1789 amanter
919 1751 959 1789 in
997 1751 1179 1789 charitate
1216 1750 1437 1789 sustinenda
1473 1755 1597 1794 erunt.

60 1831 106 1856 ne
140 1830 299 1868 usquam
335 1816 540 1855 modestiae
577 1820 613 1854 et
649 1817 950 1855 mansuetudinis
988 1816 1224 1855 Christianae
1261 1821 1363 1867 septa
1391 1815 1595 1858 transilias.

61 1881 124 1919 sed
153 1886 259 1919 tuam
288 1880 384 1918 hanc
413 1894 578 1927 uxorem,
605 1886 646 1919 ut
675 1882 869 1919 vasculum
895 1881 1097 1923 infirmius.
1125 1881 1164 1919 in
1193 1881 1298 1919 omni
1325 1880 1480 1919 lenitate
1507 1893 1594 1932 pos-

61 1945 182 1984 sideas
218 1950 255 1984 et
283 1945 458 1984 honores.
511 1946 718 1993 Praeterea,
745 1946 921 1998 quoniam
951 1947 1033 1984 viro
1061 1946 1100 1984 id
1129 1951 1184 1984 est
1214 1946 1462 1985 constitutum
1492 1951 1530 1984 ut
1556 1946 1596 1984 in

62 2011 199 2049 sudore
234 2015 271 2049 ct
304 2011 434 2048 labore
463 2011 605 2048 victum
633 2011 706 2049 sibi
733 2012 812 2063 ipse
839 2017 955 2063 paret,
983 2011 1054 2049 hoc
1081 2012 1150 2050 tibi
1179 2012 1329 2064 quoque
1355 2025 1421 2063 pro
1450 2016 1512 2049 tua
1541 2011 1596 2049 vi-

62 2075 123 2113 rili
149 2075 414 2126 praestandum
442 2075 525 2121 erit,
553 2089 599 2113 ne
628 2089 693 2114 vos
721 2076 881 2114 invicem
909 2076 992 2114 ocio
1023 2089 1064 2113 ac
1091 2076 1199 2114 luxui
1219 2076 1376 2116 dedatis.
1403 2076 1466 2114 sed
1492 2075 1595 2114 iuxta

65 2143 223 2177 vestram
270 2139 503 2177 vocationem
551 2140 653 2190 operi
698 2144 822 2178 vestro
871 2139 1069 2190 diligenter
1115 2147 1150 2178 et
1195 2141 1233 2177 in
1272 2141 1406 2178 timore
1441 2140 1595 2178 Domini

62 2203 222 2249 instetis,
261 2208 300 2241 ut
337 2203 500 2242 familiae
536 2209 679 2242 vestrae
715 2218 762 2242 ne
799 2205 929 2243 desitis
965 2209 1002 2243 et
1037 2205 1163 2254 egenis
1201 2205 1380 2242 fratribus
1415 2204 1526 2243 etiam
1551 2204 1596 2243 de

68 2273 204 2315 vestro,
230 2282 298 2320 pro
329 2282 372 2306 eo
400 2282 444 2306 ac
471 2269 671 2307 facultates
701 2275 844 2308 vestrae
873 2272 1005 2315 ferent,
1031 2282 1246 2308 succurrere
1271 2270 1436 2321 possitis.

118 2333 255 2371 nHaec
282 2347 329 2372 ne
355 2333 406 2371 ita
436 2334 616 2382 agnoscis
645 2334 781 2380 omnia,
811 2334 862 2372 mi
889 2335 957 2373 N.!
987 2335 1082 2373 etin
1104 2333 1229 2372 animo
1248 2339 1314 2372 tuo
1333 2334 1513 2386 proponis
1534 2347 1597 2386 per

67 2398 135 2436 Dei
169 2398 344 2447 gratiam,
379 2402 490 2449 atque
518 2398 579 2435 hic
606 2398 718 2436 etiam
748 2401 857 2447 (609)
888 2412 1012 2436 coram
1043 2398 1111 2436 hac
1139 2398 1306 2436 Ecclesia
1334 2399 1535 2449 profiteris,
1560 2403 1598 2437 te

65 2463 112 2500 ad
148 2476 232 2501 eum
269 2462 424 2500 modum
453 2476 518 2513 per
545 2476 694 2501 omnem
722 2464 839 2502 vitam
866 2468 971 2502 tuam
997 2477 1073 2501 una
1102 2476 1185 2501 cum
1216 2477 1330 2502 uxore
1357 2463 1427 2501 bac
1453 2468 1517 2502 tua
1545 2464 1596 2503 N.

66 2527 158 2565 velle
195 2527 331 2572 vivere,
368 2540 479 2577 quam
519 2532 558 2564 tu
593 2527 669 2564 iam
703 2528 854 2579 publice
890 2528 952 2565 hic
988 2527 1163 2577 agnoscis
1190 2541 1270 2565 esse
1299 2528 1445 2565 unicam
1475 2540 1596 2565 veram

64 2604 108 2628 ac
139 2591 348 2641 legitimam
387 2603 539 2628 uxorem
578 2594 694 2636 tuam,
729 2592 799 2629 tibi
825 2606 846 2630 a
877 2592 1040 2629 Domino
1069 2591 1209 2636 datam,
1237 2595 1275 2629 ut
1301 2591 1404 2628 illam
1432 2591 1502 2629 tibi
1532 2591 1596 2629 ad-

65 2656 198 2706 iungas
233 2659 269 2694 et
301 2656 357 2693 illi
394 2656 545 2694 vinculo
575 2657 805 2695 matrimonii
832 2657 1134 2707 adglutineris?”

118 2721 285 2772 Sponsus
312 2721 532 2772 respondet:
565 2721 763 2760 aeEtiam.’'

120 2784 264 2822 Deinde
293 2798 330 2822 se
355 2785 466 2823 vertit
495 2786 672 2824 Minister
699 2787 744 2824 ad
773 2799 948 2838 sponsam
978 2787 1093 2836 ipsam
1124 2789 1160 2823 et
1187 2785 1234 2823 ab
1262 2785 1326 2823 illa
1355 2785 1468 2823 etiam
1496 2799 1599 2823 men-

64 2852 139 2887 tem
175 2862 218 2887 ac
255 2849 489 2889 voluntatem
525 2850 643 2903 ipsius
680 2864 805 2890 coram
843 2856 922 2890 tota
961 2851 1128 2889 Ecclesia
1167 2850 1396 2897 sciscitatur,
1423 2863 1506 2888 cum
1534 2849 1599 2888 tali

70 2913 338 2953 admonitione.
