1830 3147
107 130 153 165 46

108 245 306 292 perpetuae
333 240 372 278 in
401 240 569 278 Ecclesia
597 254 676 278 esse
704 241 895 289 deberent,
921 243 1015 280 aliae
1042 255 1130 280 sane
1157 243 1353 291 eiusmodi,
1378 247 1420 282 ut
1446 256 1514 294 pro
1542 244 1648 281 loco-

108 319 191 343 rum
221 319 264 343 ac
291 310 502 356 temporum
531 306 748 344 conditione
776 307 835 344 vel
863 308 986 345 omitti
1014 308 1218 354 interdum,
1245 322 1312 359 pro
1341 321 1384 346 eo
1413 313 1525 359 atque
1549 310 1646 347 ratio

108 371 187 420 ipsa
226 370 415 408 Ecclesiae
451 370 489 408 id
526 371 716 421 postulare
754 371 911 417 videtur,
954 373 1010 410 vel
1037 373 1149 410 etiam
1187 374 1312 422 urgeri
1342 373 1523 411 debeant:
1552 374 1647 411 aliae

110 448 194 472 vero
222 435 275 472 ita
302 448 456 485 prorsus
485 436 726 481 necessariae,
753 442 796 474 ut
822 437 902 474 sine
929 437 1003 475 illis
1034 439 1134 475 nulla
1164 439 1318 475 omnino
1339 439 1507 488 legitima
1529 440 1647 476 eccle-

109 501 183 538 siae
217 500 454 548 gubernatio,
482 514 601 552 neque
627 501 775 539 institui
804 503 1063 553 neque.etiam
1092 503 1244 541 retineri
1271 504 1404 554 possit.
1453 504 1646 542 Nimirum

107 565 153 602 ad
182 579 291 616 quem
318 565 471 603 modum
499 566 538 603 in
566 566 799 604 instituendo
830 581 902 604 uno
931 567 1057 618 aliquo
1085 568 1256 605 aedificio
1285 569 1384 606 varia
1413 573 1501 607 sunt
1522 583 1645 620 opera,

107 643 201 680 quae
238 635 273 667 et
306 630 499 668 ministros
528 644 614 668 suos
642 631 846 682 peculiares
884 637 919 669 et
948 632 1045 669 vices
1072 632 1162 669 item
1192 646 1277 670 suas
1307 634 1481 678 habeant,
1511 641 1553 671 ut
1581 634 1646 671 alii

107 694 190 731 aliis
230 695 444 742 succedant,
481 709 599 746 neque
634 696 764 733 eodem
791 696 933 747 alioqui
961 697 1081 745 gradu
1110 710 1240 735 omnes
1269 703 1502 742 censeantur,
1530 699 1582 737 ita
1610 703 1646 737 et

106 761 266 810 mystico
305 760 495 799 Ecclesiae
533 761 674 799 Christi
702 762 886 808 aedificio,
914 762 1012 813 quod
1042 762 1086 799 ad
1118 764 1233 800 seculi
1259 777 1378 815 usque
1407 778 1645 803 consumma-

105 827 246 864 tionem
274 827 402 878 perfici
431 840 575 878 semper
602 827 822 877 absolvique
847 831 1032 881 oporteat,
1059 827 1160 865 aliud
1181 841 1270 865 sane
1289 841 1382 879 opus
1406 833 1461 866 est
1480 828 1646 879 ponendi

107 892 405 938 fundamentmn,
432 892 533 943 quod
561 892 766 943 peculiares
795 905 882 930 suos
910 892 1071 930 artifices
1099 899 1134 930 et
1163 893 1417 944 primasvitem
1441 894 1538 931 vices
1559 907 1645 931 suas

105 957 259 1008 requirit
296 958 539 1008 omniumque
576 957 737 995 maxime
765 958 1017 995 necessarium
1046 971 1125 996 esse
1153 962 1335 1002 censetur,
1362 971 1405 996 eo
1434 959 1533 1010 quod
1565 972 1645 996 om-

106 1036 191 1060 nem
228 1022 367 1073 alioqui
403 1023 520 1059 totius
557 1022 717 1059 aedificii
744 1022 878 1059 molem
910 1022 1041 1060 debeat
1070 1023 1266 1061 sustinere.
1322 1024 1434 1061 Aliud
1465 1037 1551 1061 vero
1579 1028 1648 1070 est,

105 1087 206 1138 quod
234 1087 320 1124 huic
348 1086 526 1133 succedit,
554 1099 685 1137 nempe
705 1086 984 1137 superstruendi
1002 1087 1124 1137 posito
1146 1088 1258 1125 semel
1279 1088 1522 1126 fundamento
1542 1089 1645 1127 aedi-

105 1153 230 1190 ficium
262 1152 446 1203 reliquum
474 1165 592 1202 usque
611 1151 657 1188 ad
678 1152 756 1188 eius
777 1151 1149 1190 consummationem.
1180 1153 1228 1190 Et
1248 1153 1349 1190 aliud
1362 1166 1508 1191 rursum
1525 1154 1576 1202 (B
1586 1157 1645 1203 2³1)

106 1231 197 1269 opus
234 1223 289 1255 est
335 1231 421 1254 cura
457 1217 692 1266 gubernandi
728 1216 767 1254 in
795 1217 876 1268 ipso
906 1230 1015 1268 opere
1045 1218 1365 1269 conservandique
1392 1219 1555 1256 aedificii
1585 1220 1643 1271 ip-

105 1283 195 1321 sius.
225 1285 349 1333 Atque
376 1282 555 1319 iaciendis
583 1282 745 1332 primum
773 1282 941 1319 omnium
968 1282 1127 1320 aedificii
1158 1283 1266 1320 huius
1296 1283 1550 1322 fundamentis
1574 1299 1640 1335 pe-

104 1347 261 1385 culiares
307 1347 492 1384 Dominus
537 1347 731 1384 ministros
770 1360 856 1384 suos
901 1346 1123 1392 destinavit,
1161 1348 1365 1398 Apostolos
1407 1347 1561 1399 inquam
1608 1353 1645 1387 et

103 1411 367 1462 Prophetas¹)‚
394 1416 503 1462 atque
531 1424 609 1448 eam
630 1411 796 1462 ipsorum
825 1410 1026 1448 ministerii
1053 1416 1195 1462 partem
1223 1412 1274 1449 ita
1303 1412 1411 1450 etiam
1443 1413 1544 1450 varia
1573 1413 1642 1450 do-

102 1489 235 1514 norum
273 1476 434 1527 Spiritus
473 1475 593 1513 sancti
627 1476 818 1526 opulentia
855 1477 1064 1521 exornavit,
1101 1477 1364 1515 miraculorum
1402 1478 1643 1516 multitudine

104 1541 214 1578 simul
243 1553 285 1577 ac
312 1540 572 1590 magnitudine
600 1540 836 1578 confirmavit
865 1545 900 1578 et
943 1546 999 1578 tot
1025 1541 1100 1578 iam
1128 1540 1336 1579 seculorum
1366 1556 1521 1580 assensu
1547 1556 1642 1581 una-

103 1606 197 1644 nimi
225 1605 491 1650 constabilivit,
518 1610 557 1643 ut
588 1605 631 1643 de
658 1605 731 1643 fide
758 1605 961 1643 ministerii
998 1606 1147 1644 illorum
1183 1607 1357 1659 iactoque
1382 1621 1447 1659 per
1475 1621 1537 1646 eos
1566 1609 1641 1647 Ec-

105 1670 236 1708 clesiae
273 1670 520 1708 fundamento
558 1670 662 1707 nullo
702 1684 869 1721 unquam
897 1671 1006 1722 plane
1042 1671 1155 1709 modo
1193 1673 1365 1724 cuiquam
1406 1675 1559 1712 omnino
1595 1675 1642 1712 li-

104 1741 183 1773 ceat
220 1735 403 1782 dubitare,
438 1736 514 1772 imo
552 1749 638 1773 vero
676 1735 755 1773 sine
791 1736 935 1773 nefario
974 1737 1110 1775 scelere
1139 1739 1322 1776 committi
1350 1739 1640 1791 haudquaquam

102 1800 234 1851 possit,
270 1804 309 1837 ut
342 1801 425 1850 quis
461 1800 584 1850 posito
612 1800 686 1837 iam
716 1801 829 1837 semel
855 1813 919 1851 per
947 1814 1009 1839 eos
1039 1801 1125 1839 huic
1153 1802 1399 1841 fundamento
1439 1804 1575 1842 addere
1603 1818 1641 1842 se

103 1865 310 1903 adimereve
337 1865 476 1916 aliquid
506 1879 615 1916 posse
644 1866 860 1912 contendat,
888 1867 1027 1904 nedum
1058 1873 1095 1904 ut
1123 1868 1321 1918 quisquam
1351 1869 1505 1906 omnino
1534 1883 1638 1907 arro-

102 1943 192 1979 gare
219 1930 292 1967 sibi
320 1930 393 1968 iam
421 1930 595 1981 deinceps
623 1931 741 1981 possit
770 1932 880 1968 ullam
910 1944 1062 1982 prorsus
1090 1937 1154 1969 aut
1182 1932 1353 1969 mutandi
1381 1933 1456 1970 ulla
1487 1947 1532 1971 ex
1550 1947 1639 1985 par-

103 1999 141 2032 te
175 1994 410 2033 fundamenti
439 1995 547 2032 huius
585 2000 648 2033 aut
675 1995 840 2046 ponendi
866 1996 979 2033 ullius
1008 1996 1161 2034 alterius
1189 2002 1410 2047 potestatem
1440 2002 1551 2049 atque
1570 2012 1638 2036 au—

102 2059 303 2098 toritatem.
357 2060 491 2098 Postea
520 2073 605 2097 vero
635 2073 745 2111 quam
776 2074 843 2098 suo
873 2061 936 2098 isti
964 2061 1076 2111 primi
1116 2075 1267 2099 munere
1295 2062 1368 2100 iam
1398 2063 1435 2100 in
1464 2063 1638 2114 ponendo

102 2125 361 2166 fundamento,
388 2124 556 2162 defuncti
586 2130 720 2170 essent,
750 2126 946 2163 substituit
972 2126 1047 2163 illis
1076 2130 1111 2164 et
1140 2127 1234 2164 alios
1262 2127 1459 2174 Dominus,
1487 2128 1553 2179 qui
1570 2141 1638 2178 po-

103 2189 216 2226 situm
257 2189 369 2226 semel
396 2189 468 2226 hoc
493 2189 615 2240 ipsum
643 2190 928 2228 fundamentum
957 2191 997 2228 in
1026 2203 1092 2228 suo
1120 2204 1262 2242 semper
1288 2193 1516 2243 prospec-(B
1534 2195 1641 2240 2b)tu

104 2253 283 2292 haberent
319 2255 484 2305 illudque
520 2259 698 2305 perpetuo
735 2255 991 2301 observarent,
1027 2256 1128 2293 illius
1157 2256 1380 2305 dignitatem
1408 2270 1551 2308 semper
1578 2271 1638 2295 as·

104 2325 277 2363 sererent,
296 2319 351 2356 illi
380 2333 444 2356 sua
473 2319 600 2356 omnia·
627 2318 980 2370 superstrue1·ent‘-‘)‚
1009 2321 1072 2358 sed
1101 2334 1249 2358 omnem
1278 2334 1384 2358 suam
1412 2325 1636 2358 structuram

101 2383 201 2420 intra
237 2383 471 2421 fundamenti
506 2383 623 2434 ipsius
658 2384 838 2421 terminos
874 2389 1140 2436 componerent
1176 2391 1210 2423 et
1249 2386 1482 2423 continerent
1519 2398 1639 2435 neque

102 2462 229 2500 parem
256 2449 396 2499 alioqui
422 2449 494 2486 sibi
523 2462 607 2486 cum
635 2449 823 2500 prioribus
851 2450 926 2488 illis
955 2451 1167 2501 (Apostolis
1195 2452 1349 2502 inquam
1369 2456 1404 2488 et
1423 2451 1638 2501 Prophetis)

103 2513 340 2551 autoritatem
367 2513 406 2549 in
432 2513 514 2563 ipso
543 2513 827 2564 superstruendi
855 2527 964 2564 opere
992 2528 1059 2551 suo
1088 2520 1319 2564 arrogarent.
1375 2514 1545 2564 Denique
1573 2527 1636 2552 eos

103 2591 141 2615 se
178 2591 257 2615 esse
294 2577 558 2626 intelligerent,
594 2578 659 2628 qui
697 2591 781 2615 cum
818 2579 858 2615 in
887 2592 952 2616 sua
981 2584 1166 2618 structura
1193 2585 1230 2617 et
1257 2581 1358 2629 ligna
1385 2579 1571 2617 interdum
1603 2585 1639 2617 et

103 2643 256 2679 foenum
296 2646 332 2678 et
374 2641 505 2678 inanes
542 2642 654 2678 etiam
702 2642 857 2692 stipulas
895 2656 985 2680 auro
1023 2649 1253 2695 argentoque
1290 2657 1334 2689 ac
1366 2643 1523 2693 gemmis
1559 2644 1637 2681 suis

102 2709 323 2759 permiscere
343 2707 488 2758 possint
509 2707 553 2754 ³),
579 2719 672 2757 opus
692 2707 864 2757 equidem
885 2720 995 2745 omne
1015 2708 1208 2760 ipsumque
1236 2707 1328 2746 adeo
1358 2707 1531 2758 spiritum
1549 2707 1636 2744 illo-

102 2786 185 2811 rum
212 2771 366 2824 probari
392 2771 546 2808 omnino
565 2772 597 2819 4)
625 2777 736 2822 atque
763 2771 941 2821 legitimis
967 2772 1007 2810 in
1035 2773 1202 2811 Ecclesia
1230 2786 1275 2811 ex
1304 2772 1416 2810 verbo
1445 2771 1516 2809 Dei
1536 2771 1637 2809 iudi-

1828 2813 1830 2842 Ι

1828 2859 1830 2900 Ι

148 2918 172 2960 ¹)
197 2916 286 2948 Ioan.
311 2914 360 2948 17.
383 2914 500 2956 Ephes.
523 2914 553 2946 2.
639 2915 666 2953 ²)
691 2914 707 2945 1
732 2914 807 2947 Cor.
829 2914 858 2946 3.
944 2915 972 2954 3)
998 2915 1014 2946 1
1039 2915 1113 2949 Cor.
1137 2916 1165 2948 3.
1249 2916 1279 2955 ⁴)
1305 2915 1320 2946 1
1346 2915 1419 2948 Cor.
1444 2916 1493 2948 14.
1826 2904 1830 3147 ἱ
