1830 3147
1509 91 1581 131 281

164 210 373 251 libertas
416 207 721 248 labefactari
765 212 810 247 et
846 205 994 260 premi
1032 209 1206 259 coepta
1244 209 1337 254 est,
1375 217 1469 244 non
1505 204 1583 244 ha-

169 277 286 316 bent
321 277 502 314 certam
539 273 699 313 sedem
736 276 778 312 et
804 274 965 312 locum
1001 272 1052 311 in
1088 284 1241 323 regno
1278 273 1473 319 nostro,
1498 270 1583 310 ubi

169 344 447 381 conventus
486 353 599 378 suos
639 339 894 377 celebrare
931 339 1149 385 valeant,
1182 338 1266 376 ubi
1300 336 1434 376 inter
1471 349 1585 376 suae

168 394 333 458 gentis
362 409 406 444 et
432 404 654 443 moderni
681 404 935 443 idiomatis
965 403 1188 442 homines
1214 402 1482 454 religionis
1510 416 1584 442 ne-

169 472 305 524 gotia
341 474 388 510 et
422 484 495 509 res
534 469 922 509 Ecclesiasticas
949 482 1034 521 pro
1062 469 1227 521 patrio
1259 469 1362 507 ritu
1389 472 1434 508 et
1462 481 1587 508 more

168 536 524 587 intelligenter
551 536 692 575 obire
718 540 764 575 et
790 539 1008 574 tractare
1034 534 1255 587 possint:

223 603 389 642 uldcirco
441 601 494 640 de
547 601 710 650 gratia
765 605 938 640 nostra
987 599 1201 652 speciali
1252 612 1306 638 ac
1354 612 1408 640 ex
1451 603 1587 639 certa

171 668 384 707 scientia
413 671 458 706 et
485 680 614 706 mero
642 671 775 706 motu
803 666 1016 706 nostris:

224 733 356 772 nNec
391 745 487 771 non
524 731 577 770 de
613 732 923 771 avisamento
962 731 1177 770 Consilii
1214 729 1398 777 nostri,

223 799 489 838 nVolumus
520 799 838 838 concedimus
867 801 912 837 et
933 799 1043 847 (653)
1064 797 1364 843 ordinamus,
1391 796 1516 849 quod
1536 797 1589 835 de

176 869 372 905 caetero
410 866 477 904 sit
504 868 547 903 et
574 865 691 910 erit,
719 877 863 902 unum
890 863 1123 914 templum
1152 862 1256 901 sive
1285 875 1421 901 sacra
1449 862 1589 900 aedes

170 932 218 971 in
248 932 457 970 civitate
485 934 655 969 nostra
684 929 917 975 London.‚
945 929 1067 980 quod
1097 930 1171 967 vel
1199 942 1315 980 quae
1341 928 1589 967 vocabitur

170 997 401 1048 templum
437 996 636 1034 Domini
673 995 810 1039 Iesu,
843 995 927 1032 ubi
957 994 1281 1044 congregatio
1311 996 1354 1032 et
1383 1007 1589 1032 conven-

169 1068 246 1103 tus
268 1064 622 1101 Germanorum
659 1065 703 1099 et
740 1061 949 1099 aliorum
984 1060 1365 1112 peregrinorum
1401 1060 1519 1099 sieri
1545 1063 1591 1099 et

170 1128 418 1167 celebrari
461 1127 617 1179 possit
663 1140 713 1165 ea
762 1126 1052 1164 intentione
1088 1129 1131 1164 et
1167 1126 1450 1177 proposito,
1484 1129 1592 1163 uta

168 1192 416 1232 ministris
453 1191 712 1230 Ecclesiae
742 1191 1093 1229 Germanorum
1121 1191 1432 1242 aliorumque
1458 1203 1592 1242 pere-

167 1260 418 1310 grinorum
456 1258 768 1297 sacrosancti
805 1256 1072 1307 Euangelii
1109 1256 1403 1307 incorrupta
1431 1256 1584 1294 inter·

167 1325 401 1378 pretatio,
436 1327 855 1363 sacramentorum
884 1323 1024 1361 iuxta
1052 1322 1245 1361 verbum
1274 1321 1363 1360 Dei
1391 1325 1436 1360 et
1464 1323 1586 1373 Apo-

170 1391 396 1430 stolicam
424 1390 832 1429 observationem
858 1387 1243 1428 administratio
1270 1388 1374 1426 fiat.

226 1458 303 1497 nac
341 1459 519 1507 templum
546 1456 677 1495 illud
706 1456 808 1495 sive
837 1468 1027 1495 sacram
1054 1454 1218 1493 aedem
1246 1454 1384 1492 illam
1412 1453 1466 1492 de
1493 1467 1587 1493 uno

170 1522 615 1576 superintendentc
649 1526 693 1561 et
730 1526 944 1573 quatuor
980 1521 1122 1560 verbi
1158 1520 1412 1559 ministris
1439 1520 1588 1571 erigi-

170 1602 272 1627 mus
309 1600 526 1626 creamus
563 1587 850 1625 ordinamus
887 1590 931 1625 et
958 1585 1218 1624 fundamus
1253 1598 1337 1637 per
1361 1598 1589 1636 praesen-

169 1656 254 1692 tes.
308 1652 366 1691 Et
411 1652 541 1704 quod
578 1651 701 1689 idem
740 1649 1165 1703 superintendens
1200 1652 1246 1688 et
1279 1649 1504 1688 ministri
1539 1649 1589 1688 in

169 1729 217 1754 re
261 1719 305 1754 et
341 1715 529 1754 nomine
567 1715 668 1754 sint
704 1719 749 1754 et
788 1719 929 1754 erunt
962 1727 1108 1753 unum
1145 1726 1324 1766 corpus
1362 1727 1590 1767 corpora·

170 1785 267 1820 tum
305 1784 348 1819 et
385 1781 650 1833 politicum
680 1780 732 1819 de
760 1794 808 1818 se
833 1793 917 1832 per
945 1793 1121 1818 nomen
1152 1781 1590 1829 asuperintenden-

170 1847 237 1885 tis
280 1847 324 1886 et
364 1847 706 1885 ministrorum
741 1846 991 1885 Ecclesiae
1026 1846 1354 1884 Germanorum
1390 1847 1437 1885 et
1472 1847 1591 1886 alio-

169 1922 266 1951 rum
317 1912 710 1961 peregrinorum,
759 1921 814 1950 ex
859 1911 1146 1950 fundatione
1191 1911 1337 1959 Regis
1382 1911 1589 1951 Eduardl

169 1978 297 2017 Sexti
325 1979 372 2016 in
401 1978 603 2017 civitate
632 1976 846 2016 London.''
874 1990 958 2028 per
984 1980 1276 2028 praesentes
1303 1976 1591 2028 incorpora-

170 2056 291 2089 mus,
325 2055 376 2080 ac
413 2055 593 2093 corpus
630 2045 942 2094 corporatum
977 2046 1023 2080 et
1056 2042 1325 2094 politicum
1359 2055 1441 2094 per
1469 2042 1591 2081 idem

172 2120 343 2147 nomen
380 2108 592 2146 realiter
621 2110 666 2145 et
694 2107 748 2145 ad
776 2107 975 2159 plenum
1005 2119 1224 2145 creamus
1252 2107 1493 2158 erigimus
1522 2120 1592 2146 or-

173 2173 393 2212 dinamus
443 2173 657 2211 facimus
703 2177 748 2211 et
786 2172 1147 2212 constituimus
1183 2186 1266 2224 per
1303 2176 1592 2225 praesentes

174 2242 219 2278 et
245 2252 366 2290 quae
395 2238 765 2277 successionem
793 2237 1021 2277 habeant.

227 2305 300 2342 nEt
327 2303 485 2343 ulterius
512 2302 566 2341 de
600 2302 765 2353 gratia
801 2306 972 2342 nostra
1009 2301 1246 2354 speciali,
1281 2313 1333 2340 ac
1367 2315 1422 2342 ex
1460 2306 1593 2343 certa

173 2368 387 2407 scientia
416 2371 459 2407 et
486 2369 599 2418 (654)
626 2380 753 2406 mero
782 2370 914 2406 motu
942 2366 1157 2407 nostris:

229 2435 362 2473 nNec
390 2447 485 2473 non
515 2433 565 2472 de
593 2433 901 2472 avisamento
930 2431 1151 2471 Consilii
1178 2431 1362 2471 nostri:

229 2499 492 2537 nDedimus
516 2502 559 2537 et
585 2497 916 2537 concessimus
939 2510 991 2536 ac
1014 2510 1095 2549 per
1113 2501 1407 2548 praesentes
1428 2497 1596 2538 damus

174 2570 216 2604 et
258 2563 575 2603 concedimus
611 2563 842 2616 praefato
882 2562 1335 2615 Superintendenti
1373 2566 1420 2602 et
1455 2564 1596 2603 mini·

175 2631 295 2669 stris
323 2629 583 2667 Ecclesiae
612 2629 969 2667 Germanorum
997 2631 1042 2667 et
1068 2627 1286 2666 aliorum
1312 2629 1596 2680 peregrino-

174 2708 275 2733 rum
309 2695 357 2732 in
397 2694 605 2732 civitate
632 2694 851 2734 London.
880 2697 1041 2733 totum
1068 2693 1200 2732 illud
1227 2693 1464 2745 templum
1493 2694 1597 2733 sive

173 2759 471 2805 Ecclesiam,
510 2773 660 2811 nuper
697 2760 909 2798 fratrum
946 2758 1424 2808 Augustinensium,
1455 2760 1507 2800 in
1535 2761 1597 2799 ci·
1629 2782 1632 2785 ι

175 2825 333 2863 vitate
354 2829 534 2863 'nostra
563 2824 805 2870 London.‚
833 2837 885 2862 ac
911 2827 1064 2863 totam
1092 2826 1295 2870 terram,
1322 2823 1527 2863 fundum
1554 2829 1599 2864 et

177 2890 331 2929 solum
377 2888 638 2928 Ecclesiae
683 2888 995 2943 praedictae,
1041 2888 1262 2944 exceptis
1299 2893 1406 2928 toto
1446 2889 1597 2931 choro
