1830 3147
55 438 145 470 Gala.
168 440 197 471 3.

54 481 172 514 Hebre.
197 482 226 515 7.

54 525 166 556 Roma.
190 528 218 556 ὅ.

54 567 127 598 Esa.
153 568 202 599 53.

55 965 318 1003 Levi.19‚25‚26.

53 1010 135 1041 Deu.
159 1009 208 1046 27,
233 1009 284 1041 28.

56 1052 145 1083 Gala.
169 1053 199 1082 3.

55 1095 149 1126 Rom.
174 1095 224 1126 10.

54 1138 166 1169 Roma.
191 1137 219 1168 3.

54 1180 138 1212 Heb.
161 1180 190 1217 4,
216 1178 244 1211 7.

52 1224 166 1255 Roma.
190 1222 219 1252 8.

54 1265 143 1297 Gala.
169 1265 198 1301 3,
221 1265 251 1294 4.

53 1309 166 1339 Roma.
190 1309 197 1321 ⁴

53 1351 154 1382 Hebr.
177 1352 206 1381 4.

56 1394 72 1424 1
97 1393 187 1424 Ioan.
211 1392 240 1423 2.

52 1436 145 1468 Rom.
170 1436 219 1466 10.

54 1746 167 1777 Roma.
192 1747 219 1778 Γ).

54 1789 158 1830 Ephe.
183 1790 212 1820 ⁸22.

56 1832 145 1862 Gala.
170 1831 198 1862 3.

55 1875 71 1904 1
98 1874 184 1906 Cori.
211 1875 238 1905 l.

55 1917 193 1948 Colossi.
218 1917 255 1957 L}

53 1959 147 1991 Rom.
170 1960 199 1991 ὃ.

55 2275 167 2306 Roma.
192 2276 221 2307 2.

56 2318 74 2348 2
99 2318 202 2350 Peter.
225 2321 254 2358 2,

53 2360 134 2391 Mat.
157 2361 207 2392 25.

348 129 420 164 396
827 139 999 166 CATECH.
1033 140 1140 167 socr..
1169 139 1284 168 LoND.

936 242 1074 280 Interr.
1105 245 1165 281 90.

396 307 596 344 Quaenam
625 306 792 345 secunda
820 320 932 346 causa
960 311 1029 354 est,
1060 320 1126 345 cur
1154 307 1241 346 data
1268 308 1319 346 sit
1346 307 1435 346 lex?

990 371 1104 423 Resp.
1444 408 1451 412 ἃ

394 436 448 474 Ut
485 450 554 475 nos
591 439 820 488 (perversam
852 440 1010 475 naturae
1038 441 1191 475 nostrae
1218 437 1388 476 indolem
1413 437 1489 476 iam
1518 439 1762 485 confitentes)

341 502 457 539 veluti
484 501 749 552 ludimagister
777 502 890 539 ducat
917 502 965 540 ad
994 501 1188 540 Christum
1219 502 1464 548 Salvatorem,
1493 502 1558 553 qui
1587 507 1641 540 est
1656 501 1763 551 (33¹³)

340 567 434 617 legis
461 568 563 615 finis,
591 581 745 619 eamque
773 572 947 606 nostrum
975 567 1060 605 loco
1088 580 1243 619 prorsus
1271 567 1504 619 adimplevit,
1532 580 1647 619 quum
1676 580 1762 619 per·

341 646 447 671 versa
475 637 629 671 nostrae
655 638 814 672 naturae
842 632 973 671 indole
1001 632 1138 671 debilis
1166 635 1275 671 esset.

930 764 1070 803 Interr.
1101 766 1163 802 91.

392 829 600 869 Quomodo
627 830 689 867 lex
717 828 981 879 ludimagister
1008 834 1077 876 est,
1106 829 1247 867 ducens
1277 842 1347 867 nos
1374 829 1421 867 ad
1450 828 1675 867 Christum?

994 894 1108 946 Resp.

393 960 473 999 Lex
511 960 627 998 vitam
654 960 856 1011 pollicetur
884 961 931 998 iis
960 960 1153 1005 omnibus,
1181 959 1246 1011 qui
1275 973 1354 998 eam
1386 959 1603 1005 observant,
1632 964 1668 997 et
1697 959 1761 1011 qui

343 1026 498 1070 violant,
543 1026 710 1064 damnat.
767 1025 896 1063 Quum
942 1025 1060 1075 igitur
1097 1038 1209 1063 nemo
1246 1026 1467 1063 mortalium
1503 1025 1763 1064 observaverit

343 1104 437 1137 eam,
473 1090 537 1128 sed
576 1090 750 1128 Christus
787 1090 890 1128 solus
928 1093 1097 1128 nostram
1136 1089 1496 1127 condemnationem
1533 1103 1599 1127 sua
1641 1093 1762 1128 morte

342 1155 454 1194 luerit
491 1155 680 1206 vitamque
717 1168 783 1193 sua
820 1155 997 1192 meruerit
1033 1154 1269 1206 impletione,
1303 1154 1364 1192 lex
1393 1167 1526 1192 causae
1553 1154 1665 1192 nobis
1693 1159 1762 1198 est,

342 1220 418 1258 imo
456 1233 526 1257 nos
568 1232 711 1266 omnes,
747 1219 813 1270 qui
850 1232 953 1257 nunc
981 1219 1105 1256 vivore
1143 1223 1179 1256 et
1207 1222 1375 1256 avertere
1402 1223 1571 1256 nostram
1601 1218 1760 1256 velimus

344 1284 710 1327 condemnationem,
740 1283 853 1334 cogit,
880 1285 984 1332 (3421)
1012 1283 1114 1334 apud
1138 1283 1477 1328 Christum,veluti
1498 1284 1652 1321 unicum
1675 1283 1759 1320 Sal-

343 1354 509 1389 vatorem
537 1353 574 1387 et
599 1349 743 1399 gratiae
772 1348 923 1393 solium,
951 1361 1059 1399 opem
1087 1361 1278 1399 quaerere,
1306 1361 1422 1399 quum
1450 1348 1529 1399 ipse
1556 1348 1649 1399 legis
1673 1348 1759 1386 finis

342 1419 408 1454 est.

934 1543 1072 1581 Interr.
1103 1546 1164 1580 92.

395 1610 497 1648 Quid
528 1609 640 1647 nobis
667 1608 819 1659 prodest
846 1619 1064 1656 agnoscere,
1094 1606 1287 1644 Christum
1314 1606 1409 1656 legis
1437 1609 1549 1646 finem
1577 1609 1683 1646 csse?

995 1671 1106 1722 Resp.

392 1739 588 1776 Peccatrix
629 1738 860 1776 conscientia
898 1740 1029 1774 nostra
1065 1749 1108 1774 eo
1149 1736 1381 1781 consolatur,
1417 1738 1688 1788 tranquillatur
1724 1744 1761 1776 et

341 1805 574 1857 pacificatur,
602 1817 718 1854 quum
746 1803 821 1840 fide
850 1802 1051 1848 cernimus,
1082 1801 1273 1839 Christum
1302 1806 1474 1840 nostrum
1497 1803 1667 1840 omniurn
1688 1803 1760 1840 im-

343 1870 544 1921 pletionem
571 1881 665 1913 esse,
691 1882 775 1906 eum
806 1880 889 1905 cum
919 1866 1109 1913 omnibus,
1137 1880 1232 1917 quae
1259 1867 1472 1917 acquisivit,
1489 1873 1656 1906 nostrum
1681 1881 1760 1906 esse

341 1935 465 1986 plane,
492 1934 532 1972 in
561 1947 634 1985 quo
663 1934 770 1971 nulla
798 1932 1065 1971 condemnatio
1095 1945 1175 1970 esse
1202 1936 1339 1983 potest.

931 2063 1068 2100 Interr.
1099 2065 1158 2101 93.

393 2129 591 2167 Quaenam
620 2128 729 2166 tertia
762 2140 872 2165 causa
901 2127 996 2176 legis
1025 2128 1108 2164 est?

922 2191 1035 2242 Resp.
1066 2193 1173 2239 (34¹³)

392 2259 447 2296 Ut
474 2259 556 2308 lege
584 2271 713 2295 omnes
741 2257 920 2295 mortales
950 2257 1185 2302 docerentur,
1212 2257 1252 2294 in
1281 2260 1473 2294 aeternum
1503 2256 1759 2298 condemnari,

341 2323 405 2374 qui
441 2323 533 2361 talia
568 2327 722 2373 tamque
758 2321 964 2359 ineffabilia
1003 2321 1145 2358 Christi
1182 2321 1338 2358 Domini
1378 2320 1559 2358 beneficia
1589 2327 1757 2362 contem,-

342 2393 447 2435 nant,
485 2388 717 2426 calumnient
750 2392 786 2425 et
822 2387 987 2424 habeant
1016 2386 1196 2425 ludibrio.
1252 2386 1364 2423 Tales
1402 2385 1502 2423 enim
1531 2375 1637 2423 in'se
1666 2398 1755 2436 pro-

342 2458 480 2492 vocant
508 2454 579 2491 Dei
606 2453 701 2490 iram
731 2453 770 2491 in
798 2452 1053 2504 patefactione
1080 2452 1169 2490 iusti
1199 2451 1268 2489 Dei
1296 2450 1441 2494 iudicii,
1469 2451 1570 2501 quod
1599 2451 1644 2488 ad
1662 2451 1755 2500 legis

342 2533 509 2558 normam
538 2518 720 2568 exigetur.

927 2582 1071 2620 Interr.
1100 2584 1160 2619 94.

392 2649 515 2687 Quem
544 2649 708 2686 fructum
738 2647 851 2685 nobis
880 2646 953 2683 hoc
980 2646 1115 2691 adfert,
1143 2649 1243 2684 recte
1269 2650 1306 2684 et
1325 2645 1443 2697 probe
1461 2645 1498 2682 id
1519 2648 1752 2695 perspectum

339 2713 451 2752 nobis
481 2713 646 2751 habere}>

985 2775 1099 2826 Resp.

388 2842 519 2880 Priore
553 2842 637 2879 loco
675 2855 716 2878 ea
753 2854 793 2879 re
827 2840 1032 2878 incitamur
1068 2839 1116 2877 ad
1151 2839 1294 2889 gratias
1323 2838 1412 2887 ,Deo
1449 2837 1650 2887 agendum,
1690 2839 1754 2889 qui

338 2906 599 2946 misericordia
629 2919 693 2945 sua
722 2905 762 2943 in
792 2904 946 2944 Christo
973 2904 1021 2943 ab
1048 2904 1254 2956 impiorum
1274 2903 1540 2942 communione
1559 2910 1595 2942 et
1611 2903 1754 2942 malitie
