<?xml version="1.0" encoding="UTF-8"?>
<!DOCTYPE html PUBLIC "-//W3C//DTD XHTML 1.0 Transitional//EN"
    "http://www.w3.org/TR/xhtml1/DTD/xhtml1-transitional.dtd">
<html xmlns="http://www.w3.org/1999/xhtml" xml:lang="en" lang="en">
 <head>
  <title>
</title>
<meta http-equiv="Content-Type" content="text/html;charset=utf-8" />
  <meta name='ocr-system' content='tesseract 3.04.00' />
  <meta name='ocr-capabilities' content='ocr_page ocr_carea ocr_par ocr_line ocrx_word'/>
</head>
<body>
  <div class='ocr_page' id='page_1' title='image "./operatameditaqua02lask_0311.png"; bbox 0 0 1830 3147; ppageno 0'>
   <div class='ocr_carea' id='block_1_1' title="bbox 0 1168 10 1744">
    <p class='ocr_par' dir='ltr' id='par_1_1' title="bbox 0 1168 10 1744">
     <span class='ocr_line' id='line_1_1' title="bbox 0 1168 10 1744; baseline 0 0"><span class='ocrx_word' id='word_1_1' title='bbox 0 1168 10 1744; x_wconf 95' lang='lat' dir='ltr'><strong> </strong></span> 
     </span>
    </p>
   </div>
   <div class='ocr_carea' id='block_1_2' title="bbox 1 1168 8 1744">
    <p class='ocr_par' dir='ltr' id='par_1_2' title="bbox 1 1168 8 1744">
     <span class='ocr_line' id='line_1_2' title="bbox 1 1168 8 1744; baseline 0 0"><span class='ocrx_word' id='word_1_2' title='bbox 1 1168 8 1744; x_wconf 95' lang='lat' dir='ltr'><strong> </strong></span> 
     </span>
    </p>
   </div>
   <div class='ocr_carea' id='block_1_3' title="bbox 1577 120 1649 157">
    <p class='ocr_par' dir='ltr' id='par_1_3' title="bbox 1577 120 1649 157">
     <span class='ocr_line' id='line_1_3' title="bbox 1577 120 1649 157; baseline 0.014 -1"><span class='ocrx_word' id='word_1_3' title='bbox 1577 120 1649 157; x_wconf 82' lang='lat'><strong>291</strong></span> 
     </span>
    </p>
   </div>
   <div class='ocr_carea' id='block_1_4' title="bbox 99 230 1646 2353">
    <p class='ocr_par' dir='ltr' id='par_1_4' title="bbox 102 230 1646 1254">
     <span class='ocr_line' id='line_1_4' title="bbox 105 230 1642 283; baseline -0.002 -13"><span class='ocrx_word' id='word_1_4' title='bbox 105 232 206 270; x_wconf 86' lang='lat' dir='ltr'><strong>trina</strong></span> <span class='ocrx_word' id='word_1_5' title='bbox 233 232 514 283; x_wconf 87' lang='lat' dir='ltr'><strong>ministerioque</strong></span> <span class='ocrx_word' id='word_1_6' title='bbox 541 244 608 269; x_wconf 91' lang='lat' dir='ltr'><strong>suo</strong></span> <span class='ocrx_word' id='word_1_7' title='bbox 637 231 793 278; x_wconf 85' lang='lat' dir='ltr'><strong>faciunt,</strong></span> <span class='ocrx_word' id='word_1_8' title='bbox 827 231 971 270; x_wconf 88' lang='lat' dir='ltr'><strong>etiamsi</strong></span> <span class='ocrx_word' id='word_1_9' title='bbox 1000 233 1079 283; x_wconf 89' lang='lat' dir='ltr'><strong>ipse</strong></span> <span class='ocrx_word' id='word_1_10' title='bbox 1105 232 1227 282; x_wconf 85' lang='lat' dir='ltr'><strong>legem</strong></span> <span class='ocrx_word' id='word_1_11' title='bbox 1254 244 1334 270; x_wconf 88' lang='lat' dir='ltr'><strong>non</strong></span> <span class='ocrx_word' id='word_1_12' title='bbox 1360 230 1531 282; x_wconf 87' lang='lat' dir='ltr'>equidem</span> <span class='ocrx_word' id='word_1_13' title='bbox 1561 230 1642 268; x_wconf 91' lang='lat' dir='ltr'><strong>vio-</strong></span> 
     </span>
     <span class='ocr_line' id='line_1_5' title="bbox 105 297 1642 348; baseline -0.002 -13"><span class='ocrx_word' id='word_1_14' title='bbox 105 298 175 335; x_wconf 88' lang='lat' dir='ltr'><strong>lari</strong></span> <span class='ocrx_word' id='word_1_15' title='bbox 210 311 230 335; x_wconf 87' lang='lat' dir='ltr'><strong>a</strong></span> <span class='ocrx_word' id='word_1_16' title='bbox 267 312 305 336; x_wconf 90' lang='lat' dir='ltr'><strong>se</strong></span> <span class='ocrx_word' id='word_1_17' title='bbox 342 298 586 348; x_wconf 77' lang='lat' dir='ltr'>doctrinaque</span> <span class='ocrx_word' id='word_1_18' title='bbox 622 310 666 334; x_wconf 87' lang='lat' dir='ltr'><strong>ae</strong></span> <span class='ocrx_word' id='word_1_19' title='bbox 692 297 901 335; x_wconf 87' lang='lat' dir='ltr'><strong>ministerio</strong></span> <span class='ocrx_word' id='word_1_20' title='bbox 930 310 1012 343; x_wconf 90' lang='lat' dir='ltr'><strong>suo,</strong></span> <span class='ocrx_word' id='word_1_21' title='bbox 1038 297 1103 335; x_wconf 92' lang='lat' dir='ltr'><strong>sed</strong></span> <span class='ocrx_word' id='word_1_22' title='bbox 1132 297 1312 348; x_wconf 88' lang='lat' dir='ltr'><strong>compleri</strong></span> <span class='ocrx_word' id='word_1_23' title='bbox 1338 297 1465 348; x_wconf 87' lang='lat' dir='ltr'><strong>potius</strong></span> <span class='ocrx_word' id='word_1_24' title='bbox 1494 308 1538 333; x_wconf 88' lang='lat' dir='ltr'><strong>ae</strong></span> <span class='ocrx_word' id='word_1_25' title='bbox 1566 299 1642 333; x_wconf 88' lang='lat' dir='ltr'><strong>sta·</strong></span> 
     </span>
     <span class='ocr_line' id='line_1_6' title="bbox 107 361 1643 414; baseline -0.002 -14"><span class='ocrx_word' id='word_1_26' title='bbox 107 362 222 410; x_wconf 88' lang='lat' dir='ltr'><strong>biliri,</strong></span> <span class='ocrx_word' id='word_1_27' title='bbox 257 375 457 413; x_wconf 86' lang='lat' dir='ltr'><strong>verumque</strong></span> <span class='ocrx_word' id='word_1_28' title='bbox 483 362 553 400; x_wconf 91' lang='lat' dir='ltr'><strong>Dei</strong></span> <span class='ocrx_word' id='word_1_29' title='bbox 582 362 723 400; x_wconf 90' lang='lat' dir='ltr'><strong>cultum</strong></span> <span class='ocrx_word' id='word_1_30' title='bbox 751 362 933 400; x_wconf 89' lang='lat' dir='ltr'><strong>illustrari</strong></span> <span class='ocrx_word' id='word_1_31' title='bbox 959 361 1085 414; x_wconf 82' lang='lat' dir='ltr'><strong>potius</strong></span> <span class='ocrx_word' id='word_1_32' title='bbox 1113 375 1225 412; x_wconf 87' lang='lat' dir='ltr'><strong>quam</strong></span> <span class='ocrx_word' id='word_1_33' title='bbox 1253 361 1447 412; x_wconf 83' lang='lat' dir='ltr'><strong>profanari</strong></span> <span class='ocrx_word' id='word_1_34' title='bbox 1473 364 1643 398; x_wconf 76' lang='lat' dir='ltr'><strong>testetur.</strong></span> 
     </span>
     <span class='ocr_line' id='line_1_7' title="bbox 105 424 1643 478; baseline -0.003 -13"><span class='ocrx_word' id='word_1_35' title='bbox 105 426 239 478; x_wconf 85' lang='lat' dir='ltr'><strong>Neque</strong></span> <span class='ocrx_word' id='word_1_36' title='bbox 267 427 412 473; x_wconf 84' lang='lat' dir='ltr'><strong>desunt,</strong></span> <span class='ocrx_word' id='word_1_37' title='bbox 440 427 505 478; x_wconf 91' lang='lat' dir='ltr'><strong>qui</strong></span> <span class='ocrx_word' id='word_1_38' title='bbox 534 427 644 464; x_wconf 86' lang='lat' dir='ltr'><strong>nobis</strong></span> <span class='ocrx_word' id='word_1_39' title='bbox 672 426 868 464; x_wconf 88' lang='lat' dir='ltr'><strong>Iudaicum</strong></span> <span class='ocrx_word' id='word_1_40' title='bbox 900 426 991 464; x_wconf 91' lang='lat' dir='ltr'><strong>illud</strong></span> <span class='ocrx_word' id='word_1_41' title='bbox 1021 439 1170 465; x_wconf 87' lang='lat' dir='ltr'><strong>rursum</strong></span> <span class='ocrx_word' id='word_1_42' title='bbox 1198 426 1397 464; x_wconf 85' lang='lat' dir='ltr'><strong>occinant:</strong></span> <span class='ocrx_word' id='word_1_43' title='bbox 1437 426 1477 463; x_wconf 79' lang='lat' dir='ltr'><strong>Si</strong></span> <span class='ocrx_word' id='word_1_44' title='bbox 1504 424 1643 476; x_wconf 88' lang='lat' dir='ltr'><strong>permi-</strong></span> 
     </span>
     <span class='ocr_line' id='line_1_8' title="bbox 106 487 1646 540; baseline -0.001 -13"><span class='ocrx_word' id='word_1_45' title='bbox 106 490 263 527; x_wconf 86' lang='lat' dir='ltr'><strong>serimus</strong></span> <span class='ocrx_word' id='word_1_46' title='bbox 289 502 374 528; x_wconf 89' lang='lat' dir='ltr'><strong>eum</strong></span> <span class='ocrx_word' id='word_1_47' title='bbox 402 490 467 536; x_wconf 91' lang='lat' dir='ltr'><strong>sic,</strong></span> <span class='ocrx_word' id='word_1_48' title='bbox 495 489 645 527; x_wconf 90' lang='lat' dir='ltr'><strong>venient</strong></span> <span class='ocrx_word' id='word_1_49' title='bbox 673 488 835 527; x_wconf 84' lang='lat' dir='ltr'><strong>Romani</strong></span> <span class='ocrx_word' id='word_1_50' title='bbox 863 494 935 528; x_wconf 90' lang='lat' dir='ltr'><strong>etc.</strong></span> <span class='ocrx_word' id='word_1_51' title='bbox 964 489 1147 535; x_wconf 86' lang='lat' dir='ltr'><strong>Breviter,</strong></span> <span class='ocrx_word' id='word_1_52' title='bbox 1173 489 1270 527; x_wconf 88' lang='lat' dir='ltr'><strong>nihil</strong></span> <span class='ocrx_word' id='word_1_53' title='bbox 1297 502 1374 526; x_wconf 89' lang='lat' dir='ltr'><strong>non</strong></span> <span class='ocrx_word' id='word_1_54' title='bbox 1402 487 1646 540; x_wconf 84' lang='lat' dir='ltr'><strong>praetexitur,</strong></span> 
     </span>
     <span class='ocr_line' id='line_1_9' title="bbox 104 552 1644 603; baseline -0.001 -12"><span class='ocrx_word' id='word_1_55' title='bbox 104 554 202 592; x_wconf 90' lang='lat' dir='ltr'><strong>nihil</strong></span> <span class='ocrx_word' id='word_1_56' title='bbox 237 567 312 592; x_wconf 91' lang='lat' dir='ltr'><strong>non</strong></span> <span class='ocrx_word' id='word_1_57' title='bbox 347 557 503 603; x_wconf 85' lang='lat' dir='ltr'><strong>urgetur</strong></span> <span class='ocrx_word' id='word_1_58' title='bbox 538 554 585 591; x_wconf 89' lang='lat' dir='ltr'><strong>ab</strong></span> <span class='ocrx_word' id='word_1_59' title='bbox 623 554 671 591; x_wconf 89' lang='lat' dir='ltr'><strong>iis</strong></span> <span class='ocrx_word' id='word_1_60' title='bbox 706 554 752 591; x_wconf 91' lang='lat' dir='ltr'><strong>ad</strong></span> <span class='ocrx_word' id='word_1_61' title='bbox 786 553 1056 592; x_wconf 82' lang='lat' dir='ltr'><strong>traducendam</strong></span> <span class='ocrx_word' id='word_1_62' title='bbox 1085 553 1227 591; x_wconf 86' lang='lat' dir='ltr'><strong>Christi</strong></span> <span class='ocrx_word' id='word_1_63' title='bbox 1253 552 1463 591; x_wconf 84' lang='lat' dir='ltr'><strong>doctrinam</strong></span> <span class='ocrx_word' id='word_1_64' title='bbox 1489 552 1644 603; x_wconf 86' lang='lat' dir='ltr'><strong>eiusque</strong></span> 
     </span>
     <span class='ocr_line' id='line_1_10' title="bbox 104 616 1643 670; baseline 0 -15"><span class='ocrx_word' id='word_1_65' title='bbox 104 618 351 656; x_wconf 87' lang='lat' dir='ltr'><strong>ministerium</strong></span> <span class='ocrx_word' id='word_1_66' title='bbox 390 619 428 656; x_wconf 90' lang='lat' dir='ltr'><strong>in</strong></span> <span class='ocrx_word' id='word_1_67' title='bbox 466 616 638 656; x_wconf 82' lang='lat' dir='ltr'><strong>Ecclesia</strong></span> <span class='ocrx_word' id='word_1_68' title='bbox 676 619 807 670; x_wconf 89' lang='lat' dir='ltr'><strong>ipsius,</strong></span> <span class='ocrx_word' id='word_1_69' title='bbox 844 619 910 670; x_wconf 89' lang='lat' dir='ltr'><strong>qui</strong></span> <span class='ocrx_word' id='word_1_70' title='bbox 944 619 1053 657; x_wconf 89' lang='lat' dir='ltr'><strong>illum</strong></span> <span class='ocrx_word' id='word_1_71' title='bbox 1089 631 1199 670; x_wconf 89' lang='lat' dir='ltr'><strong>super</strong></span> <span class='ocrx_word' id='word_1_72' title='bbox 1236 631 1275 656; x_wconf 89' lang='lat' dir='ltr'><strong>se</strong></span> <span class='ocrx_word' id='word_1_73' title='bbox 1311 631 1467 667; x_wconf 84' lang='lat' dir='ltr'><strong>regnare</strong></span> <span class='ocrx_word' id='word_1_74' title='bbox 1494 617 1643 655; x_wconf 89' lang='lat' dir='ltr'><strong>nolunt.</strong></span> 
     </span>
     <span class='ocr_line' id='line_1_11' title="bbox 106 683 1640 735; baseline 0 -15"><span class='ocrx_word' id='word_1_75' title='bbox 106 683 179 721; x_wconf 87' lang='lat' dir='ltr'><strong>Sed</strong></span> <span class='ocrx_word' id='word_1_76' title='bbox 214 684 327 721; x_wconf 89' lang='lat' dir='ltr'><strong>finem</strong></span> <span class='ocrx_word' id='word_1_77' title='bbox 363 684 496 722; x_wconf 87' lang='lat' dir='ltr'><strong>talium</strong></span> <span class='ocrx_word' id='word_1_78' title='bbox 525 684 693 722; x_wconf 90' lang='lat' dir='ltr'><strong>omnium</strong></span> <span class='ocrx_word' id='word_1_79' title='bbox 721 698 874 735; x_wconf 81' lang='lat' dir='ltr'><strong>prorsus</strong></span> <span class='ocrx_word' id='word_1_80' title='bbox 904 684 1125 722; x_wconf 86' lang='lat' dir='ltr'><strong>horribilem</strong></span> <span class='ocrx_word' id='word_1_81' title='bbox 1152 683 1199 721; x_wconf 87' lang='lat' dir='ltr'><strong>ad</strong></span> <span class='ocrx_word' id='word_1_82' title='bbox 1228 687 1437 721; x_wconf 86' lang='lat' dir='ltr'><strong>extremum</strong></span> <span class='ocrx_word' id='word_1_83' title='bbox 1464 683 1546 720; x_wconf 87' lang='lat' dir='ltr'><strong>fore</strong></span> <span class='ocrx_word' id='word_1_84' title='bbox 1572 695 1640 720; x_wconf 87' lang='lat' dir='ltr'><strong>au-</strong></span> 
     </span>
     <span class='ocr_line' id='line_1_12' title="bbox 104 748 1642 801; baseline 0 -15"><span class='ocrx_word' id='word_1_85' title='bbox 104 748 241 795; x_wconf 85' lang='lat' dir='ltr'><strong>dimus,</strong></span> <span class='ocrx_word' id='word_1_86' title='bbox 277 762 409 800; x_wconf 84' lang='lat' dir='ltr'><strong>nempe</strong></span> <span class='ocrx_word' id='word_1_87' title='bbox 436 752 491 796; x_wconf 87' lang='lat' dir='ltr'><strong>ut,</strong></span> <span class='ocrx_word' id='word_1_88' title='bbox 517 754 777 801; x_wconf 81' lang='lat' dir='ltr'><strong>praeterquam</strong></span> <span class='ocrx_word' id='word_1_89' title='bbox 805 750 904 801; x_wconf 89' lang='lat' dir='ltr'><strong>quod</strong></span> <span class='ocrx_word' id='word_1_90' title='bbox 935 750 1010 788; x_wconf 87' lang='lat' dir='ltr'><strong>sint</strong></span> <span class='ocrx_word' id='word_1_91' title='bbox 1038 748 1266 788; x_wconf 82' lang='lat' dir='ltr'><strong>excoecandi</strong></span> <span class='ocrx_word' id='word_1_92' title='bbox 1293 748 1332 786; x_wconf 91' lang='lat' dir='ltr'><strong>in</strong></span> <span class='ocrx_word' id='word_1_93' title='bbox 1362 748 1433 786; x_wconf 85' lang='lat' dir='ltr'><strong>hae</strong></span> <span class='ocrx_word' id='word_1_94' title='bbox 1460 748 1548 791; x_wconf 80' lang='lat' dir='ltr'><strong>vita,</strong></span> <span class='ocrx_word' id='word_1_95' title='bbox 1575 748 1642 786; x_wconf 87' lang='lat' dir='ltr'><strong>ad-</strong></span> 
     </span>
     <span class='ocr_line' id='line_1_13' title="bbox 105 813 1644 867; baseline 0 -16"><span class='ocrx_word' id='word_1_96' title='bbox 105 813 288 852; x_wconf 81' lang='lat' dir='ltr'><strong>ducantur</strong></span> <span class='ocrx_word' id='word_1_97' title='bbox 324 814 474 853; x_wconf 90' lang='lat' dir='ltr'><strong>demum</strong></span> <span class='ocrx_word' id='word_1_98' title='bbox 513 815 625 852; x_wconf 88' lang='lat' dir='ltr'><strong>etiam</strong></span> <span class='ocrx_word' id='word_1_99' title='bbox 660 818 703 853; x_wconf 89' lang='lat' dir='ltr'><strong>ut</strong></span> <span class='ocrx_word' id='word_1_100' title='bbox 741 815 868 853; x_wconf 73' lang='lat' dir='ltr'><strong>hostes</strong></span> <span class='ocrx_word' id='word_1_101' title='bbox 904 820 1017 867; x_wconf 90' lang='lat' dir='ltr'><strong>atque</strong></span> <span class='ocrx_word' id='word_1_102' title='bbox 1053 815 1272 859; x_wconf 86' lang='lat' dir='ltr'><strong>adversarii,</strong></span> <span class='ocrx_word' id='word_1_103' title='bbox 1298 814 1413 865; x_wconf 90' lang='lat' dir='ltr'><strong>inque</strong></span> <span class='ocrx_word' id='word_1_104' title='bbox 1442 818 1644 864; x_wconf 74' lang='lat' dir='ltr'><strong>conspectu</strong></span> 
     </span>
     <span class='ocr_line' id='line_1_14' title="bbox 102 879 1644 932; baseline -0.001 -15"><span class='ocrx_word' id='word_1_105' title='bbox 102 880 232 931; x_wconf 87' lang='lat' dir='ltr'><strong>ipsius,</strong></span> <span class='ocrx_word' id='word_1_106' title='bbox 259 893 370 931; x_wconf 89' lang='lat' dir='ltr'><strong>quem</strong></span> <span class='ocrx_word' id='word_1_107' title='bbox 398 893 508 932; x_wconf 89' lang='lat' dir='ltr'><strong>super</strong></span> <span class='ocrx_word' id='word_1_108' title='bbox 535 893 574 918; x_wconf 89' lang='lat' dir='ltr'><strong>se</strong></span> <span class='ocrx_word' id='word_1_109' title='bbox 600 893 755 930; x_wconf 86' lang='lat' dir='ltr'><strong>regnare</strong></span> <span class='ocrx_word' id='word_1_110' title='bbox 783 881 998 926; x_wconf 88' lang='lat' dir='ltr'><strong>noluerunt,</strong></span> <span class='ocrx_word' id='word_1_111' title='bbox 1024 893 1154 918; x_wconf 90' lang='lat' dir='ltr'><strong>omnes</strong></span> <span class='ocrx_word' id='word_1_112' title='bbox 1181 879 1228 918; x_wconf 86' lang='lat' dir='ltr'><strong>ad</strong></span> <span class='ocrx_word' id='word_1_113' title='bbox 1256 892 1372 917; x_wconf 89' lang='lat' dir='ltr'><strong>unum</strong></span> <span class='ocrx_word' id='word_1_114' title='bbox 1397 879 1552 917; x_wconf 88' lang='lat' dir='ltr'><strong>tandem</strong></span> <span class='ocrx_word' id='word_1_115' title='bbox 1577 890 1644 916; x_wconf 87' lang='lat' dir='ltr'><strong>oe-</strong></span> 
     </span>
     <span class='ocr_line' id='line_1_15' title="bbox 104 942 1645 996; baseline -0.001 -14"><span class='ocrx_word' id='word_1_116' title='bbox 104 945 288 983; x_wconf 87' lang='lat' dir='ltr'><strong>cidantur.</strong></span> <span class='ocrx_word' id='word_1_117' title='bbox 342 945 420 982; x_wconf 89' lang='lat' dir='ltr'><strong>Hic</strong></span> <span class='ocrx_word' id='word_1_118' title='bbox 456 958 544 983; x_wconf 86' lang='lat' dir='ltr'><strong>sane</strong></span> <span class='ocrx_word' id='word_1_119' title='bbox 580 947 704 983; x_wconf 80' lang='lat' dir='ltr'><strong>exitus</strong></span> <span class='ocrx_word' id='word_1_120' title='bbox 731 949 857 983; x_wconf 86' lang='lat' dir='ltr'><strong>manet</strong></span> <span class='ocrx_word' id='word_1_121' title='bbox 885 958 1028 992; x_wconf 86' lang='lat' dir='ltr'><strong>omnes,</strong></span> <span class='ocrx_word' id='word_1_122' title='bbox 1056 944 1121 996; x_wconf 90' lang='lat' dir='ltr'><strong>qui</strong></span> <span class='ocrx_word' id='word_1_123' title='bbox 1149 944 1341 982; x_wconf 87' lang='lat' dir='ltr'><strong>Christum</strong></span> <span class='ocrx_word' id='word_1_124' title='bbox 1370 942 1574 981; x_wconf 90' lang='lat' dir='ltr'><strong>Dominum</strong></span> <span class='ocrx_word' id='word_1_125' title='bbox 1602 943 1645 981; x_wconf 88' lang='lat' dir='ltr'><strong>in</strong></span> 
     </span>
     <span class='ocr_line' id='line_1_16' title="bbox 104 1008 1644 1062; baseline -0.001 -15"><span class='ocrx_word' id='word_1_126' title='bbox 104 1010 276 1048; x_wconf 87' lang='lat' dir='ltr'><strong>doctrina</strong></span> <span class='ocrx_word' id='word_1_127' title='bbox 312 1010 594 1061; x_wconf 88' lang='lat' dir='ltr'><strong>ministerioque</strong></span> <span class='ocrx_word' id='word_1_128' title='bbox 629 1010 748 1061; x_wconf 90' lang='lat' dir='ltr'><strong>ipsius</strong></span> <span class='ocrx_word' id='word_1_129' title='bbox 786 1023 895 1062; x_wconf 86' lang='lat' dir='ltr'><strong>super</strong></span> <span class='ocrx_word' id='word_1_130' title='bbox 931 1023 970 1048; x_wconf 86' lang='lat' dir='ltr'><strong>se</strong></span> <span class='ocrx_word' id='word_1_131' title='bbox 1003 1023 1161 1059; x_wconf 86' lang='lat' dir='ltr'><strong>regnare</strong></span> <span class='ocrx_word' id='word_1_132' title='bbox 1198 1010 1344 1054; x_wconf 87' lang='lat' dir='ltr'><strong>nolunt,</strong></span> <span class='ocrx_word' id='word_1_133' title='bbox 1381 1008 1486 1046; x_wconf 90' lang='lat' dir='ltr'><strong>cuius</strong></span> <span class='ocrx_word' id='word_1_134' title='bbox 1513 1009 1546 1046; x_wconf 88' lang='lat' dir='ltr'><strong>si</strong></span> <span class='ocrx_word' id='word_1_135' title='bbox 1574 1021 1644 1046; x_wconf 90' lang='lat' dir='ltr'><strong>no-</strong></span> 
     </span>
     <span class='ocr_line' id='line_1_17' title="bbox 105 1074 1645 1126; baseline -0.001 -14"><span class='ocrx_word' id='word_1_136' title='bbox 105 1075 191 1113; x_wconf 85' lang='lat' dir='ltr'><strong>stris</strong></span> <span class='ocrx_word' id='word_1_137' title='bbox 239 1074 340 1112; x_wconf 88' lang='lat' dir='ltr'><strong>hisce</strong></span> <span class='ocrx_word' id='word_1_138' title='bbox 374 1075 608 1126; x_wconf 85' lang='lat' dir='ltr'><strong>temporibus</strong></span> <span class='ocrx_word' id='word_1_139' title='bbox 646 1089 775 1113; x_wconf 88' lang='lat' dir='ltr'><strong>omnes</strong></span> <span class='ocrx_word' id='word_1_140' title='bbox 812 1079 854 1112; x_wconf 86' lang='lat' dir='ltr'><strong>ut</strong></span> <span class='ocrx_word' id='word_1_141' title='bbox 890 1074 1066 1113; x_wconf 88' lang='lat' dir='ltr'><strong>debemus</strong></span> <span class='ocrx_word' id='word_1_142' title='bbox 1102 1087 1285 1113; x_wconf 88' lang='lat' dir='ltr'><strong>memores</strong></span> <span class='ocrx_word' id='word_1_143' title='bbox 1322 1087 1406 1112; x_wconf 89' lang='lat' dir='ltr'><strong>vere</strong></span> <span class='ocrx_word' id='word_1_144' title='bbox 1439 1076 1554 1122; x_wconf 81' lang='lat' dir='ltr'><strong>es-(A</strong></span> <span class='ocrx_word' id='word_1_145' title='bbox 1583 1074 1645 1122; x_wconf 59' lang='grc' dir='ltr'><strong>νῦ)</strong></span> 
     </span>
     <span class='ocr_line' id='line_1_18' title="bbox 105 1139 1644 1190; baseline 0 -14"><span class='ocrx_word' id='word_1_146' title='bbox 105 1152 240 1182; x_wconf 87' lang='lat' dir='ltr'><strong>semus,</strong></span> <span class='ocrx_word' id='word_1_147' title='bbox 274 1152 351 1177; x_wconf 93' lang='lat' dir='ltr'><strong>non</strong></span> <span class='ocrx_word' id='word_1_148' title='bbox 388 1140 497 1177; x_wconf 87' lang='lat' dir='ltr'><strong>facile</strong></span> <span class='ocrx_word' id='word_1_149' title='bbox 531 1139 781 1190; x_wconf 85' lang='lat' dir='ltr'><strong>proculdubio</strong></span> <span class='ocrx_word' id='word_1_150' title='bbox 818 1152 929 1178; x_wconf 87' lang='lat' dir='ltr'><strong>voces</strong></span> <span class='ocrx_word' id='word_1_151' title='bbox 957 1139 1091 1177; x_wconf 88' lang='lat' dir='ltr'><strong>talium</strong></span> <span class='ocrx_word' id='word_1_152' title='bbox 1119 1139 1317 1177; x_wconf 89' lang='lat' dir='ltr'><strong>hominum</strong></span> <span class='ocrx_word' id='word_1_153' title='bbox 1347 1139 1644 1183; x_wconf 83' lang='lat' dir='ltr'><strong>admitteremus,</strong></span> 
     </span>
     <span class='ocr_line' id='line_1_19' title="bbox 105 1203 749 1254; baseline 0.002 -14"><span class='ocrx_word' id='word_1_154' title='bbox 105 1216 151 1241; x_wconf 90' lang='lat' dir='ltr'><strong>ne</strong></span> <span class='ocrx_word' id='word_1_155' title='bbox 178 1203 298 1241; x_wconf 86' lang='lat' dir='ltr'><strong>dicam</strong></span> <span class='ocrx_word' id='word_1_156' title='bbox 328 1203 477 1254; x_wconf 88' lang='lat' dir='ltr'><strong>ipsimet</strong></span> <span class='ocrx_word' id='word_1_157' title='bbox 504 1203 749 1242; x_wconf 84' lang='lat' dir='ltr'><strong>imitaremur.</strong></span> 
     </span>
    </p>

    <p class='ocr_par' dir='ltr' id='par_1_5' title="bbox 99 1266 1645 2353">
     <span class='ocr_line' id='line_1_20' title="bbox 155 1266 1645 1319; baseline -0.001 -14"><span class='ocrx_word' id='word_1_158' title='bbox 155 1268 213 1305; x_wconf 89' lang='lat' dir='ltr'><strong>Ae</strong></span> <span class='ocrx_word' id='word_1_159' title='bbox 239 1271 325 1305; x_wconf 88' lang='lat' dir='ltr'><strong>tuae</strong></span> <span class='ocrx_word' id='word_1_160' title='bbox 352 1267 503 1318; x_wconf 88' lang='lat' dir='ltr'><strong>quidem</strong></span> <span class='ocrx_word' id='word_1_161' title='bbox 542 1266 753 1306; x_wconf 85' lang='lat' dir='ltr'><strong>Maiestatis</strong></span> <span class='ocrx_word' id='word_1_162' title='bbox 779 1267 956 1319; x_wconf 87' lang='lat' dir='ltr'><strong>pietatem</strong></span> <span class='ocrx_word' id='word_1_163' title='bbox 983 1267 1031 1305; x_wconf 88' lang='lat' dir='ltr'><strong>ab</strong></span> <span class='ocrx_word' id='word_1_164' title='bbox 1060 1266 1276 1305; x_wconf 87' lang='lat' dir='ltr'><strong>istiusmodi</strong></span> <span class='ocrx_word' id='word_1_165' title='bbox 1304 1266 1460 1304; x_wconf 88' lang='lat' dir='ltr'><strong>vocibus</strong></span> <span class='ocrx_word' id='word_1_166' title='bbox 1488 1270 1524 1304; x_wconf 89' lang='lat' dir='ltr'><strong>et</strong></span> <span class='ocrx_word' id='word_1_167' title='bbox 1553 1279 1645 1304; x_wconf 89' lang='lat' dir='ltr'><strong>con-</strong></span> 
     </span>
     <span class='ocr_line' id='line_1_21' title="bbox 105 1331 1645 1384; baseline -0.001 -15"><span class='ocrx_word' id='word_1_168' title='bbox 105 1333 198 1370; x_wconf 86' lang='lat' dir='ltr'><strong>siliis</strong></span> <span class='ocrx_word' id='word_1_169' title='bbox 226 1332 441 1378; x_wconf 89' lang='lat' dir='ltr'><strong>abhorrere,</strong></span> <span class='ocrx_word' id='word_1_170' title='bbox 469 1332 538 1370; x_wconf 90' lang='lat' dir='ltr'><strong>Dei</strong></span> <span class='ocrx_word' id='word_1_171' title='bbox 567 1332 764 1376; x_wconf 83' lang='lat' dir='ltr'><strong>beneficio,</strong></span> <span class='ocrx_word' id='word_1_172' title='bbox 799 1346 857 1370; x_wconf 90' lang='lat' dir='ltr'><strong>res</strong></span> <span class='ocrx_word' id='word_1_173' title='bbox 892 1332 973 1384; x_wconf 85' lang='lat' dir='ltr'><strong>ipsa</strong></span> <span class='ocrx_word' id='word_1_174' title='bbox 1006 1335 1180 1376; x_wconf 86' lang='lat' dir='ltr'><strong>testatur,</strong></span> <span class='ocrx_word' id='word_1_175' title='bbox 1207 1344 1283 1382; x_wconf 91' lang='lat' dir='ltr'><strong>quo</strong></span> <span class='ocrx_word' id='word_1_176' title='bbox 1311 1331 1463 1382; x_wconf 90' lang='lat' dir='ltr'><strong>quidem</strong></span> <span class='ocrx_word' id='word_1_177' title='bbox 1491 1331 1645 1369; x_wconf 87' lang='lat' dir='ltr'><strong>nomine</strong></span> 
     </span>
     <span class='ocr_line' id='line_1_22' title="bbox 106 1395 1644 1448; baseline -0.001 -15"><span class='ocrx_word' id='word_1_178' title='bbox 106 1396 185 1433; x_wconf 93' lang='lat' dir='ltr'><strong>Deo</strong></span> <span class='ocrx_word' id='word_1_179' title='bbox 215 1395 369 1448; x_wconf 90' lang='lat' dir='ltr'><strong>Optimo</strong></span> <span class='ocrx_word' id='word_1_180' title='bbox 398 1396 568 1434; x_wconf 83' lang='lat' dir='ltr'><strong>Maximo</strong></span> <span class='ocrx_word' id='word_1_181' title='bbox 595 1396 736 1446; x_wconf 81' lang='lat' dir='ltr'><strong>gratias</strong></span> <span class='ocrx_word' id='word_1_182' title='bbox 766 1396 912 1444; x_wconf 77' lang='lat' dir='ltr'><strong>agimus</strong></span> <span class='ocrx_word' id='word_1_183' title='bbox 938 1395 1183 1434; x_wconf 83' lang='lat' dir='ltr'><strong>immortales.</strong></span> <span class='ocrx_word' id='word_1_184' title='bbox 1231 1395 1421 1432; x_wconf 86' lang='lat' dir='ltr'><strong>Nimirum</strong></span> <span class='ocrx_word' id='word_1_185' title='bbox 1449 1395 1644 1444; x_wconf 87' lang='lat' dir='ltr'><strong>intelligis,</strong></span> 
     </span>
     <span class='ocr_line' id='line_1_23' title="bbox 103 1458 1643 1512; baseline -0.002 -14"><span class='ocrx_word' id='word_1_186' title='bbox 103 1467 139 1498; x_wconf 88' lang='lat' dir='ltr'><strong>te</strong></span> <span class='ocrx_word' id='word_1_187' title='bbox 165 1461 288 1510; x_wconf 83' lang='lat' dir='ltr'><strong>Regni</strong></span> <span class='ocrx_word' id='word_1_188' title='bbox 317 1460 458 1498; x_wconf 84' lang='lat' dir='ltr'><strong>Christi</strong></span> <span class='ocrx_word' id='word_1_189' title='bbox 482 1460 522 1499; x_wconf 90' lang='lat' dir='ltr'><strong>in</strong></span> <span class='ocrx_word' id='word_1_190' title='bbox 550 1465 617 1498; x_wconf 90' lang='lat' dir='ltr'><strong>tuo</strong></span> <span class='ocrx_word' id='word_1_191' title='bbox 645 1460 740 1498; x_wconf 88' lang='lat' dir='ltr'><strong>solio</strong></span> <span class='ocrx_word' id='word_1_192' title='bbox 768 1460 1055 1512; x_wconf 81' lang='lat' dir='ltr'><strong>praecellentem</strong></span> <span class='ocrx_word' id='word_1_193' title='bbox 1084 1459 1348 1497; x_wconf 85' lang='lat' dir='ltr'><strong>administrum</strong></span> <span class='ocrx_word' id='word_1_194' title='bbox 1377 1472 1468 1506; x_wconf 90' lang='lat' dir='ltr'><strong>esse,</strong></span> <span class='ocrx_word' id='word_1_195' title='bbox 1490 1463 1529 1496; x_wconf 88' lang='lat' dir='ltr'><strong>ut</strong></span> <span class='ocrx_word' id='word_1_196' title='bbox 1547 1458 1643 1496; x_wconf 87' lang='lat' dir='ltr'><strong>illud</strong></span> 
     </span>
     <span class='ocr_line' id='line_1_24' title="bbox 102 1524 1643 1577; baseline -0.003 -13"><span class='ocrx_word' id='word_1_197' title='bbox 102 1527 142 1564; x_wconf 91' lang='lat' dir='ltr'><strong>in</strong></span> <span class='ocrx_word' id='word_1_198' title='bbox 176 1526 430 1577; x_wconf 83' lang='lat' dir='ltr'><strong>promovenda</strong></span> <span class='ocrx_word' id='word_1_199' title='bbox 466 1526 680 1577; x_wconf 88' lang='lat' dir='ltr'><strong>tuendaque</strong></span> <span class='ocrx_word' id='word_1_200' title='bbox 714 1525 920 1563; x_wconf 86' lang='lat' dir='ltr'><strong>Doctrinae</strong></span> <span class='ocrx_word' id='word_1_201' title='bbox 955 1529 989 1562; x_wconf 92' lang='lat' dir='ltr'><strong>et</strong></span> <span class='ocrx_word' id='word_1_202' title='bbox 1025 1525 1307 1562; x_wconf 87' lang='lat' dir='ltr'><strong>institutionum</strong></span> <span class='ocrx_word' id='word_1_203' title='bbox 1337 1524 1454 1574; x_wconf 85' lang='lat' dir='ltr'><strong>ipsius</strong></span> <span class='ocrx_word' id='word_1_204' title='bbox 1482 1524 1643 1574; x_wconf 84' lang='lat' dir='ltr'><strong>puritate</strong></span> 
     </span>
     <span class='ocr_line' id='line_1_25' title="bbox 102 1589 1642 1642; baseline -0.001 -15"><span class='ocrx_word' id='word_1_205' title='bbox 102 1604 169 1642; x_wconf 89' lang='lat' dir='ltr'><strong>pro</strong></span> <span class='ocrx_word' id='word_1_206' title='bbox 206 1596 269 1629; x_wconf 86' lang='lat' dir='ltr'><strong>tua</strong></span> <span class='ocrx_word' id='word_1_207' title='bbox 306 1591 505 1629; x_wconf 87' lang='lat' dir='ltr'><strong>autoritate</strong></span> <span class='ocrx_word' id='word_1_208' title='bbox 540 1591 717 1636; x_wconf 90' lang='lat' dir='ltr'><strong>illustres,</strong></span> <span class='ocrx_word' id='word_1_209' title='bbox 746 1604 823 1628; x_wconf 88' lang='lat' dir='ltr'><strong>non</strong></span> <span class='ocrx_word' id='word_1_210' title='bbox 853 1595 977 1628; x_wconf 87' lang='lat' dir='ltr'><strong>autem</strong></span> <span class='ocrx_word' id='word_1_211' title='bbox 1007 1589 1181 1627; x_wconf 85' lang='lat' dir='ltr'><strong>humanis</strong></span> <span class='ocrx_word' id='word_1_212' title='bbox 1208 1589 1496 1640; x_wconf 86' lang='lat' dir='ltr'><strong>quibuscunque</strong></span> <span class='ocrx_word' id='word_1_213' title='bbox 1523 1589 1642 1626; x_wconf 88' lang='lat' dir='ltr'><strong>tradi-</strong></span> 
     </span>
     <span class='ocr_line' id='line_1_26' title="bbox 101 1653 1642 1705; baseline -0.002 -12"><span class='ocrx_word' id='word_1_214' title='bbox 101 1655 270 1693; x_wconf 86' lang='lat' dir='ltr'><strong>tionibus</strong></span> <span class='ocrx_word' id='word_1_215' title='bbox 305 1657 501 1693; x_wconf 86' lang='lat' dir='ltr'><strong>remoreris</strong></span> <span class='ocrx_word' id='word_1_216' title='bbox 536 1661 600 1693; x_wconf 88' lang='lat' dir='ltr'><strong>aut</strong></span> <span class='ocrx_word' id='word_1_217' title='bbox 628 1657 819 1693; x_wconf 75' lang='lat' dir='ltr'><strong>ebseures.</strong></span> <span class='ocrx_word' id='word_1_218' title='bbox 874 1656 1017 1692; x_wconf 81' lang='lat' dir='ltr'><strong>Tamen</strong></span> <span class='ocrx_word' id='word_1_219' title='bbox 1046 1668 1128 1692; x_wconf 88' lang='lat' dir='ltr'><strong>cum</strong></span> <span class='ocrx_word' id='word_1_220' title='bbox 1159 1667 1350 1705; x_wconf 83' lang='lat' dir='ltr'><strong>nunquam</strong></span> <span class='ocrx_word' id='word_1_221' title='bbox 1378 1653 1497 1703; x_wconf 84' lang='lat' dir='ltr'><strong>magis</strong></span> <span class='ocrx_word' id='word_1_222' title='bbox 1528 1653 1642 1691; x_wconf 85' lang='lat' dir='ltr'><strong>furiat</strong></span> 
     </span>
     <span class='ocr_line' id='line_1_27' title="bbox 103 1718 1642 1771; baseline -0.002 -13"><span class='ocrx_word' id='word_1_223' title='bbox 103 1721 230 1765; x_wconf 88' lang='lat' dir='ltr'><strong>Satan,</strong></span> <span class='ocrx_word' id='word_1_224' title='bbox 265 1734 377 1771; x_wconf 89' lang='lat' dir='ltr'><strong>quam</strong></span> <span class='ocrx_word' id='word_1_225' title='bbox 414 1721 503 1759; x_wconf 87' lang='lat' dir='ltr'><strong>dum</strong></span> <span class='ocrx_word' id='word_1_226' title='bbox 540 1721 714 1771; x_wconf 83' lang='lat' dir='ltr'><strong>Regnum</strong></span> <span class='ocrx_word' id='word_1_227' title='bbox 744 1720 885 1758; x_wconf 86' lang='lat' dir='ltr'><strong>Christi</strong></span> <span class='ocrx_word' id='word_1_228' title='bbox 911 1720 1107 1765; x_wconf 88' lang='lat' dir='ltr'><strong>illustrari,</strong></span> <span class='ocrx_word' id='word_1_229' title='bbox 1134 1733 1243 1758; x_wconf 88' lang='lat' dir='ltr'><strong>suum</strong></span> <span class='ocrx_word' id='word_1_230' title='bbox 1270 1732 1357 1757; x_wconf 89' lang='lat' dir='ltr'><strong>vero</strong></span> <span class='ocrx_word' id='word_1_231' title='bbox 1385 1718 1529 1756; x_wconf 85' lang='lat' dir='ltr'><strong>aboleri</strong></span> <span class='ocrx_word' id='word_1_232' title='bbox 1557 1732 1642 1756; x_wconf 90' lang='lat' dir='ltr'><strong>sen-</strong></span> 
     </span>
     <span class='ocr_line' id='line_1_28' title="bbox 101 1783 1641 1836; baseline -0.003 -12"><span class='ocrx_word' id='word_1_233' title='bbox 101 1786 159 1830; x_wconf 89' lang='lat' dir='ltr'><strong>tit,</strong></span> <span class='ocrx_word' id='word_1_234' title='bbox 193 1790 363 1824; x_wconf 88' lang='lat' dir='ltr'><strong>nostrum</strong></span> <span class='ocrx_word' id='word_1_235' title='bbox 399 1789 455 1824; x_wconf 87' lang='lat' dir='ltr'><strong>est</strong></span> <span class='ocrx_word' id='word_1_236' title='bbox 493 1786 590 1824; x_wconf 89' lang='lat' dir='ltr'><strong>votis</strong></span> <span class='ocrx_word' id='word_1_237' title='bbox 627 1786 791 1824; x_wconf 89' lang='lat' dir='ltr'><strong>assiduis</strong></span> <span class='ocrx_word' id='word_1_238' title='bbox 828 1785 1007 1823; x_wconf 88' lang='lat' dir='ltr'><strong>Divinam</strong></span> <span class='ocrx_word' id='word_1_239' title='bbox 1034 1784 1198 1835; x_wconf 86' lang='lat' dir='ltr'><strong>gratiam</strong></span> <span class='ocrx_word' id='word_1_240' title='bbox 1224 1784 1437 1836; x_wconf 83' lang='lat' dir='ltr'><strong>implorare,</strong></span> <span class='ocrx_word' id='word_1_241' title='bbox 1472 1787 1513 1821; x_wconf 90' lang='lat' dir='ltr'><strong>ut</strong></span> <span class='ocrx_word' id='word_1_242' title='bbox 1542 1783 1641 1821; x_wconf 88' lang='lat' dir='ltr'><strong>dona</strong></span> 
     </span>
     <span class='ocr_line' id='line_1_29' title="bbox 102 1849 1643 1902; baseline -0.001 -15"><span class='ocrx_word' id='word_1_243' title='bbox 102 1850 204 1895; x_wconf 88' lang='lat' dir='ltr'><strong>haec,</strong></span> <span class='ocrx_word' id='word_1_244' title='bbox 240 1863 334 1902; x_wconf 85' lang='lat' dir='ltr'><strong>quae</strong></span> <span class='ocrx_word' id='word_1_245' title='bbox 369 1856 424 1888; x_wconf 89' lang='lat' dir='ltr'><strong>tot</strong></span> <span class='ocrx_word' id='word_1_246' title='bbox 462 1854 499 1888; x_wconf 89' lang='lat' dir='ltr'><strong>et</strong></span> <span class='ocrx_word' id='word_1_247' title='bbox 532 1855 638 1889; x_wconf 89' lang='lat' dir='ltr'><strong>tanta</strong></span> <span class='ocrx_word' id='word_1_248' title='bbox 674 1851 713 1889; x_wconf 90' lang='lat' dir='ltr'><strong>in</strong></span> <span class='ocrx_word' id='word_1_249' title='bbox 751 1856 854 1888; x_wconf 88' lang='lat' dir='ltr'><strong>tuam</strong></span> <span class='ocrx_word' id='word_1_250' title='bbox 884 1850 1118 1888; x_wconf 87' lang='lat' dir='ltr'><strong>Maiestatem</strong></span> <span class='ocrx_word' id='word_1_251' title='bbox 1148 1849 1321 1896; x_wconf 86' lang='lat' dir='ltr'><strong>contulit,</strong></span> <span class='ocrx_word' id='word_1_252' title='bbox 1348 1862 1485 1899; x_wconf 85' lang='lat' dir='ltr'><strong>augere</strong></span> <span class='ocrx_word' id='word_1_253' title='bbox 1520 1849 1643 1887; x_wconf 89' lang='lat' dir='ltr'><strong>indies</strong></span> 
     </span>
     <span class='ocr_line' id='line_1_30' title="bbox 100 1913 1639 1966; baseline -0.001 -14"><span class='ocrx_word' id='word_1_254' title='bbox 100 1915 220 1964; x_wconf 86' lang='lat' dir='ltr'><strong>magis</strong></span> <span class='ocrx_word' id='word_1_255' title='bbox 248 1928 291 1952; x_wconf 90' lang='lat' dir='ltr'><strong>ac</strong></span> <span class='ocrx_word' id='word_1_256' title='bbox 314 1915 434 1964; x_wconf 84' lang='lat' dir='ltr'><strong>magis</strong></span> <span class='ocrx_word' id='word_1_257' title='bbox 460 1915 697 1966; x_wconf 84' lang='lat' dir='ltr'><strong>illustriaque</strong></span> <span class='ocrx_word' id='word_1_258' title='bbox 725 1915 880 1953; x_wconf 87' lang='lat' dir='ltr'><strong>reddere</strong></span> <span class='ocrx_word' id='word_1_259' title='bbox 908 1928 950 1952; x_wconf 88' lang='lat' dir='ltr'><strong>ae</strong></span> <span class='ocrx_word' id='word_1_260' title='bbox 979 1928 1159 1953; x_wconf 88' lang='lat' dir='ltr'><strong>coronare</strong></span> <span class='ocrx_word' id='word_1_261' title='bbox 1187 1914 1338 1952; x_wconf 90' lang='lat' dir='ltr'><strong>demum</strong></span> <span class='ocrx_word' id='word_1_262' title='bbox 1366 1914 1477 1951; x_wconf 88' lang='lat' dir='ltr'><strong>etiam</strong></span> <span class='ocrx_word' id='word_1_263' title='bbox 1507 1913 1639 1963; x_wconf 86' lang='lat' dir='ltr'><strong>digne-</strong></span> 
     </span>
     <span class='ocr_line' id='line_1_31' title="bbox 100 1979 1639 2031; baseline 0 -15"><span class='ocrx_word' id='word_1_264' title='bbox 100 1983 171 2017; x_wconf 87' lang='lat' dir='ltr'><strong>tur.</strong></span> <span class='ocrx_word' id='word_1_265' title='bbox 226 1979 411 2017; x_wconf 87' lang='lat' dir='ltr'><strong>Nostrum</strong></span> <span class='ocrx_word' id='word_1_266' title='bbox 448 1984 504 2017; x_wconf 91' lang='lat' dir='ltr'><strong>est</strong></span> <span class='ocrx_word' id='word_1_267' title='bbox 540 1980 631 2017; x_wconf 87' lang='lat' dir='ltr'><strong>item</strong></span> <span class='ocrx_word' id='word_1_268' title='bbox 666 1985 768 2018; x_wconf 86' lang='lat' dir='ltr'><strong>tuam</strong></span> <span class='ocrx_word' id='word_1_269' title='bbox 806 1993 956 2031; x_wconf 90' lang='lat' dir='ltr'><strong>quoque</strong></span> <span class='ocrx_word' id='word_1_270' title='bbox 984 1980 1222 2018; x_wconf 83' lang='lat' dir='ltr'><strong>Maiestatem</strong></span> <span class='ocrx_word' id='word_1_271' title='bbox 1250 1984 1464 2017; x_wconf 87' lang='lat' dir='ltr'><strong>reverenter</strong></span> <span class='ocrx_word' id='word_1_272' title='bbox 1500 1992 1568 2030; x_wconf 91' lang='lat' dir='ltr'><strong>pro</strong></span> <span class='ocrx_word' id='word_1_273' title='bbox 1596 1992 1639 2017; x_wconf 87' lang='lat' dir='ltr'><strong>eo</strong></span> 
     </span>
     <span class='ocr_line' id='line_1_32' title="bbox 100 2043 1637 2090; baseline 0.001 -9"><span class='ocrx_word' id='word_1_274' title='bbox 100 2056 143 2081; x_wconf 89' lang='lat' dir='ltr'><strong>ae</strong></span> <span class='ocrx_word' id='word_1_275' title='bbox 172 2043 350 2081; x_wconf 87' lang='lat' dir='ltr'><strong>debemus</strong></span> <span class='ocrx_word' id='word_1_276' title='bbox 379 2044 594 2087; x_wconf 83' lang='lat' dir='ltr'><strong>admonere,</strong></span> <span class='ocrx_word' id='word_1_277' title='bbox 619 2050 661 2082; x_wconf 89' lang='lat' dir='ltr'><strong>ut</strong></span> <span class='ocrx_word' id='word_1_278' title='bbox 690 2045 759 2083; x_wconf 90' lang='lat' dir='ltr'><strong>tibi</strong></span> <span class='ocrx_word' id='word_1_279' title='bbox 787 2046 833 2082; x_wconf 85' lang='lat' dir='ltr'><strong>ab</strong></span> <span class='ocrx_word' id='word_1_280' title='bbox 864 2045 1078 2082; x_wconf 89' lang='lat' dir='ltr'><strong>istiusmodi</strong></span> <span class='ocrx_word' id='word_1_281' title='bbox 1107 2044 1424 2090; x_wconf 86' lang='lat' dir='ltr'><strong>Herodianorum,</strong></span> <span class='ocrx_word' id='word_1_282' title='bbox 1442 2043 1637 2082; x_wconf 86' lang='lat' dir='ltr'><strong>Pharisae-</strong></span> 
     </span>
     <span class='ocr_line' id='line_1_33' title="bbox 100 2108 1637 2160; baseline 0 -15"><span class='ocrx_word' id='word_1_283' title='bbox 100 2121 207 2146; x_wconf 89' lang='lat' dir='ltr'><strong>orum</strong></span> <span class='ocrx_word' id='word_1_284' title='bbox 241 2121 284 2145; x_wconf 85' lang='lat' dir='ltr'><strong>ac</strong></span> <span class='ocrx_word' id='word_1_285' title='bbox 319 2109 530 2159; x_wconf 87' lang='lat' dir='ltr'><strong>principum</strong></span> <span class='ocrx_word' id='word_1_286' title='bbox 568 2109 812 2147; x_wconf 84' lang='lat' dir='ltr'><strong>Sacerdotum</strong></span> <span class='ocrx_word' id='word_1_287' title='bbox 842 2109 998 2146; x_wconf 83' lang='lat' dir='ltr'><strong>vocibus</strong></span> <span class='ocrx_word' id='word_1_288' title='bbox 1028 2108 1227 2158; x_wconf 83' lang='lat' dir='ltr'><strong>diligenter</strong></span> <span class='ocrx_word' id='word_1_289' title='bbox 1255 2122 1398 2153; x_wconf 84' lang='lat' dir='ltr'><strong>caveas,</strong></span> <span class='ocrx_word' id='word_1_290' title='bbox 1426 2109 1465 2145; x_wconf 91' lang='lat' dir='ltr'><strong>in</strong></span> <span class='ocrx_word' id='word_1_291' title='bbox 1485 2121 1637 2160; x_wconf 89' lang='lat' dir='ltr'><strong>promp-</strong></span> 
     </span>
     <span class='ocr_line' id='line_1_34' title="bbox 100 2173 1637 2225; baseline 0.001 -16"><span class='ocrx_word' id='word_1_292' title='bbox 100 2177 214 2223; x_wconf 88' lang='lat' dir='ltr'><strong>tuque</strong></span> <span class='ocrx_word' id='word_1_293' title='bbox 260 2173 409 2219; x_wconf 88' lang='lat' dir='ltr'><strong>habeas,</strong></span> <span class='ocrx_word' id='word_1_294' title='bbox 449 2173 550 2223; x_wconf 89' lang='lat' dir='ltr'><strong>quod</strong></span> <span class='ocrx_word' id='word_1_295' title='bbox 586 2173 661 2210; x_wconf 90' lang='lat' dir='ltr'><strong>illis</strong></span> <span class='ocrx_word' id='word_1_296' title='bbox 697 2187 741 2211; x_wconf 83' lang='lat' dir='ltr'><strong>ex</strong></span> <span class='ocrx_word' id='word_1_297' title='bbox 780 2174 891 2211; x_wconf 89' lang='lat' dir='ltr'><strong>verbo</strong></span> <span class='ocrx_word' id='word_1_298' title='bbox 938 2173 1010 2211; x_wconf 90' lang='lat' dir='ltr'><strong>Dei</strong></span> <span class='ocrx_word' id='word_1_299' title='bbox 1045 2174 1270 2225; x_wconf 87' lang='lat' dir='ltr'><strong>respondere</strong></span> <span class='ocrx_word' id='word_1_300' title='bbox 1306 2173 1441 2224; x_wconf 88' lang='lat' dir='ltr'><strong>possis.</strong></span> <span class='ocrx_word' id='word_1_301' title='bbox 1496 2174 1536 2210; x_wconf 90' lang='lat' dir='ltr'><strong>Si</strong></span> <span class='ocrx_word' id='word_1_302' title='bbox 1572 2174 1637 2224; x_wconf 89' lang='lat' dir='ltr'><strong>qui</strong></span> 
     </span>
     <span class='ocr_line' id='line_1_35' title="bbox 100 2237 1636 2289; baseline 0.001 -15"><span class='ocrx_word' id='word_1_303' title='bbox 100 2237 232 2286; x_wconf 86' lang='lat' dir='ltr'><strong>Regno</strong></span> <span class='ocrx_word' id='word_1_304' title='bbox 268 2242 334 2275; x_wconf 88' lang='lat' dir='ltr'><strong>tuo</strong></span> <span class='ocrx_word' id='word_1_305' title='bbox 372 2251 392 2274; x_wconf 91' lang='lat' dir='ltr'><strong>a</strong></span> <span class='ocrx_word' id='word_1_306' title='bbox 430 2238 571 2275; x_wconf 85' lang='lat' dir='ltr'><strong>Christi</strong></span> <span class='ocrx_word' id='word_1_307' title='bbox 609 2238 740 2286; x_wconf 83' lang='lat' dir='ltr'><strong>Regno</strong></span> <span class='ocrx_word' id='word_1_308' title='bbox 776 2238 983 2288; x_wconf 87' lang='lat' dir='ltr'><strong>periculum</strong></span> <span class='ocrx_word' id='word_1_309' title='bbox 1009 2238 1129 2276; x_wconf 89' lang='lat' dir='ltr'><strong>ullum</strong></span> <span class='ocrx_word' id='word_1_310' title='bbox 1159 2238 1286 2287; x_wconf 86' lang='lat' dir='ltr'><strong>im-(A</strong></span> <span class='ocrx_word' id='word_1_311' title='bbox 1299 2239 1371 2286; x_wconf 63' lang='lat' dir='ltr'><strong>via)</strong></span> <span class='ocrx_word' id='word_1_312' title='bbox 1399 2237 1540 2275; x_wconf 87' lang='lat' dir='ltr'><strong>minere</strong></span> <span class='ocrx_word' id='word_1_313' title='bbox 1565 2252 1636 2289; x_wconf 91' lang='lat' dir='ltr'><strong>pu-</strong></span> 
     </span>
     <span class='ocr_line' id='line_1_36' title="bbox 99 2302 1636 2353; baseline 0.001 -13"><span class='ocrx_word' id='word_1_314' title='bbox 99 2306 191 2348; x_wconf 89' lang='lat' dir='ltr'><strong>tant,</strong></span> <span class='ocrx_word' id='word_1_315' title='bbox 220 2302 415 2353; x_wconf 85' lang='lat' dir='ltr'><strong>responde,</strong></span> <span class='ocrx_word' id='word_1_316' title='bbox 443 2306 478 2341; x_wconf 88' lang='lat' dir='ltr'><strong>te</strong></span> <span class='ocrx_word' id='word_1_317' title='bbox 505 2304 625 2352; x_wconf 85' lang='lat' dir='ltr'><strong>magis</strong></span> <span class='ocrx_word' id='word_1_318' title='bbox 651 2303 708 2340; x_wconf 90' lang='lat' dir='ltr'><strong>illi</strong></span> <span class='ocrx_word' id='word_1_319' title='bbox 736 2304 862 2349; x_wconf 88' lang='lat' dir='ltr'><strong>fidere,</strong></span> <span class='ocrx_word' id='word_1_320' title='bbox 889 2304 995 2341; x_wconf 87' lang='lat' dir='ltr'><strong>cuius</strong></span> <span class='ocrx_word' id='word_1_321' title='bbox 1022 2308 1059 2342; x_wconf 89' lang='lat' dir='ltr'><strong>te</strong></span> <span class='ocrx_word' id='word_1_322' title='bbox 1086 2304 1124 2341; x_wconf 92' lang='lat' dir='ltr'><strong>in</strong></span> <span class='ocrx_word' id='word_1_323' title='bbox 1154 2308 1219 2341; x_wconf 91' lang='lat' dir='ltr'><strong>tuo</strong></span> <span class='ocrx_word' id='word_1_324' title='bbox 1250 2303 1344 2340; x_wconf 92' lang='lat' dir='ltr'><strong>solio</strong></span> <span class='ocrx_word' id='word_1_325' title='bbox 1372 2302 1636 2341; x_wconf 87' lang='lat' dir='ltr'><strong>administrum</strong></span> 
     </span>
    </p>
   </div>
   <div class='ocr_carea' id='block_1_5' title="bbox 13 2346 1638 2419">
    <p class='ocr_par' dir='ltr' id='par_1_6' title="bbox 13 2346 1638 2419">
     <span class='ocr_line' id='line_1_37' title="bbox 13 2346 16 2359; baseline 0 0"><span class='ocrx_word' id='word_1_326' title='bbox 13 2346 16 2359; x_wconf 45' lang='lat' dir='ltr'><strong>i</strong></span> 
     </span>
     <span class='ocr_line' id='line_1_38' title="bbox 14 2367 1638 2419; baseline 0.002 -15"><span class='ocrx_word' id='word_1_327' title='bbox 14 2369 41 2411; x_wconf 62' lang='grc' dir='ltr'><strong>ξ’</strong></span> <span class='ocrx_word' id='word_1_328' title='bbox 98 2380 177 2405; x_wconf 91' lang='lat' dir='ltr'><strong>esse</strong></span> <span class='ocrx_word' id='word_1_329' title='bbox 204 2367 398 2416; x_wconf 83' lang='lat' dir='ltr'><strong>intelligis,</strong></span> <span class='ocrx_word' id='word_1_330' title='bbox 426 2381 537 2418; x_wconf 88' lang='lat' dir='ltr'><strong>quam</strong></span> <span class='ocrx_word' id='word_1_331' title='bbox 566 2372 606 2405; x_wconf 90' lang='lat' dir='ltr'><strong>ut</strong></span> <span class='ocrx_word' id='word_1_332' title='bbox 635 2369 682 2405; x_wconf 90' lang='lat' dir='ltr'><strong>ab</strong></span> <span class='ocrx_word' id='word_1_333' title='bbox 710 2368 776 2405; x_wconf 92' lang='lat' dir='ltr'><strong>illo</strong></span> <span class='ocrx_word' id='word_1_334' title='bbox 805 2368 888 2415; x_wconf 91' lang='lat' dir='ltr'><strong>tibi,</strong></span> <span class='ocrx_word' id='word_1_335' title='bbox 915 2368 1072 2406; x_wconf 89' lang='lat' dir='ltr'><strong>situum</strong></span> <span class='ocrx_word' id='word_1_336' title='bbox 1093 2372 1258 2419; x_wconf 85' lang='lat' dir='ltr'><strong>praestes</strong></span> <span class='ocrx_word' id='word_1_337' title='bbox 1279 2368 1455 2414; x_wconf 88' lang='lat' dir='ltr'><strong>officium,</strong></span> <span class='ocrx_word' id='word_1_338' title='bbox 1473 2372 1638 2407; x_wconf 89' lang='lat' dir='ltr'><strong>metuere</strong></span> 
     </span>
    </p>
   </div>
   <div class='ocr_carea' id='block_1_6' title="bbox 0 1757 25 2748">
    <p class='ocr_par' dir='ltr' id='par_1_7' title="bbox 0 1757 25 2748">
     <span class='ocr_line' id='line_1_39' title="bbox 0 1757 25 2748; baseline 0 0"><span class='ocrx_word' id='word_1_339' title='bbox 0 1757 25 2748; x_wconf 95' lang='lat' dir='ltr'><strong> </strong></span> 
     </span>
    </p>
   </div>
   <div class='ocr_carea' id='block_1_7' title="bbox 97 2432 1638 2874">
    <p class='ocr_par' dir='ltr' id='par_1_8' title="bbox 97 2432 1638 2874">
     <span class='ocr_line' id='line_1_40' title="bbox 99 2432 1638 2483; baseline 0.001 -14"><span class='ocrx_word' id='word_1_340' title='bbox 99 2432 364 2483; x_wconf 88' lang='lat' dir='ltr'><strong>quoquomodo</strong></span> <span class='ocrx_word' id='word_1_341' title='bbox 403 2432 551 2471; x_wconf 86' lang='lat' dir='ltr'><strong>debeas.</strong></span> <span class='ocrx_word' id='word_1_342' title='bbox 606 2433 714 2470; x_wconf 86' lang='lat' dir='ltr'><strong>Adde</strong></span> <span class='ocrx_word' id='word_1_343' title='bbox 753 2436 954 2483; x_wconf 85' lang='lat' dir='ltr'><strong>praeterea,</strong></span> <span class='ocrx_word' id='word_1_344' title='bbox 990 2445 1053 2470; x_wconf 91' lang='lat' dir='ltr'><strong>eos</strong></span> <span class='ocrx_word' id='word_1_345' title='bbox 1083 2433 1234 2470; x_wconf 87' lang='lat' dir='ltr'><strong>demum</strong></span> <span class='ocrx_word' id='word_1_346' title='bbox 1262 2433 1469 2483; x_wconf 90' lang='lat' dir='ltr'><strong>plerunque</strong></span> <span class='ocrx_word' id='word_1_347' title='bbox 1497 2433 1638 2483; x_wconf 82' lang='lat' dir='ltr'><strong>Regnis</strong></span> 
     </span>
     <span class='ocr_line' id='line_1_41' title="bbox 100 2496 1636 2548; baseline 0.002 -15"><span class='ocrx_word' id='word_1_348' title='bbox 100 2497 177 2533; x_wconf 92' lang='lat' dir='ltr'><strong>suis</strong></span> <span class='ocrx_word' id='word_1_349' title='bbox 213 2496 393 2540; x_wconf 85' lang='lat' dir='ltr'><strong>excidere,</strong></span> <span class='ocrx_word' id='word_1_350' title='bbox 428 2497 492 2547; x_wconf 87' lang='lat' dir='ltr'><strong>qui</strong></span> <span class='ocrx_word' id='word_1_351' title='bbox 528 2510 593 2534; x_wconf 88' lang='lat' dir='ltr'><strong>sua</strong></span> <span class='ocrx_word' id='word_1_352' title='bbox 626 2497 823 2548; x_wconf 85' lang='lat' dir='ltr'><strong>prudentia</strong></span> <span class='ocrx_word' id='word_1_353' title='bbox 860 2497 1037 2535; x_wconf 87' lang='lat' dir='ltr'><strong>adversus</strong></span> <span class='ocrx_word' id='word_1_354' title='bbox 1075 2497 1267 2534; x_wconf 89' lang='lat' dir='ltr'><strong>Christum</strong></span> <span class='ocrx_word' id='word_1_355' title='bbox 1296 2510 1411 2546; x_wconf 81' lang='lat' dir='ltr'><strong>regna</strong></span> <span class='ocrx_word' id='word_1_356' title='bbox 1449 2510 1514 2535; x_wconf 90' lang='lat' dir='ltr'><strong>sua</strong></span> <span class='ocrx_word' id='word_1_357' title='bbox 1553 2512 1636 2536; x_wconf 89' lang='lat' dir='ltr'><strong>cum</strong></span> 
     </span>
     <span class='ocr_line' id='line_1_42' title="bbox 101 2561 1636 2614; baseline 0.002 -16"><span class='ocrx_word' id='word_1_358' title='bbox 101 2561 253 2599; x_wconf 89' lang='lat' dir='ltr'><strong>Herode</strong></span> <span class='ocrx_word' id='word_1_359' title='bbox 287 2563 518 2599; x_wconf 84' lang='lat' dir='ltr'><strong>communire</strong></span> <span class='ocrx_word' id='word_1_360' title='bbox 556 2568 752 2601; x_wconf 86' lang='lat' dir='ltr'><strong>conantur.</strong></span> <span class='ocrx_word' id='word_1_361' title='bbox 809 2562 953 2600; x_wconf 90' lang='lat' dir='ltr'><strong>Deinde</strong></span> <span class='ocrx_word' id='word_1_362' title='bbox 990 2563 1022 2600; x_wconf 92' lang='lat' dir='ltr'><strong>si</strong></span> <span class='ocrx_word' id='word_1_363' title='bbox 1058 2563 1178 2611; x_wconf 81' lang='lat' dir='ltr'><strong>legem</strong></span> <span class='ocrx_word' id='word_1_364' title='bbox 1214 2562 1284 2599; x_wconf 90' lang='lat' dir='ltr'><strong>Dei</strong></span> <span class='ocrx_word' id='word_1_365' title='bbox 1321 2562 1385 2599; x_wconf 86' lang='lat' dir='ltr'><strong>alii</strong></span> <span class='ocrx_word' id='word_1_366' title='bbox 1420 2564 1636 2614; x_wconf 87' lang='lat' dir='ltr'><strong>patriosque</strong></span> 
     </span>
     <span class='ocr_line' id='line_1_43' title="bbox 97 2627 1636 2679; baseline 0.002 -15"><span class='ocrx_word' id='word_1_367' title='bbox 97 2627 190 2664; x_wconf 88' lang='lat' dir='ltr'><strong>ritus</strong></span> <span class='ocrx_word' id='word_1_368' title='bbox 226 2628 265 2665; x_wconf 91' lang='lat' dir='ltr'><strong>in</strong></span> <span class='ocrx_word' id='word_1_369' title='bbox 302 2627 485 2677; x_wconf 81' lang='lat' dir='ltr'><strong>religione</strong></span> <span class='ocrx_word' id='word_1_370' title='bbox 520 2641 585 2679; x_wconf 87' lang='lat' dir='ltr'><strong>per</strong></span> <span class='ocrx_word' id='word_1_371' title='bbox 622 2628 844 2666; x_wconf 86' lang='lat' dir='ltr'><strong>Doctrinam</strong></span> <span class='ocrx_word' id='word_1_372' title='bbox 871 2628 1072 2678; x_wconf 82' lang='lat' dir='ltr'><strong>Euangelii</strong></span> <span class='ocrx_word' id='word_1_373' title='bbox 1102 2628 1244 2665; x_wconf 89' lang='lat' dir='ltr'><strong>Christi</strong></span> <span class='ocrx_word' id='word_1_374' title='bbox 1272 2627 1405 2665; x_wconf 85' lang='lat' dir='ltr'><strong>violari</strong></span> <span class='ocrx_word' id='word_1_375' title='bbox 1434 2629 1636 2679; x_wconf 85' lang='lat' dir='ltr'><strong>omniaque</strong></span> 
     </span>
     <span class='ocr_line' id='line_1_44' title="bbox 98 2692 1633 2744; baseline 0.003 -15"><span class='ocrx_word' id='word_1_376' title='bbox 98 2693 229 2729; x_wconf 86' lang='lat' dir='ltr'><strong>novari</strong></span> <span class='ocrx_word' id='word_1_377' title='bbox 267 2692 410 2739; x_wconf 87' lang='lat' dir='ltr'><strong>dicunt,</strong></span> <span class='ocrx_word' id='word_1_378' title='bbox 446 2693 642 2744; x_wconf 87' lang='lat' dir='ltr'><strong>responde,</strong></span> <span class='ocrx_word' id='word_1_379' title='bbox 679 2693 747 2731; x_wconf 89' lang='lat' dir='ltr'><strong>Dei</strong></span> <span class='ocrx_word' id='word_1_380' title='bbox 784 2695 901 2743; x_wconf 76' lang='lat' dir='ltr'><strong>legem</strong></span> <span class='ocrx_word' id='word_1_381' title='bbox 938 2708 958 2731; x_wconf 89' lang='lat' dir='ltr'><strong>a</strong></span> <span class='ocrx_word' id='word_1_382' title='bbox 988 2694 1139 2731; x_wconf 87' lang='lat' dir='ltr'><strong>Christo</strong></span> <span class='ocrx_word' id='word_1_383' title='bbox 1170 2693 1341 2740; x_wconf 82' lang='lat' dir='ltr'><strong>stabiliri,</strong></span> <span class='ocrx_word' id='word_1_384' title='bbox 1372 2706 1450 2732; x_wconf 89' lang='lat' dir='ltr'><strong>non</strong></span> <span class='ocrx_word' id='word_1_385' title='bbox 1479 2695 1633 2742; x_wconf 85' lang='lat' dir='ltr'><strong>aboleri,</strong></span> 
     </span>
     <span class='ocr_line' id='line_1_45' title="bbox 97 2755 1634 2803; baseline 0.004 -11"><span class='ocrx_word' id='word_1_386' title='bbox 97 2755 202 2793; x_wconf 86' lang='lat' dir='ltr'><strong>illum</strong></span> <span class='ocrx_word' id='word_1_387' title='bbox 230 2770 309 2794; x_wconf 88' lang='lat' dir='ltr'><strong>esse</strong></span> <span class='ocrx_word' id='word_1_388' title='bbox 338 2757 545 2803; x_wconf 86' lang='lat' dir='ltr'><strong>veritatem,</strong></span> <span class='ocrx_word' id='word_1_389' title='bbox 573 2757 767 2795; x_wconf 85' lang='lat' dir='ltr'><strong>hominum</strong></span> <span class='ocrx_word' id='word_1_390' title='bbox 798 2772 884 2795; x_wconf 89' lang='lat' dir='ltr'><strong>vero</strong></span> <span class='ocrx_word' id='word_1_391' title='bbox 914 2758 1136 2796; x_wconf 87' lang='lat' dir='ltr'><strong>traditiones</strong></span> <span class='ocrx_word' id='word_1_392' title='bbox 1165 2770 1308 2802; x_wconf 89' lang='lat' dir='ltr'><strong>omnes,</strong></span> <span class='ocrx_word' id='word_1_393' title='bbox 1344 2763 1450 2796; x_wconf 79' lang='lat' dir='ltr'><strong>extra</strong></span> <span class='ocrx_word' id='word_1_394' title='bbox 1479 2760 1634 2798; x_wconf 87' lang='lat' dir='ltr'><strong>verbum</strong></span> 
     </span>
     <span class='ocr_line' id='line_1_46' title="bbox 98 2819 1632 2874; baseline 0.004 -17"><span class='ocrx_word' id='word_1_395' title='bbox 98 2819 166 2857; x_wconf 87' lang='lat' dir='ltr'><strong>Dei</strong></span> <span class='ocrx_word' id='word_1_396' title='bbox 218 2821 425 2868; x_wconf 88' lang='lat' dir='ltr'><strong>institutas,</strong></span> <span class='ocrx_word' id='word_1_397' title='bbox 478 2822 685 2866; x_wconf 86' lang='lat' dir='ltr'><strong>mendacia,</strong></span> <span class='ocrx_word' id='word_1_398' title='bbox 739 2822 1029 2874; x_wconf 87' lang='lat' dir='ltr'><strong>quibuscunque</strong></span> <span class='ocrx_word' id='word_1_399' title='bbox 1071 2822 1224 2860; x_wconf 89' lang='lat' dir='ltr'><strong>tandem</strong></span> <span class='ocrx_word' id='word_1_400' title='bbox 1269 2822 1392 2860; x_wconf 88' lang='lat' dir='ltr'><strong>titulis</strong></span> <span class='ocrx_word' id='word_1_401' title='bbox 1438 2830 1632 2864; x_wconf 89' lang='lat' dir='ltr'><strong>ornentur.</strong></span> 
     </span>
    </p>
   </div>
   <div class='ocr_carea' id='block_1_8' title="bbox 99 2886 1635 2991">
    <p class='ocr_par' dir='ltr' id='par_1_9' title="bbox 99 2886 1635 2991">
     <span class='ocr_line' id='line_1_47' title="bbox 99 2886 1635 2936; baseline 0.003 -14"><span class='ocrx_word' id='word_1_402' title='bbox 99 2889 269 2936; x_wconf 83' lang='lat' dir='ltr'><strong>Aequum</strong></span> <span class='ocrx_word' id='word_1_403' title='bbox 304 2886 420 2936; x_wconf 89' lang='lat' dir='ltr'><strong>igitur</strong></span> <span class='ocrx_word' id='word_1_404' title='bbox 455 2901 546 2933; x_wconf 82' lang='lat' dir='ltr'><strong>esse,</strong></span> <span class='ocrx_word' id='word_1_405' title='bbox 583 2893 624 2925; x_wconf 88' lang='lat' dir='ltr'><strong>ut</strong></span> <span class='ocrx_word' id='word_1_406' title='bbox 662 2888 869 2934; x_wconf 87' lang='lat' dir='ltr'><strong>mendacia,</strong></span> <span class='ocrx_word' id='word_1_407' title='bbox 897 2893 1000 2926; x_wconf 82' lang='lat' dir='ltr'><strong>extra</strong></span> <span class='ocrx_word' id='word_1_408' title='bbox 1029 2888 1186 2926; x_wconf 87' lang='lat' dir='ltr'><strong>verbum</strong></span> <span class='ocrx_word' id='word_1_409' title='bbox 1215 2887 1284 2925; x_wconf 89' lang='lat' dir='ltr'><strong>Dei</strong></span> <span class='ocrx_word' id='word_1_410' title='bbox 1312 2888 1473 2933; x_wconf 87' lang='lat' dir='ltr'><strong>invecta,</strong></span> <span class='ocrx_word' id='word_1_411' title='bbox 1501 2889 1635 2927; x_wconf 87' lang='lat' dir='ltr'><strong>cedant</strong></span> 
     </span>
     <span class='ocr_line' id='line_1_48' title="bbox 1408 2954 1481 2991; baseline -0.027 0"><span class='ocrx_word' id='word_1_412' title='bbox 1408 2954 1481 2991; x_wconf 71' lang='lat'><strong>19*</strong></span> 
     </span>
    </p>
   </div>
  </div>
 </body>
</html>
