1830 3147
810 120 879 154 599
1332 118 1397 164 [A.
1426 119 1470 155 D.
1495 119 1607 166 1545]

78 225 160 261 milii
186 228 362 271 pensatum
389 224 530 272 putabo,
557 226 586 260 si
611 225 780 262 amicitiae
804 225 923 262 officiis
948 228 1085 273 gratum
1111 225 1208 262 vobis
1229 225 1375 263 officium
1401 226 1465 262 hoc
1491 238 1601 263 meum

77 299 152 323 esse
182 286 376 323 declaretis.
426 285 528 322 Hane
560 298 625 334 ego
658 286 816 323 omnibus
855 287 1112 334 pensationibus
1135 289 1312 335 antepono
1337 290 1372 324 et
1397 289 1525 335 optime
1549 301 1604 325 me

73 347 224 383 officium
260 347 324 383 hoc
357 347 542 383 collocasse
568 347 783 388 existimabo,
808 348 838 383 si
864 359 923 395 per
948 338 1022 384 eius
1047 348 1262 384 occasionem
1287 349 1323 384 in
1349 351 1494 384 vestram
1521 350 1606 385 ami-

76 407 193 443 citiam
226 408 371 448 veniam,
406 407 531 454 quibus
567 419 674 443 meam
708 408 858 445 vicissim
890 409 1020 449 defero,
1050 420 1128 444 cum
1164 409 1323 444 omnibus
1347 409 1478 451 officiis,
1501 422 1605 457 quae·

77 479 211 515 cunque
246 480 266 503 a
301 480 353 503 mc
387 467 484 503 vobis
516 479 578 514 pro
611 480 685 504 mea
723 469 894 505 tenuitate
929 468 1094 516 praestari
1119 473 1277 515 possunt.
1327 469 1434 505 Plura
1459 482 1605 506 menon

78 529 210 575 patitur
235 540 325 565 nunc
349 528 495 564 seribere
524 528 685 565 valetudo
712 541 807 565 mea:
834 529 916 577 quin
941 533 977 565 et
1002 529 1084 565 haee
1109 530 1158 565 ita
1184 529 1342 566 celeriter
1365 531 1514 566 seribere
1538 543 1607 566 non

79 589 190 636 potui,
218 591 257 624 ut
280 589 311 624 ei
336 588 474 629 nuncio,
498 589 556 636 qui
582 593 715 625 vestras
741 591 783 625 ad
811 602 863 631 me
888 590 1024 631 attulit,
1051 590 1166 626 literas
1191 590 1333 626 reddere
1359 603 1501 638 possem.
1537 591 1608 627 Pro

79 649 192 685 missis
224 649 345 685 avibus
378 648 487 685 habco
518 662 675 696 magnam
713 651 860 697 gratiam
899 662 1019 698 meque
1053 653 1134 686 tuae
1171 651 1402 697 praestantiae
1426 650 1609 698 diligenter

77 710 291 746 commendo.
341 710 497 746 Acmdae
524 710 633 756 pridie
659 711 882 747 catharinae.
906 712 969 757 (24
993 712 1103 756 Now)
1129 711 1235 748 Anno
1262 713 1367 748 1545.

128 769 189 817 [In
213 769 330 806 dorso:
357 771 452 806 Doct.
478 772 550 806 viro
575 772 640 807 Fr.
666 772 828 818 Sissinqio
854 775 892 807 L.
918 773 955 808 L.
982 773 1130 814 Doclori,
1154 773 1201 808 ad
1226 785 1340 808 manus
1364 774 1584 821 Groninqae]

122 880 147 919 ¹)
170 879 282 912 Frater
316 879 476 913 Drusillae
511 882 590 912 erat.
634 880 663 919 2)
687 879 808 912 Luscus
838 880 1002 912 Drusillae
1030 879 1207 923 hospitium
1236 880 1435 923 praebuerat,
1469 884 1505 914 ut
1527 884 1614 924 patet

79 945 116 967 ex
138 935 199 978 Ep.
221 936 275 968 28.

81 1144 143 1181 N⁰,
171 1145 227 1180 33.
945 1143 1024 1189 [mm.
1040 1145 1117 1180 Brenn.
1133 1146 1168 1180 (ΣΙ.
1184 1145 1228 1180 vn.
1244 1154 1269 1186 p.
1284 1146 1342 1180 339.
1367 1146 1452 1180 Gerd.
1471 1144 1517 1180 llb.
1535 1144 1612 1190 5:39]

587 1267 645 1303 Ad
671 1267 896 1303 DnusumAM
923 1267 1113 1303 Srssmen.

127 1373 258 1421 Accepi
285 1373 403 1409 literas
428 1376 517 1415 tuas,
542 1386 616 1409 mea
641 1374 756 1409 soror!
781 1374 906 1421 quibus
932 1372 974 1409 de
1001 1376 1062 1408 tuo
1087 1373 1177 1409 istuc
1201 1373 1315 1409 reditu
1339 1373 1424 1409 satis
1449 1375 1611 1408 accurate

80 1434 124 1470 ud
159 1447 211 1470 me
245 1434 376 1476 scribis,
409 1438 445 1470 et
477 1434 643 1482 quaedam
679 1438 854 1481 praeterea
879 1434 1048 1482 adiungis,
1081 1447 1168 1482 quae
1192 1446 1251 1481 per
1276 1447 1384 1470 meam
1411 1446 1550 1470 uxorem
1577 1438 1614 1470 ct

83 1507 137 1531 me
171 1495 243 1531 fieri
278 1496 385 1542 cupis.
431 1496 605 1543 Quodque
640 1496 684 1532 ad
718 1497 769 1532 tui
802 1509 823 1532 a
858 1495 958 1532 nobis
982 1495 1099 1532 abitus
1124 1496 1275 1532 rationes
1299 1496 1439 1537 attinet,
1464 1495 1524 1531 has
1549 1508 1615 1542 ego

83 1569 127 1594 ex
164 1556 282 1593 multis
317 1569 358 1592 eo
393 1556 470 1604 ipso
503 1558 573 1600 die,
608 1569 676 1604 quo
709 1570 772 1593 nos
799 1557 981 1605 reliquisti,
1006 1569 1116 1604 neque
1140 1557 1213 1593 sine
1239 1569 1364 1604 magna.
1387 1557 1615 1593 admiratione

81 1629 158 1654 mea
190 1617 337 1664 percepi,
373 1621 409 1652 et
441 1616 578 1664 quidem
615 1617 717 1665 longe
752 1618 908 1653 diversas
934 1617 978 1652 ab
1002 1617 1066 1659 his,
1090 1629 1175 1663 quas
1199 1617 1244 1653 ad
1270 1630 1323 1653 me
1349 1621 1388 1652 tu
1413 1620 1513 1653 tanto
1538 1629 1613 1652 vcr-

83 1679 202 1715 borum
238 1680 407 1726 apparatu
443 1677 689 1725 perscripsisti:
727 1677 887 1713 nimirum
922 1682 956 1713 te
983 1678 1120 1720 ‚sciente
1151 1689 1192 1713 ac
1228 1677 1366 1713 volente
1392 1678 1514 1713 missos
1540 1689 1614 1713 esse

81 1740 150 1777 hnc
173 1739 232 1787 qui
256 1743 291 1775 te
315 1739 542 1775 abducerent.
593 1738 634 1774 ld
661 1751 761 1786 porro
786 1739 814 1775 si
840 1742 911 1775 tam
936 1742 990 1775 est
1014 1751 1146 1780 verum.
1173 1751 1275 1786 quam
1301 1742 1357 1775 est
1381 1738 1435 1774 hic
1460 1738 1526 1774 iam
1554 1751 1614 1785 pu-

81 1800 212 1836 blicum
236 1800 272 1836 in
296 1811 355 1835 ore
380 1800 545 1839 omnium.
572 1799 674 1836 miror
699 1801 868 1847 profecto,
893 1812 967 1836 mea
991 1801 1105 1837 soror!
1133 1811 1196 1836 eur
1220 1812 1260 1835 ea.
1285 1800 1332 1836 sis
1356 1800 1448 1846 apud
1473 1811 1535 1835 nos
1552 1799 1613 1846 hy·

81 1862 207 1909 poerisi
244 1872 316 1903 usa,
351 1864 386 1897 et
419 1861 583 1908 suspicari
617 1872 734 1907 cogor,
770 1864 833 1897 aut
865 1864 901 1896 te
935 1861 1096 1896 offensam
1131 1872 1206 1897 esse
1229 1860 1387 1897 doctrina
1411 1864 1445 1897 et
1469 1872 1610 1896 convcr—

82 1925 217 1960 satione
251 1927 382 1964 nostra,
416 1926 479 1959 aut
512 1922 610 1958 nobis
643 1934 712 1958 non
737 1921 936 1963 confidisse,
959 1922 1072 1969 deque
1097 1921 1196 1958 nobis
1220 1922 1376 1957 nonnihil
1402 1922 1611 1958 subveritam

80 1996 168 2026 esse,
201 1988 265 2021 aut
298 1985 422 2019 saltem
455 1987 594 2030 putasse
627 1988 672 2023 te,
705 1983 798 2029 quod
821 1986 919 2018 tuum
947 1983 1129 2019 eonsilium
1157 1982 1335 2029 probaturi
1359 1995 1427 2018 non
1454 1995 1616 2018 essemus.

85 2043 172 2084 Iam,
209 2044 239 2079 si
273 2047 308 2079 te
343 2043 587 2090 quoquomodo
621 2043 762 2079 offendit
793 2046 912 2078 nostra
945 2043 998 2078 vel
1025 2043 1183 2079 doctrina
1208 2043 1262 2079 vel
1287 2044 1518 2085 conversatio,
1541 2046 1616 2078 erat

88 2104 151 2140 hoe
177 2103 337 2140 candoris
370 2103 569 2145 Christiani,
605 2106 643 2139 ut
667 2115 730 2139 nos
754 2103 796 2138 de
821 2103 872 2139 his
898 2116 985 2151 quae
1011 2107 1045 2139 le
1070 2102 1303 2146 offendebant,
1330 2103 1387 2139 vel
1412 2103 1612 2139 admoneres

83 2168 252 2207 amanter,
277 2164 331 2200 vel
356 2164 462 2200 libere
487 2165 591 2200 etiam
618 2164 900 2211 reprehenderes:
925 2165 1063 2200 tametsi
1086 2164 1179 2212 quod
1197 2165 1240 2201 ad
1260 2164 1449 2201 doctrinam
1475 2165 1613 2207 attinet,

81 2238 156 2261 eam
183 2225 286 2261 talem
322 2237 396 2261 esse
421 2225 568 2265 confido,
604 2228 842 2272 praeterquam
869 2225 897 2260 si
921 2225 1004 2272 quid
1030 2225 1111 2261 mihi
1136 2225 1345 2272 imprudenti
1370 2227 1458 2261 sorte
1482 2226 1616 2262 excidit

81 2296 245 2332 unquam.
271 2287 310 2319 ut
332 2296 446 2320 eoram
473 2283 587 2320 iudice
613 2285 690 2319 Deo
714 2284 907 2331 impugnari
932 2297 1001 2319 non
1027 2284 1151 2331 possit.
1184 2284 1302 2320 Vitam
1329 2285 1486 2332 equidem
1504 2297 1612 2321 meam

80 2346 168 2382 adeo
194 2358 263 2382 non
288 2356 426 2385 excuso.
451 2348 490 2380 ut
514 2345 616 2392 longe
644 2344 741 2391 plura
767 2345 871 2380 etiam
897 2345 1082 2380 desiderari
1107 2345 1142 2381 in
1168 2344 1227 2381 illa
1261 2357 1374 2393 cogar,
1407 2346 1468 2382 sed
1499 2348 1612 2382 tamen

79 2406 164 2444 nihil
199 2418 218 2442 a
253 2406 351 2442 vobis
385 2405 580 2442 istiusmodi
614 2404 835 2453 designatum
870 2406 1006 2442 interim
1043 2419 1118 2442 esse
1144 2409 1240 2454 puto,
1269 2407 1360 2454 quod
1387 2410 1422 2442 te
1447 2406 1612 2448 offendat,

80 2469 137 2505 vel
163 2467 328 2516 impediat
353 2469 538 2503 adventum
566 2466 665 2503 nobis
691 2470 804 2508 tuum.
829 2467 884 2503 vel
909 2467 952 2503 ad
977 2467 1082 2504 talem
1109 2467 1238 2516 alioqui
1262 2467 1515 2504 simulationem
1541 2469 1614 2505 adi-

81 2542 160 2578 gere
197 2530 386 2566 debuisset.
435 2529 472 2564 Si
498 2528 598 2564 nobis
626 2541 694 2564 non
719 2527 907 2568 confidisti.
934 2529 967 2564 id
995 2529 1132 2576 quidem
1159 2533 1233 2565 erat
1256 2529 1389 2565 arbitrii
1414 2530 1476 2570 tui,
1500 2541 1613 2577 neque

82 2604 144 2628 nos
190 2595 327 2626 tuarum
363 2590 612 2636 cogitationum
646 2590 738 2625 anxii
773 2593 1035 2636 percontatores
1072 2601 1147 2625 esse
1181 2589 1364 2631 voluimus,
1400 2589 1460 2625 sed
1498 2594 1613 2625 tamen

84 2652 214 2689 nullam
252 2651 316 2687 tibi
351 2650 560 2687 diffidentiae
591 2650 804 2686 occasionem
840 2650 977 2686 dedisse
1010 2650 1108 2686 nobis
1142 2650 1317 2687 videmur:
1357 2651 1469 2687 multo
1503 2651 1614 2687 minus

83 2716 214 2754 autem,
245 2716 285 2749 ut
309 2711 352 2748 de
377 2711 476 2747 nobis
501 2710 686 2758 quidquam
711 2711 851 2747 omnino
876 2710 1116 2746 subverercris.
1164 2711 1241 2758 Ego
1266 2714 1312 2753 tc,
1335 2723 1410 2747 mea
1435 2713 1549 2748 soror!
1576 2716 1614 2747 ut

82 2772 226 2808 invitam
261 2772 297 2808 in
332 2771 434 2807 aedes
465 2783 555 2816 meas
587 2783 657 2807 non
690 2771 814 2818 recepi,
850 2772 899 2807 ita
932 2771 1073 2807 invitam
1108 2782 1246 2818 quoque
1280 2783 1347 2807 nou
1372 2771 1612 2814 detinuissem,

85 2844 194 2880 neque
220 2832 448 2874 obstitissem,
484 2843 552 2880 quo
575 2832 689 2868 minus
715 2832 860 2868 fratrum
886 2834 1025 2868 tuorum
1051 2832 1195 2868 consilia
1218 2833 1420 2880 sequereris,
1445 2836 1615 2881 quatenus

84 2893 143 2929 illa
180 2893 255 2929 Deo
290 2892 479 2941 approbare
517 2904 646 2940 posses.
697 2892 874 2929 Audivisli
901 2905 940 2928 cx
968 2905 1021 2928 me
1047 2905 1117 2929 non
1142 2905 1229 2936 raro,
1253 2894 1363 2930 Deum
1390 2907 1409 2930 a
1433 2893 1534 2930 nobis
1559 2894 1617 2930 ho·
