1830 3147
177 151 250 187 150

183 263 282 300 deris
318 262 430 300 habet
465 261 511 299 ad
549 261 806 299 obfirmandos
843 265 993 299 nostros
1030 254 1176 299 animos
1213 263 1253 300 in
1282 265 1380 300 certa
1410 262 1540 300 salutis
1569 266 1719 301 nostrae
1760 251 1761 254 Ἰ

184 328 225 365 in
263 328 412 364 Christo
450 325 689 377 possessione
723 339 790 377 per
825 326 951 373 fidem,
986 339 1097 377 quaxn
1126 327 1157 363 si
1185 327 1295 364 nobis
1330 327 1449 378 ipsam
1487 327 1653 378 corporis
1682 331 1718 365 et

186 392 381 441 sanguinis
429 389 570 428 Christi
613 390 795 428 naturalis
842 391 1091 429 substantiam
1140 405 1203 442 per
1250 392 1417 429 Ministri
1460 405 1593 429 manus
1648 392 1716 429 sub

184 455 266 506 ipso
304 468 399 505 pane
435 467 478 491 ac
513 454 650 505 poculo
689 455 835 492 Coenae
871 454 1015 506 porrigi
1046 455 1338 499 contendamus,
1384 469 1466 493 cum
1505 456 1592 493 haec
1630 470 1720 494 sane

187 520 363 557 convivas
401 519 547 557 Coenae
583 519 807 557 Dominicae
844 533 973 557 omnes
1011 519 1056 557 de
1092 520 1210 557 salute
1236 521 1417 571 ipsorum,
1444 521 1590 559 etiamsi
1616 521 1720 558 illam

185 588 408 629 statuamus,
446 589 567 622 certos
594 584 750 622 reddere
778 597 856 622 non
884 584 1016 635 possit.
1071 584 1117 621 Id
1146 585 1247 634 quod
1276 585 1393 622 Iudae
1421 586 1563 637 alioqui
1590 585 1719 636 prodi-

184 649 277 687 toris
305 655 341 687 et
369 650 538 687 omnium
563 650 664 687 illius
694 649 875 687 similium
904 650 1074 700 exemplo
1100 650 1302 687 manifesto
1331 650 1519 689 docemur.

235 714 280 750 In
315 714 397 764 ipso
436 720 557 751 autem
598 714 840 751 convivarum
881 727 990 764 opere
1027 714 1225 751 accubitus
1263 728 1325 752 seu
1365 728 1561 753 consessus
1589 728 1717 753 eorum

183 778 231 815 ad
278 792 443 816 mensam
488 779 728 816 Dominicam
775 779 885 816 nobis
925 778 1109 827 designat.
1165 779 1331 816 Primum
1369 793 1498 830 pacem
1534 793 1578 817 ac
1615 780 1719 831 quie-

182 850 256 881 tem
294 844 406 894 longe
440 844 713 894 optatissimam
752 848 914 889 nostrae,
958 844 997 880 in
1035 843 1103 881 hac
1141 845 1252 881 ctiam
1290 844 1365 882 vita
1402 845 1488 890 iam,
1524 836 1721 882 conscien-

181 909 256 946 tiae
293 909 329 946 in
373 911 484 957 (220)
522 909 685 954 Christo,
721 908 868 946 etiamsi
905 908 943 946 in
981 909 1093 946 nobis
1131 909 1203 959 ipsi
1239 909 1341 946 aliud
1372 909 1467 947 nihil
1495 923 1613 960 neque
1641 923 1720 947 esse

182 974 259 1011 ullo
302 973 415 1010 modo
452 973 638 1024 possimus
676 973 750 1011 nisi
785 977 1012 1025 peccatores.
1071 973 1196 1012 Quam
1232 974 1401 1025 equidem
1441 980 1593 1012 nostrae
1629 987 1719 1012 con-

183 1039 361 1076 scientiae
404 1052 533 1090 pacem
579 1052 621 1076 ac
659 1039 821 1090 quietem
858 1039 1012 1076 retineri
1047 1052 1066 1076 a
1105 1038 1215 1076 nobis
1255 1039 1332 1077 vult
1366 1039 1405 1076 in
1443 1040 1554 1076 corde
1589 1044 1720 1078 nostro

182 1104 353 1142 Christus
391 1103 578 1141 Dominus
614 1103 794 1141 adversus
831 1105 993 1141 Satanae
1030 1117 1073 1140 ac
1108 1103 1241 1140 mundi
1276 1104 1438 1141 insultus
1465 1117 1607 1148 omnes,
1636 1104 1719 1155 qui-

183 1170 253 1207 bus
288 1174 466 1221 perpetuo
505 1169 663 1207 obnoxii
699 1182 840 1208 sumus.
895 1169 942 1206 In
979 1182 1050 1214 me,
1084 1169 1219 1219 inquit,
1254 1182 1384 1219 pacem
1422 1169 1612 1207 habebitis
1648 1174 1718 1208 etc.

182 1235 328 1272 Deinde
365 1235 536 1284 designat
573 1234 684 1272 nobis
721 1235 832 1272 etiam
868 1234 1031 1283 gloriam
1068 1247 1111 1271 ac
1148 1234 1371 1283 dignitatem
1399 1238 1580 1278 nostram,
1608 1248 1720 1285 quam

178 1301 218 1338 in
264 1313 380 1349 regno
425 1300 497 1337 Dei
542 1300 633 1337 olim
670 1299 838 1337 habituri
875 1312 1016 1337 sumus.
1071 1299 1227 1350 Nempe,
1265 1299 1367 1350 quod
1404 1300 1717 1350 quemadmodum

183 1365 353 1402 Christus
373 1364 578 1402 ,Dominus
608 1355 812 1402 conviviali
837 1377 907 1401 nos
935 1363 983 1401 ad
1010 1377 1175 1401 mensam
1207 1377 1312 1401 suam
1340 1364 1380 1401 in
1410 1365 1533 1401 Coena
1562 1377 1629 1402 sua
1657 1377 1718 1402 ac-

181 1430 310 1467 cubitu
365 1429 435 1467 sub
473 1442 633 1481 persona
680 1442 834 1467 suorum
877 1429 1152 1480 Apostolorum
1189 1428 1368 1478 dignatus
1406 1434 1473 1475 est,
1519 1429 1571 1467 ita
1608 1433 1643 1467 et
1680 1429 1720 1467 in

179 1509 295 1545 regno
333 1495 422 1532 olim
460 1495 530 1532 Dei
565 1498 718 1532 aeterno
755 1495 811 1532 illi
849 1494 999 1532 demum
1038 1494 1222 1545 beatoque
1260 1494 1433 1531 convivio
1473 1499 1514 1532 ut
1543 1495 1720 1532 coelestes

182 1560 362 1598 convivae
397 1559 603 1597 adhibendi
640 1559 767 1606 simus,
804 1564 845 1596 ut
882 1559 929 1596 ad
966 1563 1153 1596 aeternam
1194 1558 1355 1596 Divinae
1391 1559 1533 1608 gloriae
1568 1559 1718 1596 fruitio-

180 1638 266 1663 nem
301 1639 376 1663 una
413 1638 496 1663 cum
535 1624 754 1662 Abrahamo
783 1624 916 1662 Isaaco
945 1629 981 1661 et
1009 1623 1152 1661 Iacobo
1180 1623 1331 1661 tandem
1360 1624 1627 1662 accumbamus
1656 1624 1716 1662 in-

181 1704 252 1741 que
280 1694 430 1728 aeterna
459 1689 633 1741 deinceps
661 1689 768 1738 regni
796 1688 866 1726 Dei
894 1689 1100 1726 foelicitate
1129 1688 1405 1727 consideamus.

235 1755 413 1806 Acceptio
459 1755 549 1791 item
593 1754 633 1792 in
674 1767 809 1792 manus
845 1754 1090 1791 convivarum
1127 1753 1235 1804 panis
1271 1766 1315 1790 ac
1352 1753 1477 1804 poculi
1515 1754 1662 1791 Coenae
1698 1768 1719 1791 a

185 1820 333 1857 Christo
363 1820 528 1857 Domino
555 1819 738 1870 imperata
769 1819 954 1868 designat,
981 1831 1056 1856 non
1087 1817 1198 1855 modo
1226 1817 1445 1855 immensam
1475 1818 1578 1855 illam
1608 1818 1718 1855 Chri-

183 1886 230 1923 sti
267 1884 422 1923 Domini
458 1899 545 1934 erga
581 1898 649 1922 nos
685 1874 936 1930 dilectionem,
974 1897 1084 1934 quam
1124 1883 1235 1920 nobis
1272 1883 1340 1920 sub
1377 1882 1486 1933 panis
1522 1896 1566 1920 ac
1591 1884 1720 1934 poculi

183 1950 343 1988 exhibiti
386 1950 426 1987 in
474 1951 598 1987 Coena
636 1949 807 1998 symbolo
845 1949 1061 1995 declaravit,
1097 1948 1161 1985 sed
1198 1947 1308 1985 etiam
1346 1949 1456 1996 (221)
1492 1948 1718 1999 peculiarem

186 2015 307 2053 nostri
350 2029 488 2060 curam,
525 2028 571 2052 ne
611 2019 758 2052 tantum
797 2013 1020 2051 beneficium
1050 2013 1161 2051 nobis
1188 2026 1253 2063 per
1281 2018 1448 2050 nostram
1477 2014 1719 2051 diffidentiam

185 2080 440 2131 imprudentes
467 2080 587 2131 perire
614 2080 793 2117 sinamus.
850 2080 982 2130 Neque
1010 2079 1108 2116 enim
1136 2079 1192 2116 illi
1222 2078 1311 2115 satis
1340 2082 1431 2125 erat,
1459 2085 1495 2116 et
1521 2092 1656 2130 panem
1683 2082 1720 2117 et

185 2149 359 2198 poculum
406 2153 595 2198 utcunque
631 2147 858 2191 exhibuisse,
894 2146 958 2184 sed
995 2147 1127 2192 voluit,
1162 2151 1204 2184 ut
1240 2151 1430 2197 utrunque
1463 2145 1639 2196 Apostoli
1673 2158 1719 2182 ex

186 2213 285 2250 illius
314 2213 487 2250 manibus
516 2213 726 2263 acciperent
762 2217 872 2263 atque
901 2215 941 2249 ut
969 2211 1007 2249 id
1035 2212 1200 2249 facerent
1229 2210 1429 2261 praecepit.
1487 2200 1578 2247 Vult
1606 2209 1718 2247 nimi-

185 2289 280 2319 rum,
320 2281 358 2313 ut
395 2289 503 2313 suum
540 2277 611 2313 hoc
648 2275 870 2313 beneficium
909 2275 1048 2313 nostris
1087 2275 1263 2312 cordibus
1301 2275 1352 2311 ita
1379 2274 1579 2322 infigamus
1607 2277 1720 2323 atque

190 2341 233 2377 (le
268 2341 334 2378 illo
369 2341 469 2378 intra
507 2354 576 2378 nos
612 2341 665 2377 ita
703 2341 792 2377 certi
832 2341 962 2383 simus,
997 2345 1039 2377 ut
1069 2339 1160 2376 certi
1188 2339 1328 2389 alioqui
1358 2351 1437 2375 esse
1466 2338 1639 2380 solemus,
1667 2350 1720 2378 ea,

187 2419 281 2455 quae
309 2406 346 2442 in
376 2405 515 2443 nostris
541 2406 614 2456 ipsi
640 2405 814 2442 manibus
844 2404 1034 2449 habemus,
1071 2409 1200 2442 nostra
1227 2402 1475 2454 proculdubio
1504 2414 1581 2438 esse
1609 2405 1719 2450 atque

188 2469 232 2506 ad
263 2482 331 2506 nos
360 2470 515 2507 omnino
543 2469 739 2520 pertinere.
775 2469 920 2506 Deinde
948 2469 1119 2517 designat
1146 2468 1184 2505 in
1213 2468 1325 2505 nobis
1354 2466 1443 2517 ipsis
1470 2466 1582 2503 etiam
1609 2464 1719 2515 panis

189 2533 278 2570 hacc
315 2538 350 2571 et
387 2534 511 2584 poculi
549 2536 697 2571 Coenae
732 2535 771 2571 in
807 2547 940 2570 manus
979 2533 1219 2570 convivarum
1249 2531 1415 2582 acceptio
1454 2530 1541 2567 fidei
1569 2534 1719 2567 nostrae

189 2597 462 2640 certitudinem,
491 2598 591 2648 quod
621 2598 884 2635 adumbratum
915 2597 1025 2634 nobis
1054 2598 1202 2635 Coenae
1231 2610 1301 2634 usu
1328 2599 1479 2633 nostrae
1499 2607 1581 2631 cum
1608 2594 1718 2631 Chri-

189 2668 246 2700 sto
284 2662 561 2699 communionis
599 2662 815 2712 mysterium
856 2666 956 2698 certo
995 2662 1043 2698 ad
1080 2675 1148 2699 nos
1185 2660 1371 2712 pertinere
1399 2657 1605 2702 credamus,
1634 2671 1718 2695 vera

188 2726 330 2777 alioqui
366 2730 401 2763 et
439 2739 514 2763 non
552 2727 726 2764 simulata
762 2726 847 2772 fide,
885 2739 994 2774 quam
1024 2725 1087 2762 ille
1114 2725 1153 2762 in
1181 2725 1292 2762 nobis
1329 2722 1496 2760 mandati
1525 2721 1635 2759 huius
1663 2728 1718 2759 te-

188 2791 364 2829 stimonio
404 2791 448 2828 de
475 2804 570 2841 pane
599 2796 635 2828 et
661 2791 797 2842 poculo
827 2803 891 2841 per
918 2803 988 2827 nos
1017 2789 1237 2840 accipiendo
1274 2787 1442 2839 requirit.
1497 2786 1587 2823 Non
1616 2786 1717 2837 quod

187 2857 278 2894 fides
307 2859 436 2893 nostra
464 2855 502 2892 id
530 2869 594 2906 per
623 2870 660 2893 se
687 2856 831 2901 efficiat,
857 2858 899 2892 ut
929 2868 1129 2899 servemur,
1158 2854 1221 2891 sed
1250 2853 1348 2904 quod
1379 2851 1549 2902 quisquis
1577 2851 1717 2888 donum

187 2921 258 2961 hoc
286 2925 437 2957 nostrae
465 2932 589 2957 secum
620 2918 895 2958 communionis
923 2922 986 2956 aut
1014 2919 1110 2956 nolit
1133 2919 1209 2956 ullo
1239 2917 1351 2955 modo
1370 2929 1434 2968 per
1462 2919 1717 2966 contemptum
