1830 3147
183 116 253 154 102

235 229 285 266 Et
321 232 360 266 ut
393 228 519 266 omnia
554 227 686 265 ordine
720 241 764 265 ac
800 227 971 266 decenter
1008 227 1174 280 citraque
1210 230 1323 270 ullam
1363 233 1621 272 confusionem
1650 249 1716 285 ge-

185 298 315 331 rantur
345 295 388 341 ¹),
424 306 469 330 ne
503 292 593 330 item
629 293 831 330 fenestram
858 293 1000 344 aperire
1027 293 1191 332 voluisse
1218 295 1385 335 dicamur
1412 310 1478 348 per
1502 298 1717 338 istiusmodi

183 358 478 396 examinationes
514 356 739 395 inducendis
776 357 934 394 curiosis
972 357 1213 407 quibusdam,
1249 365 1289 398 ut
1324 375 1426 399 nunc
1454 366 1541 400 sunt
1568 368 1715 415 tempo-

184 435 235 467 ra,
273 427 308 459 et
343 421 466 459 noxiis
503 421 800 472 quaestionibus,
828 435 922 472 quae
950 421 1051 458 aliud
1082 422 1176 460 nihil
1204 438 1316 475 quam
1343 435 1489 476 pugnas
1517 427 1717 476 gignerent

182 491 218 524 ct
245 485 453 523 Ecclesiam
482 486 630 523 demum
653 485 761 523 etiam
781 486 1044 537 perturbarent
1064 487 1107 534 ⁵³),
1127 509 1177 516 —
1197 488 1385 538 designati
1406 491 1589 529 habentur
1608 505 1628 530 e
1648 493 1715 530 Se-

184 552 354 590 nioribus
390 565 432 589 ac
472 551 654 589 Diaconis
689 551 857 602 adeoque
893 555 928 589 et
965 564 1012 589 ex
1044 552 1187 602 reliquo
1224 554 1335 596 etiam
1380 555 1571 593 Ecclesiae
1608 560 1716 594 coetu

171 618 253 655 vviri
280 617 430 668 quidam
459 617 513 668 pii
540 630 671 666 graves
700 621 735 654 et
763 616 934 660 modesti,
974 629 1142 667 quosque
1171 622 1312 655 certum
1340 625 1395 657 est
1424 620 1460 658 et
1487 621 1526 658 in
1556 609 1715 671 scriptu-

182 682 232 720 ris
262 683 355 720 bene
383 674 548 719 versatos
576 694 655 719 esse
684 681 720 718 et
747 679 849 718 aliud
878 676 954 718 non
982 694 1170 731 quaerere,
1197 695 1309 733 quam
1336 683 1495 733 gloriam
1516 684 1586 722 Dei
1602 687 1714 733 (108)

181 753 217 786 et
253 747 445 785 Ecclesiae
479 747 670 798 publicam
706 745 1016 791 aedificationem,
1053 745 1192 797 quibus
1220 747 1310 785 solis
1338 753 1502 799 potestas
1532 750 1631 787 facta
1660 756 1715 788 est

178 811 414 864 proponendi
441 824 509 848 suo
537 810 669 848 ordine
694 810 734 847 in
764 809 988 860 Prophetiis,
1015 810 1199 861 quidquid
1227 812 1382 850 omnino
1410 813 1572 864 proponi
1591 813 1714 852 debet.

180 877 302 915 Vitari
338 876 436 914 enim
475 889 550 913 non
577 879 730 926 possent
758 875 892 912 turbae
919 888 962 912 ac
991 875 1232 913 confusiones
1259 876 1299 914 in
1329 876 1497 915 Ecclesia
1525 877 1602 914 ullo
1630 891 1714 915 mo·

179 943 239 988 do,
275 942 306 979 si
341 941 571 992 quibuslibet
597 953 805 991 proponere
833 940 958 977 omnia
987 940 1127 986 liceret,
1156 953 1238 978 cum
1267 954 1452 992 nusquam
1480 942 1621 993 alioqui
1648 943 1712 980 de-

178 1008 255 1046 sint
290 1007 392 1045 hisce
428 1006 567 1044 nostris
601 1005 839 1056 potissimum
876 1005 1109 1056 temporibus
1146 1005 1314 1044 homines
1353 1007 1578 1046 contentiosi
1604 1021 1712 1059 prae·

179 1073 289 1112 fracti
325 1072 463 1110 curiosi
490 1076 525 1110 et
562 1085 672 1123 supra
709 1071 862 1108 modum
898 1074 1130 1119 arrogantes,
1156 1085 1178 1108 a
1205 1071 1344 1122 quibus
1373 1072 1446 1109 sibi
1472 1073 1595 1111 modis
1624 1087 1714 1112 sane

182 1137 356 1175 omnibus
398 1136 564 1174 Fcclesia
602 1149 730 1173 cavere
767 1135 897 1173 debet:
944 1135 1103 1186 denique
1140 1148 1216 1172 non
1253 1135 1375 1173 desint
1411 1136 1524 1174 etiarn
1558 1138 1713 1176 fanatici

176 1201 344 1254 plerique
380 1201 562 1246 homines,
597 1214 662 1252 per
689 1213 782 1251 quos
811 1200 1030 1238 hauddubio
1060 1200 1185 1239 omnia
1213 1204 1373 1238 tentaret
1401 1202 1517 1239 Satan
1558 1202 1605 1240 ad
1634 1201 1712 1239 dis-

176 1266 372 1317 sipandam
401 1265 541 1303 Christi
568 1265 791 1308 Ecclesiam.
819 1264 851 1301 si
878 1264 1004 1302 onmia
1032 1263 1265 1315 quibuslibet
1294 1265 1373 1302 sine
1402 1265 1546 1303 delectu
1569 1279 1613 1303 ac
1634 1265 1710 1304 dis·

177 1331 332 1369 crimine
361 1331 436 1369 ullo
463 1330 612 1382 publice
639 1329 678 1367 in
706 1329 828 1367 medio
857 1329 1048 1367 Ecclesiae
1078 1334 1183 1367 coetu
1209 1342 1418 1380 proponere
1445 1330 1586 1369 liceret.

226 1396 385 1434 Interim
420 1394 546 1433 ‘tamen
581 1399 621 1433 ut
656 1394 727 1432 toti
763 1394 955 1431 Ecclesiae
991 1393 1145 1431 libertas
1184 1407 1250 1431 sua
1287 1398 1444 1438 constet,
1481 1401 1515 1432 et
1553 1408 1600 1433 ne
1627 1395 1711 1446 quis

174 1462 247 1500 sibi
291 1458 518 1499 del'ectormn
563 1460 712 1497 illorum
757 1459 804 1496 ad
840 1459 879 1496 id
915 1458 1155 1510 peculiariter
1207 1459 1370 1496 virorum
1411 1459 1710 1509 designationem

174 1527 298 1565 fraudi
324 1539 403 1565 esse
431 1531 620 1577 queratur,
646 1524 797 1562 libertas
824 1523 1051 1575 permittitur
1078 1522 1268 1567 omnibus,
1296 1523 1360 1574 qui
1389 1528 1476 1561 sunt
1505 1538 1549 1562 ex
1576 1525 1708 1562 Eccle-

174 1593 240 1638 sia,
275 1596 318 1629 ut
354 1604 483 1629 omncs
512 1603 597 1627 suas
626 1588 882 1626 dubitationes
910 1591 974 1625 aut
1012 1587 1243 1625 obiectiones
1272 1587 1478 1637 designatis
1508 1589 1597 1626 viris
1633 1589 1708 1627 illis

173 1658 250 1696 sive
287 1656 409 1694 verbis
447 1655 524 1693 sive
551 1654 692 1705 scripto
720 1657 925 1704 exponant,
958 1651 1114 1689 adiectis
1154 1664 1198 1689 ex
1252 1652 1365 1689 verbo
1402 1652 1474 1690 Dei
1502 1652 1709 1691 dubitatio-

172 1735 261 1760 num
309 1720 637 1770 obiectionumque
689 1716 902 1755 istiusmodi
938 1729 1089 1754 suarum
1126 1715 1349 1754 rationibus.
1415 1716 1522 1755 Quae
1560 1717 1708 1756 demum

173 1786 426 1836 oni-(109)nia
461 1797 526 1836 per
562 1783 777 1832 designatos
812 1782 899 1819 illos
926 1781 963 1819 in
994 1780 1195 1831 Prophetia
1221 1786 1496 1832 proponunt-ur,
1524 1787 1709 1833 quatenus

173 1865 262 1890 sane
290 1850 403 1889 verbo
431 1849 500 1888 Dei
528 1851 777 1887 consentanea
804 1859 884 1885 esse
912 1850 947 1884 et
975 1846 1021 1883 ad
1049 1845 1242 1884 Ecclesiae
1268 1846 1565 1885 aedificationem
1588 1848 1710 1886 facere

174 1914 362 1954 videntur.

223 1980 284 2018 Ne
318 1983 443 2017 tamen
484 1981 521 2016 et
555 1977 653 2016 inter
686 1976 773 2014 illos
808 1976 910 2027 ipsos
947 1975 1162 2026 designatos
1200 1975 1299 2013 viros
1336 1975 1460 2027 aliqua
1491 1976 1565 2014 ullo
1593 1976 1707 2015 modo

173 2045 345 2083 confusio
382 2043 535 2087 oriatur,
571 2047 633 2080 aut
668 2041 733 2079 alii
770 2040 863 2079 alios
890 2040 930 2078 in
958 2039 1203 2092 proponendo
1231 2039 1447 2091 impediant,
1477 2041 1708 2079 conveniunt

172 2110 271 2148 inter
306 2121 385 2146 sese
422 2107 608 2156 designati
642 2106 699 2143 illi
732 2106 842 2157 paulo
871 2110 957 2143 ante
992 2104 1071 2142 eius
1112 2104 1186 2143 diei
1223 2104 1443 2142 concionem
1471 2108 1584 2156 atque
1610 2106 1708 2144 inter

173 2188 251 2214 sese
279 2174 489 2218 conferunt,
517 2185 589 2223 quo
619 2171 709 2223 quid
736 2171 867 2209 ordine
892 2169 1054 2222 proponi
1079 2169 1127 2207 ab
1155 2169 1231 2207 illis
1267 2169 1410 2208 debeat.
1465 2170 1527 2216 Et,
1555 2170 1585 2208 si
1616 2170 1706 2221 quid

174 2240 223 2278 sit
256 2238 453 2284 eiusmodi,
489 2236 589 2288 quod
625 2236 752 2287 aliquo
790 2235 901 2273 modo
941 2239 1225 2273 controversum
1254 2247 1334 2272 esse
1364 2234 1548 2280 videatur,
1574 2235 1706 2273 admo-

174 2309 311 2342 nentur
345 2303 447 2341 illius
474 2303 513 2340 in
541 2306 708 2352 tempore
737 2300 906 2338 Ministri
933 2313 976 2337 ac
1005 2299 1178 2337 Seniores
1207 2311 1348 2346 omnes,
1376 2303 1419 2336 ut
1445 2299 1706 2350 praemeditati

172 2367 436 2419 respondeant,
470 2370 535 2416 aut
572 2378 632 2404 res
668 2364 834 2402 differtur
868 2364 908 2402 in
943 2364 1055 2401 aliam
1092 2362 1343 2414 Prophetiam,
1380 2363 1412 2401 si
1449 2363 1497 2401 sit
1532 2376 1638 2414 opus,
1665 2368 1707 2402 ut

174 2432 299 2470 omnia
326 2431 457 2469 ordine
485 2431 656 2468 decenter
684 2432 719 2467 et
749 2441 831 2466 cnm
860 2427 1050 2465 Ecclesiae
1077 2426 1339 2465 aedificatione
1366 2428 1472 2466 fiant.

226 2497 403 2535 Quantus
439 2499 563 2533 autem
597 2495 646 2532 sit
674 2493 784 2532 huius
811 2492 897 2531 talis
927 2492 1146 2544 Prophetiae
1173 2493 1332 2539 fructus,
1365 2491 1403 2529 id
1433 2505 1490 2529 res
1517 2491 1599 2543 ipsa
1628 2492 1704 2530 cla-

173 2561 251 2600 rius
278 2560 398 2599 multo
425 2563 596 2604 testatur,
622 2571 733 2609 quam
761 2562 804 2595 ut
831 2557 918 2595 ullis
947 2557 1070 2594 verbis
1099 2556 1276 2608 explicari
1303 2555 1433 2607 possit.

225 2624 391 2663 Primum
436 2623 535 2660 enim
580 2624 849 2660 confirmantur
894 2620 1010 2658 animi
1043 2620 1161 2658 totius
1198 2620 1387 2671 Ecclesiae
1422 2620 1460 2658 in
1510 2620 1704 2660 retinenda

172 2688 384 2739 tuendaque
411 2687 523 2725 etiam
551 2699 639 2724 sana
668 2685 849 2732 doctrina,
876 2690 1121 2736 posteaquam
1148 2685 1252 2723 illam
1279 2685 1332 2722 ita
1360 2689 1395 2722 et
1424 2686 1549 2724 excuti
1576 2690 1610 2724 et
1637 2699 1702 2737 ap·

171 2753 325 2806 probari
364 2752 476 2798 videt,
503 2756 539 2790 et
574 2751 788 2789 animantur
823 2755 1012 2802 praeterea
1047 2754 1158 2801 atque
1194 2750 1304 2789 etiam
1341 2755 1535 2789 armantur
1571 2764 1700 2791 omnes

217 2884 242 2923 ¹)
267 2883 283 2914 1
308 2882 382 2914 Cor.
405 2882 454 2913 14.
624 2881 650 2921 ²)
675 2880 691 2911 1
716 2879 798 2912 Tim.
820 2880 849 2919 4,
874 2880 903 2910 6.
947 2879 966 2910 2
989 2852 1122 2912 Tims4.
1166 2879 1275 2911 Titum
1297 2878 1326 2911 3.
