1830 3147
179 58 240 110 [A.
267 58 312 95 n.
337 57 448 106 1556]
903 62 972 100 744

184 167 265 203 huic
297 167 515 210 immineant,
547 168 576 203 si
607 170 765 204 exortam
799 173 834 204 et
869 169 923 205 hie
954 170 1133 206 doetrinae
1166 171 1399 220 Evangelicae
1430 175 1553 219 lucem,
1580 175 1638 212 vel
1663 189 1715 213 re·

182 227 333 275 pellatis,
383 227 440 263 vel
481 228 586 264 etiam
623 228 846 275 negligenter
879 230 1045 278 amplecti
1079 231 1210 269 velitis.
1260 234 1395 280 Quodsi
1431 236 1622 273 eonsilium
1659 238 1718 273 ad-

184 302 309 325 versus
334 289 488 336 pericula
521 290 734 337 quaerimus,
760 292 852 338 apud
879 304 958 327 eum
985 306 1205 340 quaeramus,
1231 296 1293 342 qui
1318 296 1379 332 illa
1405 297 1501 333 solus
1528 300 1564 333 et
1589 299 1718 335 immit-

184 355 260 388 tere
294 354 329 387 et
360 351 533 387 moderari
559 355 595 387 et
619 365 735 389 arcere
760 357 890 400 potest.
943 355 980 390 Is
1007 368 1089 391 vero
1116 357 1183 392 iam
1208 357 1293 393 olim
1319 358 1420 395 nobis
1447 359 1716 397 saluberrimum

187 413 229 449 ad
264 426 337 449 eam
371 425 443 449 rem
469 413 656 449 consilium
691 427 751 462 pei·
784 415 977 452 Samuelem
1004 416 1217 464 Prophetam
1243 432 1346 455 suum
1373 419 1480 464 dedit,
1507 420 1644 457 adiecta
1670 421 1721 457 di-

188 478 282 510 serta
316 473 588 521 indubitataque
624 475 843 511 liberationis
879 480 1021 513 nostrae
1055 478 1295 524 promissione,
1329 480 1358 516 si
1385 481 1498 528 ipsum
1526 481 1720 519 audiamus.

188 535 324 571 Edebat
349 535 460 571 Israel
486 535 624 583 publice
650 536 910 584 resipiscentiae
936 551 1019 574 suae
1045 540 1144 585 signa
1175 543 1256 586 post
1291 545 1469 589 acceptam
1496 542 1629 590 pluries
1654 544 1722 579 iam

186 612 207 634 a
232 597 442 633 Palaestinis
476 597 606 633 cladem
638 602 782 645 propter
815 602 1081 647 praeposterum
1107 602 1220 637 Areae
1245 603 1393 647 cultum,
1419 616 1524 650 quam
1551 608 1628 641 tum
1653 605 1718 641 Pa-

187 664 329 700 laestini
354 665 583 700 restituerant
611 665 745 712 [eique]
769 666 811 711 ¹5)
840 665 1085 712 ἀναθήματα
1104 667 1145 703 de
1163 681 1226 704 suo
1244 668 1413 714 quaedam
1431 682 1536 706 aurea
1554 669 1717 707 adhibue-

191 733 281 762 rant.
308 727 377 763 Hic
394 727 507 773 igitur
526 727 664 762 Samuel
683 740 725 763 ex
744 740 802 763 ore
818 728 1118 775 Dominiprimum
1127 731 1349 767 anathemata
1360 731 1420 767 illa
1431 732 1722 778 Palaestinorum,

187 801 287 825 arcae
322 789 526 825 Dominicae
551 802 711 836 appensa,
737 803 801 837 pro
828 790 905 825 Diis
931 791 1054 826 alienis
1081 797 1223 840 reputat
1249 797 1284 829 et
1310 793 1403 829 inter
1428 795 1521 831 idola
1546 800 1718 833 numerat.

189 849 324 885 Deinde
355 849 399 885 ad
432 849 598 885 lsraelem
631 850 682 886 ita
715 851 783 886 iam
817 851 982 887 afflictum
1015 851 1056 888 de
1081 852 1193 900 ipsius
1219 866 1238 889 a
1263 854 1476 891 Palaestinis
1501 855 1723 901 liberatione,

189 909 257 945 ait:
288 910 352 949 ubi
379 912 458 945 toto
484 910 589 946 eorde
614 914 745 954 vestro,
774 912 903 958 inquit,
930 914 1149 949 revertimini
1165 914 1207 950 ad
1226 915 1418 951 Dominum
1437 916 1563 960 Deum,
1581 918 1720 954 auferte

188 971 283 1006 Deos
308 971 439 1007 alienos
465 984 483 1007 e
510 972 622 1008 medio
649 972 759 1008 vestri
785 976 820 1008 et
845 974 1061 1020 praeparetis
1087 987 1147 1011 cor
1164 979 1323 1011 vestrum
1340 976 1383 1012 ad
1401 977 1593 1013 Dominum
1613 981 1648 1015 et
1664 979 1719 1015 illi

188 1033 255 1069 soli
280 1033 453 1069 serviatis.
492 1033 540 1069 Et
573 1037 649 1069 tum
676 1034 814 1070 demum
841 1034 1004 1071 liberabit
1029 1049 1093 1073 vos
1113 1050 1131 1073 e
1148 1050 1253 1073 manu
1271 1038 1551 1075 Palaestinorum
1572 1041 1609 1087 (1
1628 1041 1720 1078 Sam.

188 1096 221 1138 7,
246 1097 307 1142 3.).
334 1095 443 1130 quta
468 1096 531 1131 hoe
557 1096 743 1132 consilium
770 1110 789 1131 a
815 1097 950 1144 Spiritu
976 1098 1042 1133 Dei
1067 1099 1177 1145 ipsius
1195 1100 1393 1147 profectum
1412 1113 1504 1148 ergo,
1524 1102 1601 1138 Rex
1621 1102 1717 1139 Sere-

186 1160 343 1195 nissime!
372 1159 401 1195 si
427 1163 462 1195 et
489 1162 531 1195 tu
556 1160 621 1196 tibi
648 1160 843 1206 Regnoque
869 1165 933 1197 tuo
959 1162 1099 1205 metuis,
1126 1162 1169 1197 ad
1196 1163 1387 1199 Dominum
1413 1163 1479 1199 tibi
1495 1164 1664 1212 inprimis,
1684 1168 1720 1201 et

188 1221 329 1267 quidem
355 1234 427 1258 non
453 1221 644 1265 dimidiato,
671 1221 729 1258 sed
755 1221 857 1269 plane
880 1227 958 1258 toto
977 1223 1080 1259 eorde
1098 1226 1161 1259 tuo
1179 1225 1425 1260 recurrendum
1446 1237 1520 1260 esse
1537 1225 1722 1272 cogitabis,

185 1286 298 1329 utque
324 1283 358 1318 id
384 1285 420 1318 te
447 1295 527 1318 vere
553 1287 588 1318 et
614 1283 689 1318 sine
715 1283 898 1331 hypocrysi
925 1284 1036 1321 facere
1061 1285 1214 1328 testeris,
1241 1286 1294 1321 fac
1320 1285 1355 1321 id
1380 1285 1475 1331 quod
1492 1285 1547 1322 hic
1563 1285 1718 1333 Prophe-

187 1350 259 1380 tam
293 1345 490 1392 praecipere
524 1344 632 1380 vides.
684 1345 739 1380 Sic
773 1345 864 1380 enim
892 1347 938 1388 te,
965 1345 1059 1391 quod
1086 1346 1197 1382 facere
1222 1347 1336 1390 debes,
1366 1359 1448 1383 vere
1473 1350 1509 1382 et
1535 1360 1576 1383 ex
1601 1347 1717 1383 animo

189 1406 299 1442 facere
325 1406 528 1442 declarabis.
580 1407 616 1441 Si
642 1408 761 1442 antem
788 1419 858 1442 non
885 1407 1002 1450 facias,
1028 1407 1141 1443 dicere
1166 1408 1325 1455 profecto
1351 1421 1421 1444 non
1447 1409 1579 1455 poteris
1605 1422 1720 1445 coram

188 1465 299 1500 oculis
334 1464 412 1507 Dei,
448 1477 491 1500 ex
533 1467 612 1500 toto
648 1465 751 1501 corde
787 1469 850 1501 tuo
885 1465 927 1501 ad
962 1467 1076 1502 Deum
1102 1468 1233 1503 reverti
1258 1468 1359 1503 iuxta
1384 1468 1581 1515 Prophetae
1607 1469 1717 1516 scrip-

187 1531 275 1562 tum.
320 1526 388 1561 Fac
414 1526 535 1573 igitur,
562 1527 705 1573 Optime
732 1527 828 1563 Rex!
856 1540 936 1563 cum
963 1529 1035 1563 tuis
1061 1530 1275 1575 proceribus,
1302 1529 1397 1576 quod
1426 1530 1599 1566 Dominus
1625 1544 1720 1567 man-

188 1588 298 1623 davit.
341 1588 452 1623 Auser
479 1588 573 1624 Deos
599 1588 730 1624 alienos
757 1602 774 1624 e
800 1589 913 1624 medio
939 1589 1056 1636 Regni
1081 1590 1146 1633 tui,
1173 1590 1332 1637 inprimis
1359 1604 1441 1627 vero
1468 1592 1582 1628 Deum
1607 1592 1719 1636 illum,

188 1650 304 1696 Regni
336 1650 506 1697 Papistiei
539 1651 812 1697 praesidiarium,
848 1664 950 1698 quem
987 1653 1099 1688 nostri
1125 1658 1288 1700 parentes
1316 1653 1530 1701 (Prophetae
1555 1654 1721 1691 videlicet-

188 1716 223 1746 et
257 1710 437 1758 Apostoli)
470 1724 652 1758 nunquam
686 1711 818 1759 alioqui
849 1720 1104 1758 cognoverunt,
1131 1713 1409 1749 circumtonsuin
1436 1714 1576 1761 inquam
1605 1715 1719 1751 Deum

187 1772 287 1807 illum
316 1772 477 1820 Mayzim,
510 1772 546 1807 in
573 1785 644 1819 quo
671 1772 784 1808 solum
811 1774 918 1808 situm
945 1776 981 1808 et
1006 1774 1161 1821 positum
1188 1786 1289 1809 omne
1313 1774 1420 1810 robur
1445 1787 1484 1811 ac
1510 1775 1720 1821 praesidium

187 1832 381 1879 impietatis
415 1832 712 1876 antichristianae,
747 1836 783 1868 et
815 1832 881 1868 soli
915 1833 989 1868 Deo
1026 1834 1155 1869 servias
1191 1834 1227 1868 in
1262 1833 1382 1870 cultus
1409 1835 1483 1869 veri
1509 1834 1618 1870 divini
1643 1847 1719 1882 per-

190 1893 273 1929 fecti
311 1894 549 1929 restitutione.
599 1894 690 1928 Tum
723 1893 861 1929 demum
896 1897 931 1929 et
967 1895 1116 1941 teipsum
1152 1897 1188 1930 et
1223 1894 1387 1940 Regnum
1422 1898 1523 1931 tuum
1558 1895 1720 1931 liberabit

191 1956 312 2002 procul
347 1956 452 1991 dnbio
489 1956 661 1991 Dominus
687 1955 728 1991 ab
755 1955 916 1991 omnibus
953 1955 1074 1991 mundi
1100 1956 1204 1991 huius
1230 1956 1451 1992 Palaestinis.
1500 1957 1564 1993 Sed
1593 1957 1660 1992 nisi
1686 1956 1721 1992 id

189 2016 306 2059 facias,
343 2028 438 2059 cave,
463 2028 507 2051 ne
533 2016 624 2051 unde
658 2016 724 2051 tibi
758 2015 1001 2052 liberationem
1035 2016 1109 2063 ipse
1146 2017 1238 2052 forte
1262 2016 1448 2063 polliceris,
1476 2017 1557 2052 inde
1581 2017 1723 2065 potissi-

189 2090 284 2113 mum
318 2077 384 2113 tibi
417 2079 453 2113 et
487 2078 612 2123 Regno
648 2081 711 2113 tuo
746 2077 894 2113 exitium
929 2090 1094 2113 accersas.
1144 2078 1228 2113 Non
1263 2082 1316 2114 est
1343 2077 1529 2114 consilium
1555 2078 1723 2114 adversus

190 2138 392 2181 Dominum,
427 2142 462 2174 et
493 2139 726 2175 miserrimum
759 2141 813 2174 est
847 2138 1000 2185 suffugia
1034 2139 1157 2174 Divini
1183 2138 1302 2175 iudicii
1334 2141 1434 2175 extra
1461 2140 1639 2175 Christum
1666 2152 1721 2176 so-

191 2199 265 2234 lum
300 2211 478 2246 quaerere.
528 2199 616 2245 Quis
651 2206 704 2235 est
739 2201 842 2243 enim,
869 2200 930 2246 qui
957 2212 993 2235 se
1018 2199 1208 2236 abscondat
1232 2199 1275 2235 ab
1301 2200 1352 2235 ira
1377 2199 1500 2236 illius?
1547 2200 1603 2235 Ad
1629 2200 1723 2237 hunc

191 2259 304 2305 igitur
330 2260 395 2294 tibi
421 2261 457 2294 et
482 2259 623 2305 quidem
652 2261 729 2295 toto
756 2259 860 2295 corde
886 2263 950 2295 tuo
977 2260 1227 2296 aocurrendum
1254 2272 1329 2296 esse
1355 2263 1485 2304 statue,
1512 2261 1540 2296 si
1567 2273 1586 2296 a
1611 2262 1727 2297 nostri

194 2320 302 2355 seculi
338 2320 551 2356 Palaestinis
585 2321 822 2368 undequaque
854 2321 954 2357 nobis
988 2322 1261 2365 imminentibus,
1289 2322 1411 2358 debeas
1436 2322 1587 2359 liberari.
1639 2323 1724 2359 Ora·
1766 2330 1770 2333 '

193 2395 270 2417 nius
306 2394 370 2417 nos
407 2382 547 2428 quidem
589 2383 737 2426 assidue,
773 2386 815 2417 ut
850 2382 1025 2419 Dominus
1060 2383 1125 2419 tibi
1158 2383 1250 2419 adsit
1276 2384 1493 2431 consiliaque
1519 2386 1582 2420 tua
1608 2385 1723 2420 omnia

192 2445 228 2478 et
273 2455 392 2478 omnes
435 2447 515 2479 tuas
556 2444 714 2479 actiones
749 2444 886 2490 Spiritu
920 2444 1048 2480 Sancto
1083 2457 1146 2480 suo
1182 2447 1282 2491 regat
1315 2457 1354 2480 ac
1389 2444 1559 2488 fortuna,
1595 2445 1655 2480 sed
1689 2446 1726 2480 et

191 2504 256 2539 tibi
289 2517 431 2551 qnoque
462 2505 530 2552 ipsi
561 2505 808 2551 praestandum
842 2509 906 2548 est,
933 2518 976 2541 ne
1001 2509 1143 2542 nostrae
1168 2519 1230 2553 pro
1258 2510 1292 2542 te
1326 2519 1445 2552 preces
1479 2518 1588 2541 vanae
1613 2508 1722 2552 atque

192 2565 312 2600 inanes
347 2565 385 2600 in
419 2572 610 2612 conspectu
646 2566 789 2601 Domini
824 2566 890 2601 Dei
923 2567 1037 2602 nostri
1070 2567 1167 2603 fiant.
1218 2567 1372 2603 Proinde
1409 2570 1444 2602 et
1478 2569 1514 2602 te
1548 2565 1723 2613 supplices

193 2638 343 2668 oramus,
383 2626 461 2661 Rex
496 2626 793 2662 Clementissime!
827 2627 869 2662 ad
905 2639 945 2662 ea
978 2631 1020 2662 ut
1054 2628 1207 2662 animuin
1234 2631 1337 2663 tuum
1363 2628 1398 2663 in
1424 2627 1550 2663 timore
1577 2627 1720 2662 Domini

194 2689 273 2721 toto
298 2686 401 2722 eorde
427 2690 491 2722 tuo
522 2686 589 2722 iam
625 2686 729 2722 semel
755 2687 945 2734 aliquando
971 2687 1120 2724 adiicere
1146 2688 1245 2731 velis,
1272 2701 1362 2746 quae
1389 2688 1578 2724 Dominum
1606 2687 1721 2723 Deum

191 2750 296 2780 tuum
328 2747 388 2781 abs
421 2750 457 2782 te
493 2747 529 2782 in
563 2747 786 2794 praecellenti
819 2749 887 2783 ista
922 2749 1107 2784 vocatione
1140 2749 1236 2795 regia
1267 2750 1446 2796 requirere
1472 2761 1541 2784 non
1568 2748 1721 2795 ignoras.

193 2806 302 2842 Vides
338 2819 508 2853 quaenam
543 2808 616 2844 sint
650 2811 820 2856 tempora,
853 2809 915 2855 qui
948 2821 1071 2853 mores,
1104 2822 1195 2856 quae
1220 2810 1398 2846 hominum
1425 2809 1575 2855 ingenia.
1625 2809 1723 2845 Haec

196 2872 233 2905 te
266 2880 347 2905 sane
380 2869 497 2905 omnia
522 2869 648 2906 merito
674 2870 728 2906 tui
754 2870 857 2907 officii
881 2871 968 2917 regii
993 2871 1287 2908 commonefacere
1312 2870 1480 2906 deberent
1509 2870 1565 2918 ¹⁶).
1615 2870 1719 2919 Igno-
