1830 3147
1501 122 1573 159 203

44 246 179 272 nomen
216 237 322 271 tuum
359 231 592 270 adorandum
631 231 668 270 in
708 235 815 270 coetu
853 231 924 269 boc
952 235 1080 270 nostro
1109 244 1192 270 cum
1220 232 1358 282 gaudio
1387 232 1572 270 celebrare

44 300 244 351 possimus.
298 298 380 336 Nos
407 297 555 348 quidem
583 297 732 347 indigni
759 310 887 336 sumus
914 311 1009 349 quos
1036 301 1078 336 tu
1105 298 1249 344 audias,
1277 299 1386 337 Pater
1413 299 1572 337 sanctis·

45 363 151 401 sime!
195 362 259 414 qui
293 367 330 400 te
363 361 504 413 alioqui
539 361 700 399 assiduis
738 363 849 411 (353)
885 362 1025 400 nostris
1052 363 1214 413 peccatis
1240 363 1444 402 irritamus.
1499 364 1573 401 Sed

45 431 85 464 tu
113 439 159 464 ne
185 426 276 463 velis
303 438 372 463 nos
399 424 500 475 ipsos
528 425 565 462 in
594 425 705 462 nobis
732 425 882 464 intueri.
917 425 1071 463 Intuere
1098 432 1219 464 autem
1249 426 1426 465 dilectum
1453 427 1572 465 filium

45 497 164 536 tuum,
196 503 306 542 quem
339 490 378 527 in
417 494 526 540 caput
563 495 733 527 nostrum
762 491 874 541 inque
901 490 1124 529 advocatum
1151 492 1363 542 pontificem
1393 492 1571 531 mediato·

46 569 123 593 rem
152 568 195 592 ac
221 554 509 606 propiciatorem
539 558 708 592 nostrum
737 568 804 605 pro
832 560 896 592 tua
914 555 1170 593 misericordia
1188 556 1429 595 constituisti.
1458 557 1576 594 Hunc

45 620 181 671 ipsum,
217 631 454 670 quaesumuS,
489 618 693 669 mortisque
730 632 817 656 suae
852 632 919 670 pro
957 619 1066 657 nobis
1103 620 1276 657 meritum
1314 621 1507 672 nostrique
1534 621 1572 660 in

49 684 230 734 sanguine
274 684 375 721 illius
417 684 711 735 acceptationem
749 684 1041 722 misericorditer
1077 685 1235 731 intuere,
1268 691 1304 723 et
1338 699 1385 724 ne
1420 687 1573 738 patiaris

44 748 396 786 innocentissimum
431 748 500 786 filii
536 749 592 786 tui
630 750 851 798 sanguinem
887 762 954 800 pro
994 750 1065 787 hoc
1090 750 1206 788 fratre
1234 755 1361 787 nostro
1389 750 1574 802 impoeni-

48 821 148 853 tente
182 814 366 865 nobisque
403 814 540 865 pariter
579 814 753 852 omnibus
800 815 937 859 fusum,
975 816 1135 852 Satanae
1172 804 1268 852 dolis
1304 828 1347 853 ac
1375 817 1575 865 tyrannide

45 879 249 932 profanari.
279 879 427 917 Inclina
455 892 561 917 aures
587 884 672 917 tuae
699 879 989 925 misericordiae,
1016 880 1125 917 Pater
1147 880 1498 919 beneficentissime!
1528 881 1573 918 ad

46 945 173 996 populi
211 944 317 982 huius
354 944 409 982 tui
445 957 583 995 preces,
619 957 753 981 nomen
791 951 964 981 sanctum
991 949 1093 982 tuum
1125 958 1233 996 super
1261 946 1376 983 fratre
1404 946 1475 983 hoc
1501 947 1575 983 im-

46 1010 258 1061 poenitente
285 1022 368 1046 cum
397 1009 499 1046 luctu
525 1009 751 1053 invocantis,
777 1016 819 1046 ut
846 1014 910 1046 tuo
940 1009 1119 1047 beneficio
1141 1014 1292 1048 sanetur
1310 1011 1446 1060 potius,
1464 1024 1575 1062 quam

46 1074 84 1111 in
121 1079 311 1112 aeternum
352 1074 545 1111 interitum
584 1085 604 1109 a
642 1086 794 1123 corpore
829 1080 895 1111 tuo
932 1074 1186 1112 abscindatur.
1242 1075 1286 1112 Id
1326 1089 1410 1113 vero
1447 1076 1577 1114 abste

46 1139 203 1190 petimus
240 1138 376 1176 fiducia
413 1138 545 1189 capitis
574 1151 617 1175 ac
644 1138 862 1176 mediatoris
890 1139 1010 1176 nostri
1039 1139 1180 1177 Christi
1207 1140 1305 1186 Iesu,
1333 1140 1437 1179 iuxta
1467 1154 1573 1192 prae-

47 1203 224 1255 scriptum
253 1203 362 1241 nobis
390 1204 436 1240 ab
466 1203 547 1254 ipso
577 1203 748 1240 modum:
795 1203 904 1241 Pater
932 1207 1071 1246 noster,
1098 1205 1196 1243 etc''.

97 1334 223 1372 Finita
264 1335 331 1372 hac
360 1334 572 1385 precatione
601 1334 777 1372 observat
805 1334 1060 1380 Ecclesiastes,
1088 1348 1177 1372 num
1205 1336 1320 1373 frater
1348 1336 1409 1373 ille
1436 1336 1576 1387 impoe-

48 1400 169 1439 nitens
197 1400 352 1451 prodeat
379 1400 427 1437 ad
456 1399 619 1437 dandum
647 1400 799 1451 aliquod
827 1400 1010 1437 indicium
1030 1414 1117 1438 suae
1137 1400 1428 1452 resipiscentiae.
1465 1401 1576 1440 Quod

48 1464 78 1502 si
106 1465 182 1510 fiat,
209 1463 456 1502 Ecclesiastes
483 1464 590 1501 illum
617 1464 663 1502 ad
691 1464 854 1515 reliquos
887 1464 1082 1503 Ministros
1111 1479 1154 1503 ac
1182 1466 1356 1504 Seniores
1385 1471 1420 1504 et
1442 1467 1579 1504 Diaco-

49 1530 229 1577 (354)nos
257 1528 432 1566 accedere
457 1529 562 1566 iubet
587 1529 625 1566 in
656 1535 858 1580 conspectu
884 1529 1001 1567 totius
1029 1531 1230 1577 Ecclesiae,
1257 1535 1298 1570 ut
1324 1532 1399 1569 illis
1419 1537 1579 1570 mentem

47 1597 159 1644 atque
198 1593 415 1631 institutum
451 1606 558 1631 suum
595 1598 770 1645 exponat,
805 1594 934 1645 illique
970 1598 1050 1632 eu'm
1089 1596 1245 1634 audiant
1271 1599 1308 1634 et
1337 1599 1445 1634 notas
1474 1609 1580 1635 verae

47 1659 85 1696 in
119 1658 185 1695 illo
222 1659 470 1709 poenitentiae
511 1659 720 1697 observent.
776 1660 882 1697 Quas
911 1659 942 1696 si
971 1659 1143 1704 viderint,
1171 1674 1248 1699 rem
1275 1674 1362 1699 mox
1392 1661 1579 1700 Ecclesia-

48 1730 124 1761 stae
159 1723 199 1760 in
236 1729 415 1773 suggesto
452 1723 568 1761 stanti
605 1724 787 1770 indicant,
813 1729 856 1761 ut
883 1725 1222 1763 excommunicatio
1252 1725 1452 1765 differatur.
1507 1727 1580 1765 Ec·

48 1786 308 1836 clesiastesque
343 1786 383 1822 id
419 1790 539 1824 totum
579 1786 768 1824 Ecclesiae
804 1786 876 1838 ipsi
903 1788 1071 1838 exponit,
1098 1788 1273 1840 illamque
1302 1789 1348 1827 ad
1375 1790 1580 1840 gratiarum

48 1850 234 1888 actionem
269 1864 336 1901 pro
372 1851 499 1888 fratris
535 1851 817 1902 impoenitentis
854 1853 1110 1903 resipiscentia
1139 1853 1371 1893 adhortatur.
1426 1854 1580 1893 Publica

48 1918 170 1952 autem
197 1915 325 1952 fratris
352 1915 453 1952 illius
479 1915 710 1966 poenitentia
737 1916 777 1953 in
806 1916 909 1954 aliud
936 1920 1080 1968 tempus
1110 1917 1288 1964 differtur,
1315 1924 1368 1963 ut,
1387 1919 1580 1970 quodiam

47 1979 249 2023 statuisset,
285 1979 410 2016 animo
450 1980 542 2017 bene
580 1980 786 2018 deliberato
821 1994 932 2031 reque
968 1986 1047 2019 tota
1085 1982 1178 2019 bene
1206 1996 1361 2020 excussa
1389 1983 1502 2021 faciat
1529 1984 1576 2021 ad

49 2043 223 2080 maiorem
261 2043 451 2081 Ecclesiae
486 2043 795 2089 aedificationem,
824 2049 1082 2096 praeterquam
1121 2046 1151 2083 si
1187 2046 1239 2084 ita
1284 2048 1479 2084 manifesta
1516 2048 1578 2085 det

48 2107 154 2156 signa
192 2120 299 2144 verae
334 2108 624 2158 resipiscentiae,
660 2113 700 2146 ut
736 2122 885 2147 omnem
914 2110 1067 2147 omnino
1095 2111 1233 2149 tollant
1261 2111 1305 2149 de
1331 2112 1396 2149 illa
1425 2113 1575 2149 dubita-

48 2171 200 2209 tionem.
255 2171 349 2208 Tum
388 2173 486 2210 enim
523 2173 671 2223 publica
700 2174 777 2211 eius
806 2175 953 2212 auditur
982 2175 1210 2225 poenitentia
1239 2189 1259 2212 a
1286 2181 1365 2213 tota
1396 2176 1576 2217 Ecclesia.

45 2235 129 2272 loco
173 2234 369 2272 institutae
405 2237 820 2276 excommunicationis.
875 2238 1021 2289 Illeque
1062 2240 1205 2289 culpam
1243 2253 1390 2277 omnem
1428 2241 1577 2291 publice

48 2299 219 2348 agnoscit
256 2313 299 2336 ac
328 2300 544 2350 deprecatur
572 2302 669 2352 apud
699 2307 812 2339 totam
843 2302 1062 2347 Ecclesiam,
1090 2311 1125 2341 et
1152 2305 1293 2354 peccati
1321 2311 1356 2342 et
1385 2312 1576 2357 contemp-

46 2370 106 2400 tus
135 2364 274 2414 pariter
309 2368 385 2400 tam
424 2364 590 2402 diuturni
627 2366 794 2403 omniurn
831 2366 930 2416 apud
969 2380 1007 2405 se
1042 2368 1226 2405 factarum
1263 2368 1577 2413 admonitionum,

47 2440 112 2478 pro
147 2441 190 2466 eo
228 2441 271 2465 ac
305 2441 370 2480 per
409 2429 660 2468 Ecclesiasten
696 2431 822 2468 onmia
859 2437 1007 2470 narrata
1035 2432 1198 2470 fuerunt.
1255 2432 1468 2484 Omniaque
1495 2440 1575 2472 tuin

48 2491 195 2529 demum
232 2492 279 2529 ad
320 2506 402 2530 eum
434 2494 584 2531 modum
614 2495 722 2539 fiunt,
749 2495 793 2533 ad
823 2508 931 2546 quem
959 2497 1111 2534 modum
1141 2498 1185 2534 de
1212 2498 1359 2547 publica
1387 2499 1572 2549 lapsorum

48 2557 275 2608 poenitentia
302 2558 341 2595 in
371 2559 625 2609 superioribus
653 2560 821 2611 exposita
852 2561 1044 2605 habentur,
1082 2564 1180 2599 facto
1218 2562 1326 2601 initio
1365 2564 1411 2600 ab
1439 2577 1482 2601 ea
1508 2564 1575 2602 ad-

47 2621 398 2669 moniti-(355)one,
425 2637 518 2673 quae
547 2624 592 2660 ad
620 2624 763 2675 lapsum
793 2638 835 2662 ac
862 2625 1113 2676 poenitentem
1141 2626 1293 2664 fratrem
1318 2627 1475 2666 habetur
1494 2637 1577 2680 post

48 2685 125 2722 eius
154 2686 436 2725 confessionem.

100 2750 139 2786 Si
171 2755 292 2788 autem
321 2752 436 2789 frater
461 2752 525 2790 ille
551 2753 798 2804 impoenitens
826 2767 946 2805 neque
972 2755 1096 2805 prodit
1124 2755 1214 2806 ipse,
1243 2769 1363 2808 neque
1389 2770 1453 2807 per
1480 2757 1574 2795 alios

47 2813 162 2851 ullam
198 2814 261 2852 dat
296 2815 573 2866 resipiscentiae
609 2817 934 2866 significationem,
969 2824 1048 2857 tum
1076 2820 1319 2860 Ecclesiastes
1347 2823 1476 2873 paucis
1504 2823 1574 2861 ob-

46 2877 283 2916 stinationem
318 2879 443 2918 fratris
479 2881 579 2919 illius
612 2882 890 2933 impoenitentis
927 2885 1024 2936 apud
1070 2885 1277 2924 Ecclesiam
1316 2888 1498 2939 deplorat,
1537 2894 1574 2926 et
