1830 3147
159 87 220 135 [A.
247 85 292 122 D.
319 85 428 133 1555]
894 82 963 121 714

157 193 190 233 N
196 195 223 231 ο.
248 192 329 229 109.
1278 189 1386 236 [Ρηειη.
1404 193 1510 229 1Forma
1527 202 1554 224 ac
1568 187 1675 234 rali0.'']

736 251 792 289 Ad
818 251 1102 288 Srersmunnom.

314 377 463 423 Legitur
487 389 527 413 ea
552 375 605 412 ed.
631 377 742 412 nostr.
768 375 866 411 Tom.
894 373 946 409 ΙΙ.
973 373 1101 408 3-36.
1127 372 1221 408 Data
1246 372 1266 407 6
1293 371 1387 419 Sept.
1415 372 1518 406 1555.

155 578 220 615 ΝΟ.
247 578 328 615 110.
1347 574 1381 619 [G
1393 586 1403 606 e
1414 575 1458 608 rd.
1469 585 1489 608 s.
1505 585 1528 608 a.
1541 574 1593 611 ll'ss,
1607 571 1680 616 lou]

731 633 789 670 Ad
813 634 1106 671 Burrus-osam.

203 761 326 798 Tantis
358 771 451 796 nunc
484 757 613 795 obruor
647 756 945 804 occupationibuS,
978 757 1031 792 vir
1066 756 1299 792 sanctissime!
1336 758 1378 792 ut
1414 767 1502 803 quae
1534 755 1681 791 maxime

157 823 280 861 vellem
313 822 379 859 tibi
411 821 552 868 cognita
586 832 671 863 esse,
705 832 744 855 ea
777 819 845 855 iam
879 818 1090 867 perscribere
1114 818 1158 855 ad
1182 821 1218 854 te
1244 831 1315 854 non
1340 817 1479 866 possim,
1506 818 1565 854 sed
1589 817 1684 854 intra

157 885 230 922 dies
256 884 393 931 aliquot
419 883 462 918 ad
488 882 681 930 Martyrem
709 880 868 923 scribam,
895 883 931 916 et
957 883 1033 915 tum
1060 893 1202 927 quoque
1225 879 1268 916 ad
1294 883 1330 915 te
1356 879 1466 927 plura.
1507 879 1683 916 Libellum

156 960 176 983 a
201 960 255 984 me
280 958 373 982 nunc
398 945 549 993 primum
575 943 708 979 editum
735 941 802 978 tibi
826 942 931 978 mitto
956 945 998 978 ut
1023 941 1117 989 legas
1143 945 1179 979 et
1204 941 1336 979 iudices
1364 943 1404 989 ¹).
1456 941 1682 989 Westphalus

156 1009 192 1045 in
220 1008 404 1045 Calvinum
430 1006 570 1053 scripsit
587 1007 617 1052 2)
644 1004 934 1041 virulentissime:
961 1006 1096 1050 partem
1120 1003 1230 1040 libelli
1257 1004 1422 1051 percurri,
1447 1006 1581 1051 partem
1599 1017 1684 1040 non-

156 1069 238 1106 dum
267 1069 404 1106 vacavit
429 1067 617 1116 perlegere,
642 1065 702 1102 sed
727 1067 856 1114 putant
882 1064 1025 1112 quidam
1050 1065 1112 1111 qui
1137 1064 1299 1111 legerunt
1325 1071 1360 1101 et
1386 1064 1533 1101 Calvino
1552 1065 1684 1109 favent,

156 1144 296 1168 necesse
322 1143 408 1174 esse,
434 1134 478 1165 ut
504 1129 672 1165 Calvinus
697 1127 888 1163 calumnias
912 1126 1010 1162 illius
1035 1139 1096 1174 per
1121 1126 1273 1174 aliquam
1299 1127 1513 1163 occasionem
1539 1127 1684 1170 refutet,

156 1207 227 1230 non
263 1193 402 1241 quidem
436 1194 478 1228 ut
511 1189 630 1226 libello
666 1189 832 1237 peculiari
867 1187 986 1235 aliquo
1023 1188 1243 1235 respondeat,
1278 1188 1337 1224 sed
1372 1190 1414 1223 ut
1446 1187 1540 1224 aliud
1576 1200 1683 1234 agens

158 1255 271 1292 obiter
306 1252 503 1301 Westphali
534 1251 724 1288 calumnias
751 1250 824 1286 sine
850 1250 990 1285 nomine
1015 1248 1203 1293 convellat,
1233 1249 1435 1296 praesertim
1461 1249 1521 1284 ubi
1546 1248 1684 1285 Calvini

157 1317 266 1365 ipsius
293 1315 407 1352 verbis
434 1314 620 1350 Calvinum
645 1324 800 1360 premere
825 1314 985 1347 conatur.

203 1377 315 1414 Filius
341 1378 426 1412 tuus
450 1374 627 1410 Henricus
652 1372 753 1409 nobis
778 1372 892 1407 adfuit
927 1384 1007 1407 cum
1032 1370 1096 1406 Ph.
1123 1369 1380 1406 Melanchtonis
1405 1382 1510 1417 gener
1537 1371 1565 1417 ³)
1592 1370 1684 1417 apud

156 1452 210 1475 me
236 1443 337 1475 esset.
379 1437 475 1473 Huic
499 1436 599 1471 illum
626 1434 735 1481 igitur
760 1433 904 1470 adiunxi
931 1438 1086 1479 suntque
1103 1444 1173 1467 una
1189 1431 1257 1467 iam
1278 1431 1514 1479 Witebergam
1534 1433 1684 1479 profecti

157 1514 237 1537 cum
270 1512 345 1536 mea
376 1499 419 1534 ad
451 1497 653 1545 Philippum
688 1495 1000 1532 commendatione.
1051 1494 1199 1540 Magnae
1232 1496 1316 1529 sunt
1350 1497 1386 1530 et
1411 1494 1503 1530 iuter
1529 1495 1685 1532 Saxones

157 1563 251 1611 ipsos
282 1561 407 1598 turbae
440 1559 535 1607 quod
568 1558 610 1594 ad
645 1557 838 1594 doctrinam
863 1556 1005 1599 attinet,
1039 1568 1129 1602 quae
1164 1567 1217 1591 res
1244 1555 1336 1591 forte
1364 1555 1477 1599 faciet,
1504 1559 1546 1592 ut
1573 1557 1683 1594 Wite-

158 1624 343 1670 bergenses
369 1621 468 1657 nobis
493 1620 675 1667 aliquanto
700 1618 883 1665 aequiores
910 1616 1064 1652 habituri
1089 1616 1212 1652 simus.

204 1685 280 1721 Nos
314 1684 368 1720 hic
401 1683 468 1719 iam
501 1681 620 1717 divino
655 1679 820 1716 beneficio
853 1678 1072 1714 Flaudricam
1098 1690 1241 1724 quoque
1266 1677 1458 1714 Ecclesiam
1484 1678 1685 1726 impetravi-

158 1759 245 1789 mus,
279 1744 322 1781 ad
355 1757 459 1792 quam
485 1741 740 1778 instituendam
766 1739 961 1776 Micronius
987 1742 1106 1775 noster
1132 1739 1200 1774 huc
1225 1738 1268 1774 ad
1294 1751 1347 1774 me
1373 1751 1415 1774 ex
1440 1738 1551 1775 Frisia
1577 1740 1687 1780 venit,

159 1805 336 1842 rediturus
372 1806 489 1839 tamen
525 1814 646 1838 rursus
680 1801 716 1836 in
741 1799 888 1835 Frisiam
918 1800 945 1846 ι)
980 1800 1062 1846 post
1087 1798 1296 1834 institutum
1329 1798 1504 1835 Ecclesiae
1529 1799 1685 1836 ministe-

162 1866 264 1909 rium,
296 1865 338 1901 ad
375 1876 479 1911 quem
510 1862 651 1898 modum
688 1861 726 1897 in
751 1861 879 1908 Anglia
905 1860 1113 1895 institutum
1139 1859 1359 1896 habebamus.
1407 1858 1544 1906 Estque
1569 1872 1689 1895 revera

162 1928 284 1974 ingens
317 1925 383 1962 Dei
415 1924 630 1967 beneficium,
664 1922 759 1969 quod
785 1922 839 1958 hic
865 1925 937 1958 tam
963 1921 1063 1957 nobis
1090 1920 1264 1957 faventem
1290 1920 1542 1967 Magistratum
1567 1921 1688 1958 habea-

162 2001 249 2024 mus.
291 1987 402 2024 Plura
425 1986 492 2022 iam
519 1997 590 2021 non
616 1996 758 2032 possum
784 1996 844 2030 per
870 1981 1037 2029 temporis
1062 1981 1224 2029 inopiam.
1262 1981 1474 2018 Commendo
1501 1994 1555 2018 me
1579 1982 1687 2030 preci-

163 2050 226 2086 bus
253 2050 380 2085 vestris
405 2047 669 2094 diligentissime
695 2050 730 2081 et
756 2045 882 2080 fratres
908 2044 988 2080 istic
1014 2056 1132 2080 omnes
1160 2043 1406 2079 officiosissime
1424 2043 1557 2080 salvere
1575 2044 1688 2081 iubeo,

164 2109 306 2157 Raptim
330 2106 574 2143 Francsordiae
601 2106 643 2141 19
670 2103 882 2152 Septembris
908 2104 1012 2139 1555.

210 2168 406 2205 Micronius
431 2166 578 2203 multam
603 2165 702 2202 vobis
728 2165 808 2201 istic
834 2164 996 2201 omnibus
1022 2163 1172 2199 salutem
1197 2162 1348 2200 adscribi
1374 2162 1499 2199 voluit.

1036 2225 1199 2262 IoANNEs
1225 2225 1246 2260 a
1269 2224 1403 2268 Lisco,
1428 2238 1472 2261 m.
1499 2237 1551 2273 pr.

210 2315 233 2353 ¹)
257 2314 306 2344 Sc.
341 2338 357 2350 „
373 2313 484 2343 Forma
518 2322 555 2342 ac
585 2310 698 2346 rutio’',
723 2309 773 2341 ed.
795 2309 876 2340 Frft.
903 2309 993 2340 1555.
1037 2309 1064 2347 ²)
1089 2309 1294 2340 WESTPHALl
1322 2309 1517 2339 Ooc'lectarzea
1541 2308 1626 2340 spat,
1651 2308 1691 2339 l).

165 2368 336 2410 Auyustz'ni
357 2368 397 2399 de
423 2369 522 2399 Coena
547 2366 640 2397 Dom.
662 2364 786 2395 Ratisb.
810 2364 900 2395 1555.
945 2365 971 2403 ³)
996 2364 1135 2394 Sabinus.
1179 2364 1207 2403 ¹²)
1231 2363 1357 2395 Nordac
1380 2367 1489 2405 pastor
1511 2366 1588 2395 erat.

167 2574 230 2610 No.
258 2575 337 2611 111.
622 2572 735 2620 [lulogr.
750 2574 810 2608 Bibl.
824 2577 879 2608 nnc.
892 2576 958 2607 Gom.
969 2575 983 2604 A
1011 2574 1108 2608 40:⁰³.st
1125 2571 1481 2612 Fraacf.ng!1.ll.4237,(iord,
1498 2585 1520 2603 ο.
1533 2573 1546 2603 l.
1565 2567 1609 2604 Μ’.
1624 2568 1693 2615 Tul]

779 2692 833 2728 Ad
861 2694 1077 2729 Ciminum.

214 2813 302 2848 Cum
338 2814 493 2860 proxime
524 2814 566 2850 ad
602 2818 637 2850 te
671 2814 867 2856 scriberem,
902 2813 954 2848 vir
988 2813 1223 2848 sanctissime!
1261 2811 1400 2847 vixdum
1437 2809 1573 2844 litteras
1605 2821 1696 2844 meas

164 2874 391 2924 absolveram,
426 2887 504 2917 cum
541 2888 594 2918 nie
626 2874 766 2918 morbus
801 2887 943 2917 rursum
976 2886 1072 2910 meus
1098 2874 1148 2912 ita
1173 2873 1376 2924 corriperet,
1402 2873 1444 2907 ut
1470 2882 1540 2906 non
1566 2869 1691 2917 possim
