1830 3147
1600 150 1646 188 95

106 263 165 302 bis
210 263 249 302 in
291 275 389 302 anno
435 262 607 314 quolibet
656 267 692 300 et
734 262 774 301 in
819 262 918 300 libro
954 262 1002 300 ad
1037 262 1076 300 id
1112 262 1291 314 peculiari
1337 262 1648 302 conscribuntur:

110 343 243 380 nempe
279 329 412 366 ultima
451 327 648 365 Dominica
687 329 823 366 mensis
863 327 1058 366 Februarii
1093 333 1129 365 et
1164 342 1310 366 rursum
1349 328 1480 366 ultima
1517 327 1649 365 Domi-

112 393 196 431 nica
225 393 364 431 mensis
393 393 556 442 Augusti
583 396 669 443 post
697 394 910 431 absolutam
937 406 1091 444 prorsus
1120 393 1414 444 pomeridianam
1442 399 1477 432 et
1497 394 1650 431 concio-

109 472 195 496 nem
239 458 471 496 etmaioris
519 458 734 495 catechismi
780 458 1082 509 explicationem,
1128 458 1172 496 de
1217 473 1290 509 quo
1327 464 1454 510 postea
1493 459 1649 499 dicetur.

110 524 216 562 Quae
254 537 343 560 sane
379 536 436 560 res
476 523 641 560 continet
677 523 717 560 in
754 523 874 561 officio
911 527 1085 574 parentes
1122 536 1264 567 omnes,
1300 524 1372 561 nisi
1410 537 1532 562 coram
1570 528 1650 562 tota

111 588 279 626 Ecclesia
316 588 464 638 publice
501 588 547 625 ad
576 593 780 625 extremum
809 588 1029 639 reprehendi
1057 587 1185 626 velint.
1241 587 1408 626 Ministri
1435 589 1533 626 enim
1563 589 1651 627 dum

108 666 308 705 puerorum
342 653 495 690 nomina
532 653 577 690 ad
616 667 698 691 eum
736 652 890 691 modum
919 656 1071 690 censent
1098 658 1134 690 et
1163 654 1419 700 conscribunt,
1445 654 1555 692 facile
1582 654 1652 691 ob-

108 723 256 756 servant
293 731 420 756 eorum
457 722 642 769 parentes,
670 732 758 756 num
790 719 846 756 vel
873 718 913 755 iu
942 717 1170 755 deducendis
1196 718 1284 765 illis,
1314 719 1371 756 vel
1399 720 1511 757 etiam
1539 720 1651 758 insti-

108 782 272 829 tuendis,
301 796 422 829 suum,
451 786 491 820 ut
520 783 668 829 debent,
707 783 867 820 officium
895 787 1097 833 praestent.
1139 782 1189 821 Et
1218 783 1249 820 si
1276 797 1371 834 quos
1399 785 1651 834 negligentio-

106 861 165 885 res
202 847 341 893 vident,
377 847 536 898 primurn
575 847 660 884 illos
697 847 776 885 eius
803 847 855 884 rei
886 846 1107 885 admonent:
1146 847 1280 885 deinde
1319 861 1416 895 vero,
1456 849 1486 886 si
1516 863 1571 887 res
1598 850 1652 888 ita

107 913 280 964 postulet,
309 912 412 950 iuxta
441 911 580 961 gradus
610 911 840 962 Disciplinae
868 911 979 949 etiam
1009 911 1294 950 Ecclesiasticae
1317 913 1606 963 reprehendunt.

159 977 260 1015 Quia
299 989 384 1014 vero
423 982 550 1014 nostra
589 976 759 1013 Ecclesia
797 989 861 1027 per
896 980 1016 1014 totam
1052 976 1185 1014 urbem
1221 976 1273 1014 ita
1311 983 1364 1015 est
1403 978 1583 1029 dispersa,
1609 984 1651 1018 ut

108 1055 238 1079 omnes
273 1041 384 1079 simul
423 1041 611 1078 Ecclesiae
638 1041 754 1079 totius
781 1041 886 1092 pueri
923 1040 1118 1078 commode
1154 1041 1359 1079 examinari
1388 1056 1464 1080 non
1492 1044 1650 1094 possint,

107 1107 316 1145 Ecclesiam
360 1110 477 1144 totam
523 1107 561 1143 in
608 1110 683 1144 tres
718 1106 1045 1157 prae-(91)cipuas
1080 1111 1204 1157 partes
1239 1107 1420 1157 quasdam
1456 1109 1651 1159 partimur.

106 1172 230 1210 Prima
268 1185 332 1209 eos
370 1172 643 1223 complectitur,
671 1172 736 1222 qui
762 1172 861 1209 ultra
888 1176 1044 1222 pontem
1072 1171 1355 1210 Londinensem
1391 1173 1430 1211 in
1470 1174 1562 1220 vico,
1592 1175 1651 1212 cui

110 1249 245 1274 nomeu
274 1240 329 1274 est
358 1236 609 1282 Southwerke‚
639 1236 824 1274 habitant.
880 1237 1009 1274 Altera
1048 1249 1110 1274 eos
1148 1249 1288 1283 omnes,
1327 1237 1391 1289 qui
1429 1237 1520 1276 citra
1555 1252 1652 1290 pon-

106 1305 193 1345 tem,
231 1305 334 1338 extra
370 1300 517 1338 moenia
555 1305 591 1338 et
618 1305 745 1351 portas
784 1301 885 1338 urbis
924 1301 1213 1352 circumquaque
1250 1301 1404 1351 degunt.
1459 1303 1652 1342 Postrema

108 1379 193 1404 vero
230 1379 316 1417 pars
350 1379 413 1404 eos
449 1379 578 1403 omnes
620 1366 893 1417 complectitur,
927 1367 991 1417 qui
1028 1367 1128 1404 intra
1153 1371 1281 1418 portas
1309 1372 1345 1405 et
1372 1369 1519 1406 moenia
1546 1369 1652 1407 urbis

110 1430 269 1469 ubilibet
290 1431 479 1468 domicilia
510 1444 575 1468 sua
605 1430 756 1468 habent.
790 1431 898 1468 quta
927 1430 1025 1468 hanc
1053 1431 1168 1481 igitur
1189 1431 1379 1470 Ecclesiae
1396 1433 1651 1484 partitionem,

109 1496 213 1547 pueri
253 1509 393 1542 omnes,
433 1496 608 1547 quintum
645 1496 895 1546 superegressi
923 1510 1077 1541 annum,
1105 1510 1245 1541 eorum,
1272 1497 1334 1548 qui
1363 1497 1402 1535 in
1432 1498 1651 1537 Southwerk

110 1560 293 1605 habitant,
323 1561 362 1597 in
400 1560 522 1597 medio
561 1560 749 1598 Ecclesiae
777 1565 883 1598 coetu
913 1573 1036 1598 coram
1068 1561 1254 1599 Ministris
1282 1562 1468 1601 sistuntur
1494 1578 1559 1615 per
1585 1579 1652 1616 pa-

110 1631 233 1662 rentes
270 1624 449 1675 ipsorum,
479 1629 542 1662 aut
569 1625 633 1675 qui
661 1629 858 1675 parentum
884 1625 968 1662 loco
998 1629 1095 1672 sunt,
1123 1626 1255 1664 ultima
1287 1626 1485 1666 Dominica
1512 1630 1652 1669 mensis

109 1689 305 1727 Februarii
341 1690 568 1740 nominaque
603 1689 755 1727 illorum
781 1689 821 1727 in
852 1690 1023 1739 catalogo
1054 1691 1354 1731 conscribuntur.
1411 1694 1535 1732 Prima
1565 1709 1651 1733 vero

112 1754 313 1792 Dominica
351 1753 481 1791 Martii
517 1753 666 1804 publice
694 1754 967 1792 examinantur.
1025 1754 1103 1793 Qui
1131 1769 1217 1793 vero
1248 1756 1339 1794 citra
1366 1763 1520 1808 pontem
1548 1765 1652 1798 extra

110 1823 236 1870 portas
273 1822 309 1856 et
345 1819 493 1856 moenia
521 1819 626 1856 urbis
656 1819 935 1870 circunquaque
963 1819 1147 1863 habitant,
1178 1820 1215 1858 hi
1241 1835 1377 1872 pueros
1405 1836 1492 1861 suos
1521 1837 1652 1863 omnes

110 1896 219 1920 sexus
246 1883 442 1933 utriusque
468 1883 507 1920 in
535 1882 724 1934 praedicta
753 1887 872 1921 aetate
900 1884 1138 1931 constitutos,
1165 1885 1297 1923 ultima
1325 1886 1524 1926 Dominica
1547 1889 1651 1928 Mar-

109 1947 153 1985 tii
179 1947 226 1984 ad
254 1947 413 1984 eundem
440 1947 605 1994 modum,
632 1951 674 1984 ut
702 1947 844 1985 dictum
872 1951 939 1991 est,
976 1948 1129 1993 sistunt,
1155 1949 1220 2000 qui
1247 1951 1367 2001 prima
1394 1952 1542 1991 demum
1573 1954 1652 1992 Do-

111 2012 249 2049 minica
277 2012 418 2063 Aprilis
445 2012 594 2063 publice
627 2013 901 2052 examinantur.
955 2014 1012 2051 Ac
1040 2027 1188 2052 rursum
1216 2016 1281 2066 qui
1299 2016 1415 2055 'intra
1451 2024 1579 2069 portas
1617 2025 1652 2059 et

112 2076 257 2113 moenia
293 2076 396 2113 urbis
432 2077 592 2114 ubilibet
629 2077 815 2121 habitant,
852 2077 901 2123 hi,
939 2082 978 2115 ut
1014 2078 1088 2116 iam
1118 2079 1260 2117 dictum
1298 2085 1364 2131 est,
1401 2095 1534 2133 pueros
1563 2098 1650 2124 suos

113 2153 238 2178 coram
268 2140 454 2178 Ministris
483 2141 674 2179 Ecclesiae
701 2142 851 2192 publice
879 2142 1028 2186 sistunt,
1057 2143 1190 2181 ultima
1213 2144 1520 2194 Domini-(92)ca
1539 2151 1653 2201 Apri-

113 2206 171 2252 lis,
199 2210 241 2243 ut
268 2205 387 2256 prima
420 2205 613 2243 Dominica
644 2206 736 2243 Maii
764 2207 870 2244 iuxta
896 2207 1128 2257 praedictum
1155 2209 1307 2247 modum
1339 2212 1610 2254 examinentur.

167 2270 225 2307 Ita
263 2282 352 2307 vero
388 2260 500 2307 etiam
526 2269 659 2307 ultima
690 2270 888 2308 Dominica
917 2270 1081 2319 Augusti
1108 2286 1237 2311 rursus
1264 2276 1443 2325 repetitur
1471 2278 1653 2318 eiusmodi

112 2348 244 2373 census
280 2348 323 2372 ac
360 2329 587 2386 conscriptio
622 2348 823 2385 puerorum
859 2339 895 2373 et
921 2336 1040 2386 prima
1070 2336 1268 2375 Dominica
1310 2340 1538 2391 Septembris
1565 2344 1652 2383 illo-

111 2414 195 2438 rum
232 2400 472 2454 examinatio,
509 2400 615 2437 iuxta
650 2400 879 2451 praedictam
907 2400 1097 2439 Ecclesiae
1123 2403 1361 2452 partitionem
1390 2411 1426 2444 et
1452 2410 1654 2448 menstruis

112 2465 320 2503 intervallis
358 2478 506 2502 rursum
543 2465 648 2502 iuxta
685 2464 837 2502 modum
874 2465 944 2503 iam
975 2479 1085 2517 supra
1115 2467 1257 2505 dictum
1303 2471 1557 2520 continuatur,
1601 2476 1654 2513 sic

112 2534 154 2567 ut
191 2529 248 2566 bis
285 2530 324 2567 in
362 2543 463 2567 anno
499 2542 628 2567 omnes
666 2530 781 2567 totius
810 2530 1000 2568 Ecclesiae
1030 2532 1135 2582 pueri
1162 2534 1357 2585 utriusque
1393 2550 1514 2583 sexus,
1541 2540 1655 2590 quin-

113 2600 192 2631 tum
222 2608 360 2632 annum
390 2594 650 2645 superegressi,
679 2594 724 2632 ad
752 2608 834 2632 eum
864 2595 1016 2633 modum
1044 2597 1313 2637 examinentur.

167 2657 315 2695 Quodsi
351 2671 425 2708 quo
463 2657 574 2695 modo
610 2659 707 2695 forte
734 2659 809 2704 fiat,
839 2663 877 2696 ut
905 2659 1130 2697 constitutus
1159 2661 1294 2712 aliquis
1321 2663 1400 2701 (lies
1427 2665 1472 2702 ad
1503 2679 1651 2707 censum

114 2726 151 2759 ct
188 2721 501 2772 conscriptionem
538 2735 738 2772 puerorum
772 2722 938 2774 impendi
975 2723 1061 2761 huic
1098 2724 1150 2762 rei
1187 2739 1262 2763 uon
1298 2729 1426 2778 possit,
1455 2735 1533 2768 tum
1561 2745 1653 2782 pue-

113 2798 239 2823 rorum
275 2786 425 2822 illorum
463 2787 526 2837 qui
555 2787 635 2824 sisti
665 2787 852 2825 debebant
890 2789 1115 2840 conscriptio
1151 2791 1189 2828 in
1216 2792 1388 2831 ultimam
1415 2795 1652 2838 Dominicam

116 2851 255 2888 mensis
290 2851 459 2902 proxime
495 2852 768 2903 subsequentis,
795 2854 1021 2892 examinatio
1050 2869 1136 2893 vero
1163 2857 1201 2895 in
1230 2859 1386 2909 primam
1415 2861 1653 2903 Dominicam

118 2914 282 2961 alterius,
317 2914 382 2964 qui
418 2916 595 2963 succedit,
629 2916 768 2954 mensis
805 2916 983 2956 differtur.
1039 2921 1164 2970 Atque
1198 2921 1250 2959 ita
1278 2922 1425 2962 demum
1456 2929 1653 2968 menstruis
