1830 3147
238 128 310 175 ‚128

285 248 322 283 4.
351 244 513 282 Interro.
570 240 762 280 Quidnam
792 239 969 278 docemur
996 238 1035 277 in
1063 237 1200 290 prioris
1226 238 1377 278 tabulae
1404 239 1636 292 praeceptis?

284 309 447 358 Respon.
476 305 655 352 Primum,
683 304 796 356 quod,
822 305 971 343 omissis
999 304 1176 342 omnibus
1205 304 1384 342 creaturis
1413 305 1567 343 omnino
1585 306 1628 352 ¹),
1646 304 1687 342 in
1708 317 1771 343 so-

230 374 309 411 lum
335 385 404 410 nos
423 372 555 417 Deum,
583 371 730 409 Patrem
758 370 913 408 Domini
942 369 1062 408 nostri
1088 369 1175 408 Iesu
1204 369 1356 416 Christi,
1386 370 1545 415 credere,
1570 370 1628 407 illi
1645 370 1775 415 fidere,

229 438 336 475 illum
366 436 542 474 invocare
569 438 741 486 oporteat
760 437 803 483 ‘·’).
835 434 1020 480 Secunde,
1048 434 1148 485 quod
1177 447 1257 471 eum
1282 434 1405 485 ipsum
1425 434 1546 473 Deum
1565 448 1642 472 non
1659 436 1771 484 (170)

232 502 300 540 sub
339 501 425 539 ullis
464 500 617 538 omnino
645 500 888 549 imaginibus,
926 512 1046 550 neque
1090 498 1177 536 item
1217 512 1281 550 per
1316 499 1568 549 excogitatum
1604 514 1624 538 a
1661 499 1772 537 nobis

233 567 374 604 cultum
400 565 531 611 ullum,
560 564 622 602 sed
651 565 691 602 in
719 564 853 615 spiritu
882 563 1066 601 duntaxat
1092 566 1129 601 et
1159 563 1312 601 veritate
1340 565 1459 602 colere
1485 569 1596 615 atque
1615 564 1773 603 adorare

233 631 408 670 debemus
429 627 474 679 3).
502 629 642 676 Tertio,
670 629 772 681 quod
800 642 869 667 nos
896 628 1133 666 adorandum
1162 641 1299 667 nomen
1319 632 1355 667 et
1374 629 1527 667 verbum
1546 629 1648 667 illius
1669 643 1772 668 sum-

233 709 293 733 ma
321 709 404 733 cum
433 694 671 733 observantia
698 707 879 745 usurpare
906 698 1189 743 reverenterque
1216 693 1256 731 iu
1283 693 1394 731 rebus
1424 693 1599 732 omnibus
1630 695 1770 733 nostris

233 761 327 799 illud
356 761 542 798 celebrare
569 762 751 811 oporteat.
808 759 967 806 Quarto,
994 758 1096 809 quod
1125 771 1254 796 omnes
1281 758 1382 797 illius
1410 758 1667 797 institutiones
1695 760 1771 798 Ec-

235 826 461 864 clesiasticas
500 825 698 874 diligenter
736 823 935 861 observare
971 823 1085 874 inque
1114 823 1188 861 illis
1218 836 1287 861 nos
1316 837 1459 862 summa
1489 836 1577 861 cura
1605 837 1775 864 exercere

235 892 436 930 debeamus
462 891 567 929 iuxta
594 890 711 941 ipsius
740 889 1017 927 ordinationem
1037 891 1084 937 ⁴).

287 959 321 995 5.
351 956 512 995 Interro.
567 954 672 993 Quid
700 967 786 993 vero
816 953 993 991 docemur
1019 953 1059 991 in
1086 953 1305 1004 posterioris
1334 954 1461 992 tabula
1488 955 1720 1006 praeceptis?

287 1021 451 1071 Respon.
497 1019 637 1065 Primo,
665 1019 765 1070 quod
794 1032 862 1056 nos
888 1018 1106 1070 parentibus
1135 1019 1274 1056 nostris
1303 1031 1451 1057 omnem
1478 1019 1659 1058 honorem
1683 1020 1773 1058 obe·

236 1086 417 1124 dientiam
453 1090 489 1124 et
525 1085 782 1123 adiumentum
819 1088 1007 1135 praestare
1043 1084 1197 1123 omnino
1237 1088 1419 1135 oporteat,
1454 1090 1714 1137 praeterquam
1745 1086 1777 1124 si

237 1165 310 1202 quo
339 1151 451 1189 modo
479 1151 519 1189 id
554 1163 637 1188 cum
666 1149 735 1187 Dei
763 1149 883 1198 gloria
911 1162 1078 1200 pugnare
1107 1153 1252 1187 constet
1273 1151 1317 1198 ⁵).
1359 1149 1435 1187 Sub
1463 1154 1658 1201 parentum
1687 1163 1774 1189 vero

237 1216 391 1254 nomine
437 1215 804 1266 comprehenduntur
849 1214 1117 1263 Magistratus,
1164 1214 1308 1252 domini
1352 1215 1392 1252 in
1429 1229 1587 1266 quorum
1635 1217 1777 1255 familia

239 1294 439 1327 versamur,
476 1284 733 1332 praeceptores
772 1283 806 1317 et
842 1280 908 1330 qui
945 1280 1020 1317 ullo
1049 1280 1162 1318 modo
1190 1280 1310 1318 nostri
1340 1294 1465 1319 curam
1493 1286 1690 1332 parentum
1718 1283 1776 1321 in-

239 1351 316 1385 star
351 1347 505 1392 habent,
541 1350 604 1384 aut
633 1359 789 1397 quorum
828 1359 897 1396 ope
934 1350 1045 1397 atque
1082 1358 1192 1396 opera
1220 1346 1296 1383 ullo
1324 1347 1437 1384 modo
1466 1348 1704 1386 sublevamur
1725 1351 1771 1397 6).

239 1411 384 1450 Deinde
424 1424 508 1449 vero
543 1411 582 1449 in
628 1411 780 1462 reliquis
816 1410 1022 1461 praeceptis
1059 1410 1137 1449 eius
1170 1410 1321 1449 tabulae
1358 1411 1546 1459 docemur,
1583 1415 1621 1450 ut
1649 1413 1777 1464 proxi-

242 1491 344 1515 mum
371 1481 540 1515 nostrum
569 1476 771 1527 quemlibet
801 1489 882 1513 vere
909 1481 945 1513 et
972 1489 1016 1513 ex
1037 1476 1161 1513 animo
1182 1476 1439 1525 diligamuffl),
1460 1477 1602 1514 nullam
1624 1477 1778 1515 omnino

241 1542 342 1580 illius
379 1554 528 1592 quoquo
570 1541 681 1578 modo
718 1540 890 1578 laedendi
927 1540 1162 1578 occasionem
1199 1542 1310 1589 (171)
1349 1540 1505 1578 seientes
1543 1554 1585 1578 ac
1614 1542 1778 1579 volentes

240 1607 494 1659 praebeamus,
540 1606 616 1644 sive
653 1606 692 1643 in
729 1606 841 1651 tama,
883 1606 959 1643 sive
996 1606 1034 1643 in
1071 1606 1235 1643 fortunis
1272 1610 1335 1643 aut
1372 1606 1455 1643 aliis
1494 1606 1779 1657 quibuscunque

240 1671 393 1710 tandem
420 1671 531 1709 rebus
557 1670 687 1722 ipsius,
724 1670 788 1708 sed
817 1683 899 1707 eum
927 1670 1055 1708 iuvare
1081 1671 1208 1721 potius
1235 1670 1365 1721 illique
1395 1671 1630 1709 commodare
1658 1671 1778 1709 modis

245 1736 419 1773 omnibus
446 1748 514 1786 pro
543 1739 671 1773 nostra
700 1734 800 1772 virili
829 1747 1018 1773 conemur.

296 1803 330 1838 6.
359 1800 523 1838 Interro.
580 1798 684 1837 Quid
722 1811 807 1837 vero
846 1799 955 1837 nobis
994 1799 1218 1850 praecipitur
1261 1799 1389 1837 ultimo
1419 1799 1603 1837 secundae
1630 1799 1780 1838 tabulae

242 1864 470 1916 praecepto?

296 1929 461 1980 Respon.
513 1927 573 1965 Ne
609 1928 727 1965 ullum
756 1927 909 1965 omnino
939 1940 1094 1978 pravum
1121 1926 1292 1965 affectum
1319 1928 1481 1965 ullamve
1510 1927 1779 1979 concupiscen-

243 1995 347 2040 tiam,
375 2006 458 2031 cum
486 1992 558 2030 Dei
584 1993 705 2042 gloria
733 1996 768 2030 et
796 1992 959 2042 proximi
988 1992 1193 2030 commodis
1220 1993 1298 2030 ullo
1329 1993 1439 2030 modo
1467 1997 1711 2045 pugnantem,
1738 1994 1779 2032 in

246 2059 358 2097 corde
386 2061 517 2096 nostro
546 2058 697 2096 haerere
723 2057 909 2108 patiamur
938 2058 984 2105 S).

298 2127 332 2166 7.
361 2124 523 2162 Interro.
553 2123 859 2172 Astringimurne
887 2136 1013 2161 omnes
1042 2122 1089 2161 ad
1115 2123 1264 2174 plenam
1279 2123 1373 2173 legis
1394 2123 1502 2161 huius
1524 2123 1775 2162 obedientiam

246 2190 314 2229 sub
343 2203 461 2241 poena
492 2189 843 2227 condemnationis?

299 2256 461 2306 Respon.
517 2254 696 2292 Omnino.
753 2253 946 2304 Siquidem
990 2254 1229 2291 maledictum
1272 2267 1352 2291 esse
1396 2254 1448 2291 ait
1485 2253 1679 2304 scriptura,
1717 2253 1783 2304 qui

245 2333 323 2357 non
351 2324 540 2370 permanet
567 2319 606 2357 in
636 2319 693 2356 his
722 2318 911 2364 omnibus,
938 2332 1033 2370 quae
1059 2318 1096 2356 in
1129 2318 1225 2356 libro
1251 2318 1346 2368 legis
1375 2318 1485 2356 huius
1514 2322 1601 2356 sunt
1630 2318 1781 2369 scripta,

248 2390 288 2423 ut
315 2385 427 2422 faciat
455 2398 495 2422 ea
522 2387 568 2431 9).

298 2453 333 2488 8.
364 2450 524 2488 Interro.
553 2450 727 2487 Potestne
755 2448 949 2499 quisquam
980 2462 1061 2486 eam
1086 2448 1206 2499 ipsam
1227 2448 1296 2486 Dei
1321 2448 1453 2497 legem,
1481 2450 1522 2485 ut
1550 2451 1605 2485 est
1630 2445 1782 2494 tradita,

248 2515 351 2553 omni
379 2528 422 2552 ex
451 2519 553 2566 parte
580 2527 644 2565 per
673 2528 776 2551 suam
805 2513 1055 2551 obedientiam
1085 2515 1300 2565 praestare?

300 2579 462 2630 Respon.
518 2580 777 2630 Nequaquam.
815 2577 895 2616 Lex
923 2577 1021 2616 enim
1047 2578 1127 2629 ipsa
1164 2578 1205 2616 in
1234 2591 1312 2617 sese
1340 2575 1517 2628 spiritalis
1546 2581 1603 2614 est
1625 2574 1684 2624 ¹⁰),
1712 2587 1781 2614 nos

1402 2642 1413 2654 .

245 2684 347 2691 acb—4...
351 2685 380 2690 ‘m
384 2685 492 2690 .-.na-‚⁴

293 2749 317 2788 ¹)
341 2747 456 2779 Matth.
480 2747 509 2778 4.
678 2748 796 2787 2)Ioan.
820 2748 849 2779 4.
872 2747 944 2778 Esa.
968 2746 1017 2777 29.
1188 2744 1214 2786 ³)
1238 2744 1354 2778 Matth.
1379 2742 1428 2775 15.
1451 2741 1534 2775 Psal.
1559 2740 1629 2774 115.

289 2805 317 2844 ⁴)
340 2803 431 2835 Ezec.
455 2804 504 2834 20.
527 2803 621 2835 Num.
646 2804 695 2835 15.
719 2804 798 2835 lere.
823 2802 871 2837 17.
1041 2803 1067 2842 ⁵)
1092 2802 1194 2834 Levit.
1219 2802 1267 2833 19.
1291 2801 1390 2842 Ephe.
1414 2800 1443 2833 6.
1467 2800 1561 2830 Prov.
1585 2798 1636 2830 23.

289 2859 317 2900 6)
342 2859 410 2890 Gal.
436 2859 464 2891 3.
490 2858 505 2890 l.
530 2858 598 2890 Pet.
621 2858 649 2889 2.
673 2859 764 2891 Rom.
790 2859 837 2890 13.
964 2858 991 2898 ⁷)
1015 2858 1092 2890 Luc.
1116 2858 1144 2890 6.
1168 2856 1258 2890 Rom.
1284 2857 1333 2889 12.
1459 2856 1487 2895 ⁸)
1512 2856 1602 2887 Rom.
1626 2853 1657 2887 7.

290 2915 318 2959 9)
342 2915 435 2948 Dent.
459 2913 508 2948 27.
534 2913 622 2946 Gala.
646 2913 675 2946 3.
931 2914 970 2953 ¹⁰)
996 2914 1086 2945 Rom.
1112 2914 1139 2952 5,
1163 2912 1190 2952 7,
1215 2913 1247 2945 8.
