1830 3147
184 112 255 150 108

181 222 251 261 Dei
280 222 380 261 cerni
406 218 536 274 possiti
592 222 707 259 Porro
736 225 778 259 ut
806 221 1060 268 ostendamus,
1089 235 1157 261 nos
1193 221 1319 262 omnia
1347 226 1496 260 nostrae
1523 222 1712 261 Ecclesiae

179 287 346 325 membra
382 299 446 337 per
482 290 655 324 nostrum
694 285 765 324 hoc
803 285 1052 324 ministerium
1082 286 1119 324 in
1149 301 1286 325 nomen
1313 286 1383 324 Dei
1412 287 1533 324 Patris
1561 291 1596 324 et
1623 287 1712 324 Filii

181 357 217 391 et
255 353 416 404 Spiritus
453 351 572 389 sancti
613 351 815 403 baptizare,
853 351 942 389 haec
979 351 1027 389 ita
1067 350 1111 388 de
1139 351 1332 404 Baptismo
1361 351 1457 403 apud
1488 364 1552 389 vos
1578 351 1712 389 testifi-

182 429 330 454 camur:

231 483 266 519 1.
297 480 397 532 quod
433 480 650 531 Baptismus
686 479 755 518 iste
791 493 867 518 non
902 483 1048 518 tantum
1084 479 1132 517 ad
1158 480 1322 518 infantes
1351 481 1474 527 hosce,
1501 480 1566 532 qui
1592 480 1638 518 ad
1666 481 1714 518 il-

179 546 257 583 lum
293 545 510 589 offeruntur,
546 544 609 582 sed
637 544 681 582 ad
716 544 938 582 catholicam
968 545 1079 582 etiam
1110 544 1251 582 Christi
1286 545 1492 582 Ecclesiam
1520 545 1573 582 ita
1599 545 1714 596 perti-

179 614 276 655 neat,
310 614 352 648 ut
387 610 492 648 illam
528 613 644 647 totam
681 622 763 647 oum
801 609 976 647 omnibus
1012 609 1169 647 ubilibet
1205 609 1381 647 membris
1418 609 1495 648 suis
1533 609 1713 648 mundam

179 686 331 726 prorsus
367 673 463 724 apud
501 673 648 710 Patrem
687 672 806 710 Deum
843 673 985 710 censeri
1018 676 1174 710 testetur
1210 677 1360 724 propter
1388 673 1579 711 Christum
1611 675 1652 721 ¹),
1679 677 1716 711 et

178 737 336 790 proinde
363 751 440 776 esse
466 737 504 775 id
534 737 649 775 debiti
680 737 862 788 officiique
891 741 1062 774 nostrum
1080 737 1262 781 omnium,
1279 737 1344 790 qui
1364 738 1463 775 hunc
1478 737 1711 788 Baptismum

176 803 381 849 intuemur,
410 808 448 840 ut
475 816 551 840 non
578 802 703 840 minus
729 802 835 839 illum
866 802 912 839 ad
928 815 996 839 nos
1016 815 1143 839 omnes
1162 802 1347 853 pertinere
1364 802 1582 851 cogitemus,
1601 815 1712 853 quam

181 868 213 907 si
248 880 322 906 una
360 881 441 906 cum
481 868 581 906 hisce
608 867 819 905 inFantibus
848 867 984 918 pariter
1013 879 1143 904 omnes
1172 867 1455 918 baptizaremur,
1481 875 1516 904 et
1542 873 1582 904 ut
1610 867 1714 918 quis-

181 947 253 985 que
289 937 459 972 nostrum
500 933 801 983 magnitudinem
838 932 1017 970 bonitatis
1054 936 1089 970 et
1126 931 1402 969 misericordiae
1434 933 1618 982 gratuitae
1646 932 1717 971 Dei

182 997 537 1049 secumperpendat
566 1010 647 1035 cum
678 997 802 1035 debita
830 997 1035 1047 gratiarum
1063 996 1210 1034 actione
1229 997 1272 1045 Ξ),
1302 997 1487 1048 simulque
1514 997 1651 1046 cogitet
1672 997 1717 1036 de

180 1063 424 1116 approbanda
460 1063 539 1101 Deo
577 1076 701 1100 coram
741 1063 818 1100 eius
857 1062 1024 1100 Ecclesia
1061 1061 1292 1111 gratitudine
1320 1075 1387 1099 sua
1414 1074 1478 1113 per
1505 1075 1628 1099 veram
1656 1075 1714 1100 re-

182 1129 434 1182 sipiscentiam
481 1133 517 1167 et
561 1129 793 1177 vi—(123)tae
831 1128 962 1165 seriam
1001 1126 1311 1182 emendationem.
1368 1118 1566 1164 Neminem
1600 1127 1715 1177 igitur

183 1195 316 1233 debere
344 1207 423 1243 esse
449 1192 603 1231 omnino
632 1192 795 1230 otiosum
826 1191 1011 1243 Baptismi
1039 1191 1238 1228 cuiuslibet
1266 1196 1525 1242 spectatorem,
1550 1191 1625 1229 nisi
1651 1192 1717 1243 qui

181 1261 279 1298 inter
324 1258 543 1297 Dominicae
583 1256 833 1296 institutionis
879 1257 1137 1307 profanatores
1173 1255 1361 1293 numerari
1400 1268 1541 1306 proque
1578 1255 1718 1293 Christi

182 1324 300 1377 ipsius
337 1322 492 1361 Domini
527 1326 781 1375 contemptore
816 1321 945 1359 haberi
981 1326 1016 1358 et
1055 1320 1212 1371 proinde
1239 1333 1322 1358 reus
1350 1321 1459 1358 etiam
1489 1320 1655 1371 corporis
1683 1325 1719 1359 et

183 1388 378 1439 sanguinis
414 1387 557 1426 Christi
590 1401 669 1425 esse
703 1387 803 1425 velit.
859 1386 932 1424 Sed
968 1392 1323 1437 unumquemquam,
1364 1385 1454 1423 dum
1480 1385 1716 1437 Baptismum

182 1455 339 1493 aliorum
376 1453 556 1499 intuetur,
593 1465 721 1489 omnes
758 1465 843 1489 suas
882 1451 1127 1500 cogitationes
1164 1450 1358 1488 intendere
1400 1450 1532 1488 debere
1558 1450 1604 1488 ad
1632 1464 1718 1502 per-

183 1517 418 1571 pendendam
443 1516 644 1566 gratuitam
673 1515 743 1553 Dei
771 1529 858 1565 erga
886 1528 956 1553 nos
983 1528 1112 1553 omnes
1132 1515 1341 1552 bonitatem
1358 1527 1403 1552 ac
1423 1514 1716 1553 misericordiam

182 1583 222 1621 in
251 1582 401 1621 Christo
436 1585 472 1620 et
512 1580 558 1618 ad
588 1593 715 1618 curam
742 1593 786 1618 ac
813 1579 1107 1617 sollicitudinem
1137 1578 1403 1630 approbandae
1429 1582 1579 1616 nostrae
1605 1579 1718 1617 vicis-

184 1648 255 1686 sim
297 1660 384 1697 erga
429 1646 551 1684 Deum
585 1644 825 1694 gratitudinis
868 1657 933 1696 per
969 1657 1093 1682 veram
1135 1641 1446 1695 resipiscentiam>
1474 1647 1641 1681 nostram
1682 1647 1719 1681 et

184 1712 281 1763 vitae
307 1710 618 1755 emendationem,
644 1708 797 1761 perinde
824 1715 934 1760 atque
963 1708 994 1745 si
1023 1721 1151 1745 omnes
1179 1708 1316 1758 pariter
1345 1707 1630 1758 baptizaremur.

191 1759 205 1773 ⁰
236 1780 272 1816 2.
301 1775 401 1828 quod
434 1788 476 1813 ea
518 1779 646 1813 nostra
681 1773 896 1819 mundities,
940 1785 1054 1823 quam
1089 1771 1223 1810 tinctio
1261 1776 1389 1809 nostra
1436 1771 1476 1809 in
1522 1771 1717 1823 Baptismo

186 1842 370 1891 designat,
407 1854 484 1879 non
514 1840 562 1877 sit
590 1852 635 1877 ex
664 1838 775 1877 nobis
803 1838 906 1889 ipsis,
935 1836 1241 1888 quandoquidem
1268 1836 1378 1874 unius
1406 1836 1559 1874 alterius
1586 1849 1718 1874 emun-

186 1907 338 1945 datione
374 1904 505 1943 mundi
542 1917 681 1948 sumus,
717 1916 790 1954 qua
828 1916 916 1940 sane
952 1915 1027 1940 non
1056 1914 1260 1950 egeremus,
1288 1901 1318 1938 si
1346 1901 1459 1938 ullam
1489 1901 1643 1939 omnino
1672 1914 1717 1939 ex

185 1971 297 2011 nobis
323 1971 415 2022 ipsis
442 1968 664 2007 munditiem
695 1967 830 2005 habere
857 1979 1050 2018 possemus
1070 1966 1114 2013 ²3).
1143 1965 1277 2003 Evinci
1303 1978 1392 2014 ergo
1412 1965 1597 2016 Baptismi
1613 1965 1719 2003 testi-

186 2035 324 2082 monio,
365 2047 495 2073 omnes
530 2046 612 2077 nos,
647 2031 747 2083 quod
775 2031 814 2069 in
844 2031 953 2069 nobis
990 2030 1140 2081 quidem
1168 2034 1234 2076 est,
1263 2031 1430 2080 impuros
1458 2042 1537 2067 esse
1564 2030 1718 2068 omnino

186 2114 251 2152 per
286 2104 480 2151 peccatum
512 2097 560 2135 ab
597 2097 678 2148 ipso
716 2095 828 2134 etiam
854 2101 1017 2132 matrum
1053 2102 1265 2132 nostrarum
1301 2098 1409 2131 utero
1446 2106 1570 2131 coram
1599 2094 1719 2132 oculis

187 2165 258 2203 Dei
276 2165 322 2213 ⁴),
349 2175 469 2214 neque
497 2174 565 2200 nos
592 2161 639 2199 ab
665 2174 707 2198 ea
726 2160 941 2211 impuritate
960 2159 1112 2210 eiusque
1131 2158 1575 2206 condem-(124)natione
1589 2171 1719 2209 repur-

187 2230 270 2280 gari
303 2228 500 2267 liberal-ive
534 2239 644 2278 posse
672 2225 749 2263 ullo
776 2224 901 2270 modo,
929 2225 989 2262 sed
1018 2237 1083 2276 per
1109 2223 1224 2261 alium
1251 2222 1461 2274 oportuisse
1489 2236 1558 2261 nos
1585 2236 1717 2261 emun-

191 2294 283 2340 dari,
309 2297 352 2331 ut
378 2291 510 2331 mundi
537 2304 616 2329 esse
644 2303 849 2341 possemus.

243 2362 275 2397 3.
306 2358 405 2409 quod
441 2371 482 2395 ea
517 2356 598 2407 ipsa
634 2358 761 2393 nostra
796 2353 1000 2391 mundities
1037 2366 1078 2391 ex
1118 2352 1256 2390 nullius
1294 2351 1457 2389 hominis
1484 2355 1547 2389 aut
1575 2355 1717 2389 creatu-

191 2436 252 2461 rae
296 2422 447 2460 alterius
488 2419 641 2458 omnino
688 2419 825 2456 virtute
866 2419 998 2455 merito
1035 2421 1100 2454 aut
1144 2416 1337 2467 dignitate,
1381 2418 1635 2466 praeterquam
1673 2429 1718 2453 ex

189 2487 353 2538 gratuito
390 2486 505 2524 solius
543 2484 683 2523 Christi
712 2483 865 2521 Domini
892 2482 993 2520 dono
1028 2495 1071 2519 ac
1099 2481 1281 2520 beneficio
1316 2479 1647 2528 nobis.contingat
1674 2479 1720 2527 ⁵),

191 2564 322 2602 nempe
350 2563 422 2602 .pe1·
455 2550 633 2588 donatam
669 2547 778 2586 nobis
805 2546 852 2585 ab
880 2546 961 2597 ipso
989 2545 1153 2584 iustitiae
1179 2544 1302 2583 meriti
1329 2548 1364 2582 et
1397 2543 1538 2593 gloriae
1565 2556 1653 2582 suae
1679 2544 1719 2581 in

192 2629 302 2655 carne
329 2619 456 2661 nostra
482 2618 608 2665 partae
636 2612 936 2667 communionem
959 2613 1004 2659 6).
1059 2612 1126 2649 Ille
1154 2610 1252 2648 enim
1281 2622 1349 2647 nos
1375 2608 1478 2648 solus
1504 2609 1720 2647 emundavit

237 2773 261 2812 ¹)
286 2771 303 2802 1
327 2770 399 2801 Cor.
424 2769 473 2801 12.
516 2768 599 2810 Eph.
625 2769 651 2799 5.
863 2769 889 2807 2)
914 2768 1005 2798 Rom.
1029 2767 1056 2803 5,
1081 2765 1108 2798 7.
1153 2765 1235 2807 Eph.
1259 2765 1288 2796 2.
1333 2764 1348 2795 l
1374 2763 1447 2794 Cor.
1473 2763 1520 2793 15.

232 2828 259 2868 ⁸)
284 2827 347 2858 Tit.
370 2826 399 2857 3.
566 2825 594 2863 ⁴)
617 2823 700 2865 Eph.
724 2823 753 2854 2.
797 2822 880 2853 Psal.
905 2821 954 2852 51.
1123 2819 1150 2859 5)
1175 2820 1238 2850 Tit.
1261 2819 1290 2850 3.

233 2884 261 2923 ⁶)
287 2883 376 2914 Rom.
401 2880 428 2918 3,
453 2880 480 2917 5,
504 2879 533 2910 8.
558 2879 574 2909 l
599 2878 671 2910 Cor.
696 2878 724 2909 l.
748 2878 764 2908 l
790 2877 878 2908 Ioan.
904 2877 930 2908 l.
954 2875 1036 2907 Heb.
1061 2875 1088 2913 1,
1113 2875 1161 2906 10.
1185 2873 1267 2917 Eph.
1290 2873 1319 2904 2.
1343 2871 1464 2905 coloss.
1487 2872 1516 2904 2.
