<?xml version="1.0" encoding="UTF-8"?>
<!DOCTYPE html PUBLIC "-//W3C//DTD XHTML 1.0 Transitional//EN"
    "http://www.w3.org/TR/xhtml1/DTD/xhtml1-transitional.dtd">
<html xmlns="http://www.w3.org/1999/xhtml" xml:lang="en" lang="en">
 <head>
  <title>
</title>
<meta http-equiv="Content-Type" content="text/html;charset=utf-8" />
  <meta name='ocr-system' content='tesseract 3.04.00' />
  <meta name='ocr-capabilities' content='ocr_page ocr_carea ocr_par ocr_line ocrx_word'/>
</head>
<body>
  <div class='ocr_page' id='page_1' title='image "./operatameditaqua02lask_0152.png"; bbox 0 0 1830 3147; ppageno 0'>
   <div class='ocr_carea' id='block_1_1' title="bbox 182 96 255 132">
    <p class='ocr_par' dir='ltr' id='par_1_1' title="bbox 182 96 255 132">
     <span class='ocr_line' id='line_1_1' title="bbox 182 96 255 132; baseline 0 0"><span class='ocrx_word' id='word_1_1' title='bbox 182 96 255 132; x_wconf 83' lang='lat'>134</span> 
     </span>
    </p>
   </div>
   <div class='ocr_carea' id='block_1_2' title="bbox 178 203 1745 2729">
    <p class='ocr_par' dir='ltr' id='par_1_2' title="bbox 181 203 1745 519">
     <span class='ocr_line' id='line_1_2' title="bbox 181 203 1720 258; baseline 0.004 -15"><span class='ocrx_word' id='word_1_2' title='bbox 181 206 337 245; x_wconf 82' lang='lat' dir='ltr'><strong>beamus</strong></span> <span class='ocrx_word' id='word_1_3' title='bbox 372 207 611 256; x_wconf 85' lang='lat' dir='ltr'>peecatorum</span> <span class='ocrx_word' id='word_1_4' title='bbox 646 203 815 243; x_wconf 91' lang='lat' dir='ltr'>omnium</span> <span class='ocrx_word' id='word_1_5' title='bbox 853 204 1125 249; x_wconf 85' lang='lat' dir='ltr'>remissionem.</span> <span class='ocrx_word' id='word_1_6' title='bbox 1159 211 1196 245; x_wconf 89' lang='lat' dir='ltr'>et</span> <span class='ocrx_word' id='word_1_7' title='bbox 1232 207 1334 258; x_wconf 89' lang='lat' dir='ltr'>quod</span> <span class='ocrx_word' id='word_1_8' title='bbox 1370 208 1517 248; x_wconf 90' lang='lat' dir='ltr'>Coenae</span> <span class='ocrx_word' id='word_1_9' title='bbox 1544 209 1720 254; x_wconf 82' lang='lat' dir='ltr'>Domini-</span> 
     </span>
     <span class='ocr_line' id='line_1_3' title="bbox 185 271 1745 325; baseline 0.003 -15"><span class='ocrx_word' id='word_1_10' title='bbox 185 285 249 310; x_wconf 89' lang='lat' dir='ltr'>cae</span> <span class='ocrx_word' id='word_1_11' title='bbox 283 271 501 310; x_wconf 87' lang='lat' dir='ltr'>testimonio</span> <span class='ocrx_word' id='word_1_12' title='bbox 536 283 734 321; x_wconf 79' lang='lat' dir='ltr'><strong>pascamur</strong></span> <span class='ocrx_word' id='word_1_13' title='bbox 769 278 816 308; x_wconf 86' lang='lat' dir='ltr'>au</span> <span class='ocrx_word' id='word_1_14' title='bbox 852 271 967 309; x_wconf 88' lang='lat' dir='ltr'>vitam</span> <span class='ocrx_word' id='word_1_15' title='bbox 1006 274 1207 318; x_wconf 79' lang='lat' dir='ltr'>aeternam,</span> <span class='ocrx_word' id='word_1_16' title='bbox 1245 273 1384 312; x_wconf 89' lang='lat' dir='ltr'>donata</span> <span class='ocrx_word' id='word_1_17' title='bbox 1420 274 1533 313; x_wconf 90' lang='lat' dir='ltr'>nobis</span> <span class='ocrx_word' id='word_1_18' title='bbox 1556 277 1745 325; x_wconf 51' lang='lat' dir='ltr'>gratuito¹</span> 
     </span>
     <span class='ocr_line' id='line_1_4' title="bbox 181 332 1728 392; baseline 0.003 -18"><span class='ocrx_word' id='word_1_19' title='bbox 181 337 260 375; x_wconf 90' lang='lat' dir='ltr'>eius</span> <span class='ocrx_word' id='word_1_20' title='bbox 295 336 413 387; x_wconf 87' lang='lat' dir='ltr'>ipsius</span> <span class='ocrx_word' id='word_1_21' title='bbox 451 335 620 386; x_wconf 88' lang='lat' dir='ltr'>corporis</span> <span class='ocrx_word' id='word_1_22' title='bbox 657 339 693 373; x_wconf 87' lang='lat' dir='ltr'>et</span> <span class='ocrx_word' id='word_1_23' title='bbox 729 335 924 385; x_wconf 83' lang='lat' dir='ltr'>sanguinis</span> <span class='ocrx_word' id='word_1_24' title='bbox 963 332 1107 374; x_wconf 87' lang='lat' dir='ltr'>Christi</span> <span class='ocrx_word' id='word_1_25' title='bbox 1135 339 1415 384; x_wconf 80' lang='lat' dir='ltr'>communione,</span> <span class='ocrx_word' id='word_1_26' title='bbox 1444 338 1532 392; x_wconf 88' lang='lat' dir='ltr'>dum</span> <span class='ocrx_word' id='word_1_27' title='bbox 1560 340 1605 379; x_wconf 91' lang='lat' dir='ltr'>de</span> <span class='ocrx_word' id='word_1_28' title='bbox 1631 354 1728 392; x_wconf 86' lang='lat' dir='ltr'>pane</span> 
     </span>
     <span class='ocr_line' id='line_1_5' title="bbox 181 400 1727 455; baseline 0.003 -15"><span class='ocrx_word' id='word_1_29' title='bbox 181 406 217 440; x_wconf 89' lang='lat' dir='ltr'>et</span> <span class='ocrx_word' id='word_1_30' title='bbox 242 401 380 452; x_wconf 89' lang='lat' dir='ltr'>poculo</span> <span class='ocrx_word' id='word_1_31' title='bbox 409 400 554 438; x_wconf 85' lang='lat' dir='ltr'>Coenae</span> <span class='ocrx_word' id='word_1_32' title='bbox 571 400 852 452; x_wconf 81' lang='lat' dir='ltr'>participamus,</span> <span class='ocrx_word' id='word_1_33' title='bbox 872 401 1187 452; x_wconf 84' lang='lat' dir='ltr'>quemadmodum</span> <span class='ocrx_word' id='word_1_34' title='bbox 1207 404 1431 454; x_wconf 80' lang='lat' dir='ltr'>quotidiano</span> <span class='ocrx_word' id='word_1_35' title='bbox 1457 405 1540 443; x_wconf 87' lang='lat' dir='ltr'>cibo</span> <span class='ocrx_word' id='word_1_36' title='bbox 1562 409 1598 444; x_wconf 91' lang='lat' dir='ltr'>et</span> <span class='ocrx_word' id='word_1_37' title='bbox 1615 408 1727 455; x_wconf 89' lang='lat'>(181)</span> 
     </span>
     <span class='ocr_line' id='line_1_6' title="bbox 182 465 1504 519; baseline 0.003 -15"><span class='ocrx_word' id='word_1_38' title='bbox 182 474 274 519; x_wconf 86' lang='lat' dir='ltr'>potu</span> <span class='ocrx_word' id='word_1_39' title='bbox 302 479 458 517; x_wconf 89' lang='lat' dir='ltr'>corpora</span> <span class='ocrx_word' id='word_1_40' title='bbox 486 465 548 504; x_wconf 92' lang='lat' dir='ltr'>hic</span> <span class='ocrx_word' id='word_1_41' title='bbox 575 469 706 504; x_wconf 92' lang='lat' dir='ltr'>nostra</span> <span class='ocrx_word' id='word_1_42' title='bbox 734 466 837 504; x_wconf 75' lang='lat' dir='ltr'>iuxta</span> <span class='ocrx_word' id='word_1_43' title='bbox 868 479 1017 504; x_wconf 84' lang='lat' dir='ltr'>cursum</span> <span class='ocrx_word' id='word_1_44' title='bbox 1047 470 1204 506; x_wconf 79' lang='lat' dir='ltr'>naturae</span> <span class='ocrx_word' id='word_1_45' title='bbox 1233 473 1504 509; x_wconf 80' lang='lat' dir='ltr'>sustentantur.</span> 
     </span>
    </p>

    <p class='ocr_par' dir='ltr' id='par_1_3' title="bbox 180 531 1728 635">
     <span class='ocr_line' id='line_1_7' title="bbox 234 531 1728 583; baseline 0.003 -13"><span class='ocrx_word' id='word_1_46' title='bbox 234 535 296 570; x_wconf 84' lang='lat'>38.</span> <span class='ocrx_word' id='word_1_47' title='bbox 325 532 489 570; x_wconf 88' lang='lat' dir='ltr'>Interro.</span> <span class='ocrx_word' id='word_1_48' title='bbox 544 531 649 570; x_wconf 75' lang='lat' dir='ltr'>Quid</span> <span class='ocrx_word' id='word_1_49' title='bbox 678 531 800 570; x_wconf 88' lang='lat' dir='ltr'>adfert</span> <span class='ocrx_word' id='word_1_50' title='bbox 818 536 1007 583; x_wconf 86' lang='lat' dir='ltr'>praeterea</span> <span class='ocrx_word' id='word_1_51' title='bbox 1025 532 1201 572; x_wconf 77' lang='lat' dir='ltr'>utilitatis</span> <span class='ocrx_word' id='word_1_52' title='bbox 1220 534 1366 573; x_wconf 90' lang='lat' dir='ltr'>Coenae</span> <span class='ocrx_word' id='word_1_53' title='bbox 1386 535 1610 575; x_wconf 89' lang='lat' dir='ltr'>Dominicae</span> <span class='ocrx_word' id='word_1_54' title='bbox 1638 550 1728 575; x_wconf 89' lang='lat' dir='ltr'>usus</span> 
     </span>
     <span class='ocr_line' id='line_1_8' title="bbox 180 596 616 635; baseline -0.002 0"><span class='ocrx_word' id='word_1_55' title='bbox 180 597 220 635; x_wconf 93' lang='lat' dir='ltr'>in</span> <span class='ocrx_word' id='word_1_56' title='bbox 249 596 418 634; x_wconf 85' lang='lat' dir='ltr'>Ecclesia</span> <span class='ocrx_word' id='word_1_57' title='bbox 447 596 616 635; x_wconf 83' lang='lat' dir='ltr'>Christi?</span> 
     </span>
    </p>

    <p class='ocr_par' dir='ltr' id='par_1_4' title="bbox 179 657 1728 1039">
     <span class='ocr_line' id='line_1_9' title="bbox 234 657 1728 716; baseline 0.003 -17"><span class='ocrx_word' id='word_1_58' title='bbox 234 662 399 713; x_wconf 84' lang='lat' dir='ltr'>Respon.</span> <span class='ocrx_word' id='word_1_59' title='bbox 453 661 645 700; x_wconf 82' lang='lat' dir='ltr'>Admonet</span> <span class='ocrx_word' id='word_1_60' title='bbox 688 674 757 699; x_wconf 87' lang='lat' dir='ltr'>nos</span> <span class='ocrx_word' id='word_1_61' title='bbox 795 661 917 699; x_wconf 85' lang='lat' dir='ltr'>nostri</span> <span class='ocrx_word' id='word_1_62' title='bbox 953 657 1070 699; x_wconf 81' lang='lat' dir='ltr'>officii</span> <span class='ocrx_word' id='word_1_63' title='bbox 1099 665 1325 714; x_wconf 87' lang='lat' dir='ltr'>nostraeque</span> <span class='ocrx_word' id='word_1_64' title='bbox 1357 664 1602 714; x_wconf 80' lang='lat' dir='ltr'>gratitudinis</span> <span class='ocrx_word' id='word_1_65' title='bbox 1639 678 1728 716; x_wconf 86' lang='lat' dir='ltr'>erga</span> 
     </span>
     <span class='ocr_line' id='line_1_10' title="bbox 183 725 1726 778; baseline 0.003 -14"><span class='ocrx_word' id='word_1_66' title='bbox 183 727 319 771; x_wconf 79' lang='lat' dir='ltr'>Deum.</span> <span class='ocrx_word' id='word_1_67' title='bbox 360 739 405 764; x_wconf 90' lang='lat' dir='ltr'>ne</span> <span class='ocrx_word' id='word_1_68' title='bbox 450 725 639 778; x_wconf 87' lang='lat' dir='ltr'>quomodo</span> <span class='ocrx_word' id='word_1_69' title='bbox 678 725 904 775; x_wconf 85' lang='lat' dir='ltr'>dignitatem</span> <span class='ocrx_word' id='word_1_70' title='bbox 950 726 1119 778; x_wconf 87' lang='lat' dir='ltr'>corporis</span> <span class='ocrx_word' id='word_1_71' title='bbox 1160 733 1196 766; x_wconf 86' lang='lat' dir='ltr'>et</span> <span class='ocrx_word' id='word_1_72' title='bbox 1243 729 1438 778; x_wconf 82' lang='lat' dir='ltr'>sanguinis</span> <span class='ocrx_word' id='word_1_73' title='bbox 1475 730 1628 777; x_wconf 87' lang='lat' dir='ltr'>Christi,</span> <span class='ocrx_word' id='word_1_74' title='bbox 1666 730 1726 768; x_wconf 88' lang='lat' dir='ltr'>eui</span> 
     </span>
     <span class='ocr_line' id='line_1_11' title="bbox 181 791 1726 854; baseline 0.003 -25"><span class='ocrx_word' id='word_1_75' title='bbox 181 792 464 843; x_wconf 82' lang='lat' dir='ltr'>participamus,</span> <span class='ocrx_word' id='word_1_76' title='bbox 499 792 540 830; x_wconf 90' lang='lat' dir='ltr'>in</span> <span class='ocrx_word' id='word_1_77' title='bbox 567 791 679 829; x_wconf 86' lang='lat' dir='ltr'>nobis</span> <span class='ocrx_word' id='word_1_78' title='bbox 706 791 962 842; x_wconf 85' lang='lat' dir='ltr'>profanemus,</span> <span class='ocrx_word' id='word_1_79' title='bbox 996 791 1060 829; x_wconf 90' lang='lat' dir='ltr'>scd</span> <span class='ocrx_word' id='word_1_80' title='bbox 1098 797 1267 854; x_wconf 71' lang='lat' dir='ltr'>nostram</span> <span class='ocrx_word' id='word_1_81' title='bbox 1304 807 1370 845; x_wconf 92' lang='lat' dir='ltr'>pro</span> <span class='ocrx_word' id='word_1_82' title='bbox 1407 798 1515 833; x_wconf 90' lang='lat' dir='ltr'>tanto</span> <span class='ocrx_word' id='word_1_83' title='bbox 1543 795 1726 834; x_wconf 90' lang='lat' dir='ltr'>beneficio</span> 
     </span>
     <span class='ocr_line' id='line_1_12' title="bbox 179 856 1726 909; baseline 0.003 -14"><span class='ocrx_word' id='word_1_84' title='bbox 179 857 445 907; x_wconf 83' lang='lat' dir='ltr'>gratitudinem</span> <span class='ocrx_word' id='word_1_85' title='bbox 484 857 582 895; x_wconf 86' lang='lat' dir='ltr'>vitae</span> <span class='ocrx_word' id='word_1_86' title='bbox 618 860 769 895; x_wconf 90' lang='lat' dir='ltr'>nostrae</span> <span class='ocrx_word' id='word_1_87' title='bbox 795 856 1042 896; x_wconf 88' lang='lat' dir='ltr'>innovatione</span> <span class='ocrx_word' id='word_1_88' title='bbox 1071 861 1106 896; x_wconf 86' lang='lat' dir='ltr'>et</span> <span class='ocrx_word' id='word_1_89' title='bbox 1134 858 1329 898; x_wconf 87' lang='lat' dir='ltr'>eharitatis</span> <span class='ocrx_word' id='word_1_90' title='bbox 1372 873 1460 909; x_wconf 88' lang='lat' dir='ltr'>erga</span> <span class='ocrx_word' id='word_1_91' title='bbox 1488 873 1617 898; x_wconf 91' lang='lat' dir='ltr'>omnes</span> <span class='ocrx_word' id='word_1_92' title='bbox 1646 862 1726 899; x_wconf 87' lang='lat' dir='ltr'>offi-</span> 
     </span>
     <span class='ocr_line' id='line_1_13' title="bbox 182 922 1727 977; baseline 0.003 -17"><span class='ocrx_word' id='word_1_93' title='bbox 182 923 249 961; x_wconf 87' lang='lat' dir='ltr'>ciis</span> <span class='ocrx_word' id='word_1_94' title='bbox 278 922 480 961; x_wconf 90' lang='lat' dir='ltr'>contestari</span> <span class='ocrx_word' id='word_1_95' title='bbox 506 926 542 960; x_wconf 88' lang='lat' dir='ltr'>et</span> <span class='ocrx_word' id='word_1_96' title='bbox 571 922 758 960; x_wconf 88' lang='lat' dir='ltr'>declarare</span> <span class='ocrx_word' id='word_1_97' title='bbox 788 935 977 968; x_wconf 89' lang='lat' dir='ltr'>conemur,</span> <span class='ocrx_word' id='word_1_98' title='bbox 1004 923 1051 960; x_wconf 88' lang='lat' dir='ltr'>ad</span> <span class='ocrx_word' id='word_1_99' title='bbox 1080 937 1190 974; x_wconf 90' lang='lat' dir='ltr'>quam</span> <span class='ocrx_word' id='word_1_100' title='bbox 1220 937 1309 962; x_wconf 90' lang='lat' dir='ltr'>sane</span> <span class='ocrx_word' id='word_1_101' title='bbox 1335 929 1523 977; x_wconf 89' lang='lat' dir='ltr'>utranque</span> <span class='ocrx_word' id='word_1_102' title='bbox 1541 939 1619 964; x_wconf 90' lang='lat' dir='ltr'>rem</span> <span class='ocrx_word' id='word_1_103' title='bbox 1640 927 1727 977; x_wconf 89' lang='lat' dir='ltr'>plu-</span> 
     </span>
     <span class='ocr_line' id='line_1_14' title="bbox 180 987 1215 1039; baseline 0.001 -13"><span class='ocrx_word' id='word_1_104' title='bbox 180 989 318 1026; x_wconf 89' lang='lat' dir='ltr'>rimum</span> <span class='ocrx_word' id='word_1_105' title='bbox 347 987 525 1025; x_wconf 89' lang='lat' dir='ltr'>conducit</span> <span class='ocrx_word' id='word_1_106' title='bbox 552 987 773 1039; x_wconf 85' lang='lat' dir='ltr'>disciplinae</span> <span class='ocrx_word' id='word_1_107' title='bbox 799 987 1087 1026; x_wconf 87' lang='lat' dir='ltr'>Ecclesiastieae</span> <span class='ocrx_word' id='word_1_108' title='bbox 1114 1002 1215 1028; x_wconf 87' lang='lat' dir='ltr'>usus.</span> 
     </span>
    </p>

    <p class='ocr_par' dir='ltr' id='par_1_5' title="bbox 234 1052 1277 1104">
     <span class='ocr_line' id='line_1_15' title="bbox 234 1052 1277 1104; baseline -0.002 -12"><span class='ocrx_word' id='word_1_109' title='bbox 234 1057 295 1095; x_wconf 82' lang='lat'>39.</span> <span class='ocrx_word' id='word_1_110' title='bbox 323 1055 484 1093; x_wconf 88' lang='lat' dir='ltr'>Interro.</span> <span class='ocrx_word' id='word_1_111' title='bbox 540 1053 646 1093; x_wconf 75' lang='lat' dir='ltr'>Quid</span> <span class='ocrx_word' id='word_1_112' title='bbox 673 1058 727 1092; x_wconf 87' lang='lat' dir='ltr'>est</span> <span class='ocrx_word' id='word_1_113' title='bbox 755 1053 1020 1091; x_wconf 88' lang='lat' dir='ltr'>Ecclesiastica</span> <span class='ocrx_word' id='word_1_114' title='bbox 1050 1052 1277 1104; x_wconf 84' lang='lat' dir='ltr'>disciplina?</span> 
     </span>
    </p>

    <p class='ocr_par' dir='ltr' id='par_1_6' title="bbox 181 1117 1727 1429">
     <span class='ocr_line' id='line_1_16' title="bbox 235 1117 1726 1170; baseline 0 -13"><span class='ocrx_word' id='word_1_115' title='bbox 235 1119 399 1170; x_wconf 85' lang='lat' dir='ltr'>Respon.</span> <span class='ocrx_word' id='word_1_116' title='bbox 452 1118 524 1157; x_wconf 90' lang='lat' dir='ltr'>Est</span> <span class='ocrx_word' id='word_1_117' title='bbox 543 1118 686 1156; x_wconf 86' lang='lat' dir='ltr'>Christi</span> <span class='ocrx_word' id='word_1_118' title='bbox 713 1117 870 1155; x_wconf 90' lang='lat' dir='ltr'>Domini</span> <span class='ocrx_word' id='word_1_119' title='bbox 898 1118 1086 1156; x_wconf 91' lang='lat' dir='ltr'>institutio</span> <span class='ocrx_word' id='word_1_120' title='bbox 1110 1120 1151 1167; x_wconf 86' lang='lat'>¹),</span> <span class='ocrx_word' id='word_1_121' title='bbox 1178 1118 1282 1156; x_wconf 80' lang='lat' dir='ltr'>iuxta</span> <span class='ocrx_word' id='word_1_122' title='bbox 1319 1132 1431 1170; x_wconf 90' lang='lat' dir='ltr'>quam</span> <span class='ocrx_word' id='word_1_123' title='bbox 1466 1119 1726 1170; x_wconf 88' lang='lat' dir='ltr'>unusquisque</span> 
     </span>
     <span class='ocr_line' id='line_1_17' title="bbox 181 1183 1727 1222; baseline 0 0"><span class='ocrx_word' id='word_1_124' title='bbox 181 1184 220 1222; x_wconf 90' lang='lat' dir='ltr'>in</span> <span class='ocrx_word' id='word_1_125' title='bbox 249 1184 418 1222; x_wconf 83' lang='lat' dir='ltr'>Ecclesia</span> <span class='ocrx_word' id='word_1_126' title='bbox 446 1184 541 1221; x_wconf 89' lang='lat' dir='ltr'>alius</span> <span class='ocrx_word' id='word_1_127' title='bbox 569 1183 683 1221; x_wconf 89' lang='lat' dir='ltr'>alium</span> <span class='ocrx_word' id='word_1_128' title='bbox 712 1196 756 1220; x_wconf 84' lang='lat' dir='ltr'>ex</span> <span class='ocrx_word' id='word_1_129' title='bbox 785 1183 900 1221; x_wconf 90' lang='lat' dir='ltr'>verbo</span> <span class='ocrx_word' id='word_1_130' title='bbox 927 1183 997 1220; x_wconf 89' lang='lat' dir='ltr'>Dei</span> <span class='ocrx_word' id='word_1_131' title='bbox 1035 1183 1075 1220; x_wconf 86' lang='lat' dir='ltr'>in</span> <span class='ocrx_word' id='word_1_132' title='bbox 1112 1184 1279 1221; x_wconf 84' lang='lat' dir='ltr'>fraterna</span> <span class='ocrx_word' id='word_1_133' title='bbox 1318 1184 1498 1222; x_wconf 90' lang='lat' dir='ltr'>charitate</span> <span class='ocrx_word' id='word_1_134' title='bbox 1526 1183 1727 1222; x_wconf 86' lang='lat' dir='ltr'>admonere</span> 
     </span>
     <span class='ocr_line' id='line_1_18' title="bbox 182 1247 1727 1301; baseline -0.001 -14"><span class='ocrx_word' id='word_1_135' title='bbox 182 1249 353 1301; x_wconf 89' lang='lat' dir='ltr'>aliusque</span> <span class='ocrx_word' id='word_1_136' title='bbox 380 1249 426 1286; x_wconf 92' lang='lat' dir='ltr'>ab</span> <span class='ocrx_word' id='word_1_137' title='bbox 462 1249 537 1287; x_wconf 89' lang='lat' dir='ltr'>alio</span> <span class='ocrx_word' id='word_1_138' title='bbox 574 1248 872 1286; x_wconf 81' lang='lat' dir='ltr'>admonitionem</span> <span class='ocrx_word' id='word_1_139' title='bbox 900 1247 1067 1299; x_wconf 88' lang='lat' dir='ltr'>accipere</span> <span class='ocrx_word' id='word_1_140' title='bbox 1103 1247 1212 1286; x_wconf 88' lang='lat' dir='ltr'>debet</span> <span class='ocrx_word' id='word_1_141' title='bbox 1228 1250 1272 1297; x_wconf 74' lang='lat'>2),</span> <span class='ocrx_word' id='word_1_142' title='bbox 1301 1252 1335 1286; x_wconf 92' lang='lat' dir='ltr'>et</span> <span class='ocrx_word' id='word_1_143' title='bbox 1362 1249 1427 1299; x_wconf 90' lang='lat' dir='ltr'>qui</span> <span class='ocrx_word' id='word_1_144' title='bbox 1455 1254 1627 1286; x_wconf 86' lang='lat' dir='ltr'>neutrum</span> <span class='ocrx_word' id='word_1_145' title='bbox 1657 1249 1727 1286; x_wconf 92' lang='lat' dir='ltr'>ho-</span> 
     </span>
     <span class='ocr_line' id='line_1_19' title="bbox 183 1313 1726 1365; baseline 0 -13"><span class='ocrx_word' id='word_1_146' title='bbox 183 1329 263 1352; x_wconf 89' lang='lat' dir='ltr'>rum</span> <span class='ocrx_word' id='word_1_147' title='bbox 293 1314 419 1352; x_wconf 89' lang='lat' dir='ltr'>animo</span> <span class='ocrx_word' id='word_1_148' title='bbox 446 1314 630 1365; x_wconf 84' lang='lat' dir='ltr'>pertinaci</span> <span class='ocrx_word' id='word_1_149' title='bbox 659 1313 747 1351; x_wconf 90' lang='lat' dir='ltr'>velit</span> <span class='ocrx_word' id='word_1_150' title='bbox 775 1313 909 1359; x_wconf 81' lang='lat' dir='ltr'>facere,</span> <span class='ocrx_word' id='word_1_151' title='bbox 947 1317 988 1351; x_wconf 89' lang='lat' dir='ltr'>ut</span> <span class='ocrx_word' id='word_1_152' title='bbox 1014 1313 1053 1351; x_wconf 90' lang='lat' dir='ltr'>in</span> <span class='ocrx_word' id='word_1_153' title='bbox 1092 1313 1275 1360; x_wconf 80' lang='lat' dir='ltr'>Ecclesia,</span> <span class='ocrx_word' id='word_1_154' title='bbox 1312 1314 1521 1352; x_wconf 86' lang='lat' dir='ltr'>observatis</span> <span class='ocrx_word' id='word_1_155' title='bbox 1552 1314 1726 1352; x_wconf 87' lang='lat' dir='ltr'>admoni-</span> 
     </span>
     <span class='ocr_line' id='line_1_20' title="bbox 181 1379 808 1429; baseline -0.005 -11"><span class='ocrx_word' id='word_1_156' title='bbox 181 1381 328 1419; x_wconf 88' lang='lat' dir='ltr'>tionum</span> <span class='ocrx_word' id='word_1_157' title='bbox 356 1379 550 1429; x_wconf 87' lang='lat' dir='ltr'>gradibus,</span> <span class='ocrx_word' id='word_1_158' title='bbox 577 1393 624 1417; x_wconf 88' lang='lat' dir='ltr'>ne</span> <span class='ocrx_word' id='word_1_159' title='bbox 652 1379 808 1416; x_wconf 86' lang='lat' dir='ltr'>feratur.</span> 
     </span>
    </p>

    <p class='ocr_par' dir='ltr' id='par_1_7' title="bbox 183 1442 1726 1559">
     <span class='ocr_line' id='line_1_21' title="bbox 233 1442 1726 1495; baseline -0.001 -12"><span class='ocrx_word' id='word_1_160' title='bbox 233 1449 294 1483; x_wconf 92' lang='lat'>40.</span> <span class='ocrx_word' id='word_1_161' title='bbox 324 1445 486 1483; x_wconf 88' lang='lat' dir='ltr'>Interro.</span> <span class='ocrx_word' id='word_1_162' title='bbox 527 1446 590 1482; x_wconf 90' lang='lat' dir='ltr'>An</span> <span class='ocrx_word' id='word_1_163' title='bbox 618 1457 705 1481; x_wconf 87' lang='lat' dir='ltr'>vero</span> <span class='ocrx_word' id='word_1_164' title='bbox 733 1442 851 1492; x_wconf 81' lang='lat' dir='ltr'>gladii</span> <span class='ocrx_word' id='word_1_165' title='bbox 878 1442 1130 1481; x_wconf 87' lang='lat' dir='ltr'>ministerium</span> <span class='ocrx_word' id='word_1_166' title='bbox 1158 1444 1198 1481; x_wconf 88' lang='lat' dir='ltr'>in</span> <span class='ocrx_word' id='word_1_167' title='bbox 1226 1448 1331 1495; x_wconf 87' lang='lat' dir='ltr'>parte</span> <span class='ocrx_word' id='word_1_168' title='bbox 1352 1444 1576 1495; x_wconf 85' lang='lat' dir='ltr'>disciplinae</span> <span class='ocrx_word' id='word_1_169' title='bbox 1593 1444 1726 1482; x_wconf 88' lang='lat' dir='ltr'>Eccle-</span> 
     </span>
     <span class='ocr_line' id='line_1_22' title="bbox 183 1506 1228 1559; baseline -0.001 -12"><span class='ocrx_word' id='word_1_170' title='bbox 183 1509 356 1547; x_wconf 83' lang='lat' dir='ltr'>siasticae</span> <span class='ocrx_word' id='word_1_171' title='bbox 382 1508 549 1559; x_wconf 87' lang='lat' dir='ltr'>positum</span> <span class='ocrx_word' id='word_1_172' title='bbox 577 1509 688 1556; x_wconf 81' lang='lat'>(182)</span> <span class='ocrx_word' id='word_1_173' title='bbox 717 1507 765 1544; x_wconf 90' lang='lat' dir='ltr'>sit</span> <span class='ocrx_word' id='word_1_174' title='bbox 792 1507 832 1544; x_wconf 87' lang='lat' dir='ltr'>in</span> <span class='ocrx_word' id='word_1_175' title='bbox 859 1506 1031 1544; x_wconf 86' lang='lat' dir='ltr'>Ecclesia</span> <span class='ocrx_word' id='word_1_176' title='bbox 1059 1508 1228 1546; x_wconf 81' lang='lat' dir='ltr'>Christi?</span> 
     </span>
    </p>

    <p class='ocr_par' dir='ltr' id='par_1_8' title="bbox 178 1571 1727 1820">
     <span class='ocr_line' id='line_1_23' title="bbox 233 1571 1727 1625; baseline 0.001 -14"><span class='ocrx_word' id='word_1_177' title='bbox 233 1574 398 1624; x_wconf 84' lang='lat' dir='ltr'>Respon.</span> <span class='ocrx_word' id='word_1_178' title='bbox 454 1573 578 1610; x_wconf 87' lang='lat' dir='ltr'>Etiam</span> <span class='ocrx_word' id='word_1_179' title='bbox 608 1572 775 1617; x_wconf 90' lang='lat' dir='ltr'>omnino,</span> <span class='ocrx_word' id='word_1_180' title='bbox 813 1571 876 1610; x_wconf 83' lang='lat' dir='ltr'>sed</span> <span class='ocrx_word' id='word_1_181' title='bbox 914 1572 953 1609; x_wconf 89' lang='lat' dir='ltr'>in</span> <span class='ocrx_word' id='word_1_182' title='bbox 991 1586 1032 1609; x_wconf 85' lang='lat' dir='ltr'>ea</span> <span class='ocrx_word' id='word_1_183' title='bbox 1071 1572 1295 1624; x_wconf 86' lang='lat' dir='ltr'>disciplinae</span> <span class='ocrx_word' id='word_1_184' title='bbox 1333 1576 1440 1624; x_wconf 89' lang='lat' dir='ltr'>parte</span> <span class='ocrx_word' id='word_1_185' title='bbox 1466 1574 1633 1625; x_wconf 87' lang='lat' dir='ltr'>positum</span> <span class='ocrx_word' id='word_1_186' title='bbox 1670 1577 1727 1612; x_wconf 90' lang='lat' dir='ltr'>est</span> 
     </span>
     <span class='ocr_line' id='line_1_24' title="bbox 178 1638 1726 1691; baseline 0 -14"><span class='ocrx_word' id='word_1_187' title='bbox 178 1639 297 1690; x_wconf 83' lang='lat' dir='ltr'>gladii</span> <span class='ocrx_word' id='word_1_188' title='bbox 324 1639 586 1691; x_wconf 82' lang='lat' dir='ltr'>ministerium,</span> <span class='ocrx_word' id='word_1_189' title='bbox 613 1651 707 1689; x_wconf 86' lang='lat' dir='ltr'>quae</span> <span class='ocrx_word' id='word_1_190' title='bbox 735 1652 811 1676; x_wconf 88' lang='lat' dir='ltr'>non</span> <span class='ocrx_word' id='word_1_191' title='bbox 839 1638 885 1676; x_wconf 88' lang='lat' dir='ltr'>ad</span> <span class='ocrx_word' id='word_1_192' title='bbox 916 1638 1020 1676; x_wconf 83' lang='lat' dir='ltr'>verbi</span> <span class='ocrx_word' id='word_1_193' title='bbox 1048 1638 1248 1677; x_wconf 89' lang='lat' dir='ltr'>Ministros</span> <span class='ocrx_word' id='word_1_194' title='bbox 1277 1639 1450 1689; x_wconf 88' lang='lat' dir='ltr'>pertinet,</span> <span class='ocrx_word' id='word_1_195' title='bbox 1478 1639 1541 1677; x_wconf 89' lang='lat' dir='ltr'>sed</span> <span class='ocrx_word' id='word_1_196' title='bbox 1571 1639 1618 1677; x_wconf 91' lang='lat' dir='ltr'>ad</span> <span class='ocrx_word' id='word_1_197' title='bbox 1640 1639 1726 1677; x_wconf 85' lang='lat' dir='ltr'>Ma-</span> 
     </span>
     <span class='ocr_line' id='line_1_25' title="bbox 180 1703 1727 1756; baseline 0 -13"><span class='ocrx_word' id='word_1_198' title='bbox 180 1705 396 1756; x_wconf 82' lang='lat' dir='ltr'>gistratum,</span> <span class='ocrx_word' id='word_1_199' title='bbox 433 1704 497 1756; x_wconf 89' lang='lat' dir='ltr'>qui</span> <span class='ocrx_word' id='word_1_200' title='bbox 534 1708 570 1742; x_wconf 91' lang='lat' dir='ltr'>et</span> <span class='ocrx_word' id='word_1_201' title='bbox 604 1703 684 1755; x_wconf 87' lang='lat' dir='ltr'>ipse</span> <span class='ocrx_word' id='word_1_202' title='bbox 720 1704 791 1742; x_wconf 90' lang='lat' dir='ltr'>Dei</span> <span class='ocrx_word' id='word_1_203' title='bbox 827 1704 1001 1742; x_wconf 86' lang='lat' dir='ltr'>minister</span> <span class='ocrx_word' id='word_1_204' title='bbox 1037 1708 1093 1742; x_wconf 89' lang='lat' dir='ltr'>est</span> <span class='ocrx_word' id='word_1_205' title='bbox 1129 1704 1168 1742; x_wconf 90' lang='lat' dir='ltr'>in</span> <span class='ocrx_word' id='word_1_206' title='bbox 1206 1704 1376 1742; x_wconf 87' lang='lat' dir='ltr'>Ecclesia</span> <span class='ocrx_word' id='word_1_207' title='bbox 1420 1708 1456 1743; x_wconf 87' lang='lat' dir='ltr'>et</span> <span class='ocrx_word' id='word_1_208' title='bbox 1482 1718 1560 1743; x_wconf 90' lang='lat' dir='ltr'>non</span> <span class='ocrx_word' id='word_1_209' title='bbox 1587 1706 1727 1743; x_wconf 86' lang='lat' dir='ltr'>frustra</span> 
     </span>
     <span class='ocr_line' id='line_1_26' title="bbox 180 1770 570 1820; baseline 0 -13"><span class='ocrx_word' id='word_1_210' title='bbox 180 1770 348 1820; x_wconf 86' lang='lat' dir='ltr'>gladium</span> <span class='ocrx_word' id='word_1_211' title='bbox 376 1773 498 1820; x_wconf 81' lang='lat' dir='ltr'>gestat</span> <span class='ocrx_word' id='word_1_212' title='bbox 525 1770 570 1817; x_wconf 88' lang='grc'>3).</span> 
     </span>
    </p>

    <p class='ocr_par' dir='ltr' id='par_1_9' title="bbox 182 1832 1727 2210">
     <span class='ocr_line' id='line_1_27' title="bbox 233 1832 1726 1883; baseline -0.001 -10"><span class='ocrx_word' id='word_1_213' title='bbox 233 1838 295 1874; x_wconf 81' lang='lat'>41.</span> <span class='ocrx_word' id='word_1_214' title='bbox 325 1835 488 1873; x_wconf 84' lang='lat' dir='ltr'>Interro.</span> <span class='ocrx_word' id='word_1_215' title='bbox 559 1834 628 1872; x_wconf 87' lang='lat' dir='ltr'>Est</span> <span class='ocrx_word' id='word_1_216' title='bbox 662 1833 778 1882; x_wconf 87' lang='lat' dir='ltr'>igitur</span> <span class='ocrx_word' id='word_1_217' title='bbox 815 1833 1063 1883; x_wconf 85' lang='lat' dir='ltr'>Magistratus</span> <span class='ocrx_word' id='word_1_218' title='bbox 1100 1832 1271 1871; x_wconf 87' lang='lat' dir='ltr'>minister</span> <span class='ocrx_word' id='word_1_219' title='bbox 1296 1834 1435 1883; x_wconf 76' lang='lat' dir='ltr'>,gladii</span> <span class='ocrx_word' id='word_1_220' title='bbox 1478 1834 1519 1872; x_wconf 87' lang='lat' dir='ltr'>in</span> <span class='ocrx_word' id='word_1_221' title='bbox 1555 1834 1726 1873; x_wconf 86' lang='lat' dir='ltr'>Ecclesia</span> 
     </span>
     <span class='ocr_line' id='line_1_28' title="bbox 185 1898 1727 1950; baseline -0.001 -13"><span class='ocrx_word' id='word_1_222' title='bbox 185 1900 337 1944; x_wconf 85' lang='lat' dir='ltr'>Christi,</span> <span class='ocrx_word' id='word_1_223' title='bbox 354 1899 507 1950; x_wconf 85' lang='lat' dir='ltr'>perinde</span> <span class='ocrx_word' id='word_1_224' title='bbox 525 1902 636 1949; x_wconf 88' lang='lat' dir='ltr'>atquc</span> <span class='ocrx_word' id='word_1_225' title='bbox 656 1898 840 1936; x_wconf 88' lang='lat' dir='ltr'>Doctores</span> <span class='ocrx_word' id='word_1_226' title='bbox 860 1912 903 1945; x_wconf 80' lang='lat' dir='ltr'>ac</span> <span class='ocrx_word' id='word_1_227' title='bbox 922 1899 1094 1936; x_wconf 84' lang='lat' dir='ltr'>Pastores</span> <span class='ocrx_word' id='word_1_228' title='bbox 1115 1902 1202 1936; x_wconf 89' lang='lat' dir='ltr'>sunt</span> <span class='ocrx_word' id='word_1_229' title='bbox 1220 1898 1324 1936; x_wconf 86' lang='lat' dir='ltr'>verbi</span> <span class='ocrx_word' id='word_1_230' title='bbox 1344 1898 1475 1936; x_wconf 89' lang='lat' dir='ltr'>Divini</span> <span class='ocrx_word' id='word_1_231' title='bbox 1487 1898 1668 1945; x_wconf 84' lang='lat' dir='ltr'>Ministri‚</span> <span class='ocrx_word' id='word_1_232' title='bbox 1684 1902 1727 1936; x_wconf 88' lang='lat' dir='ltr'>ut</span> 
     </span>
     <span class='ocr_line' id='line_1_29' title="bbox 183 1963 1726 2016; baseline -0.001 -14"><span class='ocrx_word' id='word_1_233' title='bbox 183 1964 497 2016; x_wconf 85' lang='lat' dir='ltr'>quemadmodum</span> <span class='ocrx_word' id='word_1_234' title='bbox 534 1964 597 2001; x_wconf 89' lang='lat' dir='ltr'>isti</span> <span class='ocrx_word' id='word_1_235' title='bbox 633 1963 776 2012; x_wconf 80' lang='lat' dir='ltr'>flagitia</span> <span class='ocrx_word' id='word_1_236' title='bbox 812 1963 936 2001; x_wconf 88' lang='lat' dir='ltr'>omnia</span> <span class='ocrx_word' id='word_1_237' title='bbox 965 1963 1069 2001; x_wconf 86' lang='lat' dir='ltr'>verbi</span> <span class='ocrx_word' id='word_1_238' title='bbox 1096 1963 1228 2000; x_wconf 89' lang='lat' dir='ltr'>Divini</span> <span class='ocrx_word' id='word_1_239' title='bbox 1255 1964 1456 2001; x_wconf 85' lang='lat' dir='ltr'>autoritate</span> <span class='ocrx_word' id='word_1_240' title='bbox 1484 1977 1527 2001; x_wconf 80' lang='lat' dir='ltr'>ex</span> <span class='ocrx_word' id='word_1_241' title='bbox 1555 1964 1726 2002; x_wconf 83' lang='lat' dir='ltr'>Ecclesia</span> 
     </span>
     <span class='ocr_line' id='line_1_30' title="bbox 182 2028 1727 2082; baseline 0 -15"><span class='ocrx_word' id='word_1_242' title='bbox 182 2031 384 2082; x_wconf 85' lang='lat' dir='ltr'>profligare</span> <span class='ocrx_word' id='word_1_243' title='bbox 421 2029 558 2067; x_wconf 87' lang='lat' dir='ltr'>debent</span> <span class='ocrx_word' id='word_1_244' title='bbox 598 2028 705 2065; x_wconf 79' lang='lat' dir='ltr'>iuxta</span> <span class='ocrx_word' id='word_1_245' title='bbox 733 2028 953 2079; x_wconf 87' lang='lat' dir='ltr'>disciplinae</span> <span class='ocrx_word' id='word_1_246' title='bbox 980 2028 1223 2079; x_wconf 88' lang='lat' dir='ltr'>Apostolicae</span> <span class='ocrx_word' id='word_1_247' title='bbox 1249 2041 1371 2074; x_wconf 87' lang='lat' dir='ltr'>usum,</span> <span class='ocrx_word' id='word_1_248' title='bbox 1398 2029 1451 2066; x_wconf 82' lang='lat' dir='ltr'>ita</span> <span class='ocrx_word' id='word_1_249' title='bbox 1481 2028 1727 2078; x_wconf 85' lang='lat' dir='ltr'>Magistratus</span> 
     </span>
     <span class='ocr_line' id='line_1_31' title="bbox 185 2092 1726 2146; baseline 0 -14"><span class='ocrx_word' id='word_1_250' title='bbox 185 2108 334 2146; x_wconf 88' lang='lat' dir='ltr'>quoque</span> <span class='ocrx_word' id='word_1_251' title='bbox 360 2108 424 2146; x_wconf 88' lang='lat' dir='ltr'>per</span> <span class='ocrx_word' id='word_1_252' title='bbox 450 2093 568 2144; x_wconf 84' lang='lat' dir='ltr'>gladii</span> <span class='ocrx_word' id='word_1_253' title='bbox 596 2093 845 2131; x_wconf 85' lang='lat' dir='ltr'>ministerium</span> <span class='ocrx_word' id='word_1_254' title='bbox 875 2093 940 2130; x_wconf 88' lang='lat' dir='ltr'>illa</span> <span class='ocrx_word' id='word_1_255' title='bbox 966 2093 1101 2144; x_wconf 89' lang='lat' dir='ltr'>puniat</span> <span class='ocrx_word' id='word_1_256' title='bbox 1129 2096 1163 2131; x_wconf 88' lang='lat' dir='ltr'>et</span> <span class='ocrx_word' id='word_1_257' title='bbox 1189 2092 1383 2144; x_wconf 87' lang='lat' dir='ltr'>publicam</span> <span class='ocrx_word' id='word_1_258' title='bbox 1411 2093 1726 2144; x_wconf 88' lang='lat' dir='ltr'>tranquillitatem</span> 
     </span>
     <span class='ocr_line' id='line_1_32' title="bbox 185 2157 1103 2210; baseline -0.003 -13"><span class='ocrx_word' id='word_1_259' title='bbox 185 2172 269 2197; x_wconf 90' lang='lat' dir='ltr'>eum</span> <span class='ocrx_word' id='word_1_260' title='bbox 298 2159 400 2196; x_wconf 87' lang='lat' dir='ltr'>omni</span> <span class='ocrx_word' id='word_1_261' title='bbox 428 2158 566 2210; x_wconf 79' lang='lat' dir='ltr'>pietate</span> <span class='ocrx_word' id='word_1_262' title='bbox 595 2157 836 2195; x_wconf 88' lang='lat' dir='ltr'>coniunctam</span> <span class='ocrx_word' id='word_1_263' title='bbox 865 2161 1013 2195; x_wconf 88' lang='lat' dir='ltr'>tueatur</span> <span class='ocrx_word' id='word_1_264' title='bbox 1040 2158 1103 2207; x_wconf 72' lang='lat'>4)&#39;?</span> 
     </span>
    </p>

    <p class='ocr_par' dir='ltr' id='par_1_10' title="bbox 181 2222 1724 2404">
     <span class='ocr_line' id='line_1_33' title="bbox 236 2222 1724 2276; baseline 0 -14"><span class='ocrx_word' id='word_1_265' title='bbox 236 2225 400 2276; x_wconf 87' lang='lat' dir='ltr'>Respon.</span> <span class='ocrx_word' id='word_1_266' title='bbox 454 2224 514 2261; x_wconf 85' lang='lat' dir='ltr'>Ita</span> <span class='ocrx_word' id='word_1_267' title='bbox 550 2236 717 2274; x_wconf 90' lang='lat' dir='ltr'>prorsus.</span> <span class='ocrx_word' id='word_1_268' title='bbox 771 2222 960 2261; x_wconf 87' lang='lat' dir='ltr'>Docemur</span> <span class='ocrx_word' id='word_1_269' title='bbox 995 2223 1096 2261; x_wconf 87' lang='lat' dir='ltr'>enim</span> <span class='ocrx_word' id='word_1_270' title='bbox 1135 2222 1376 2272; x_wconf 86' lang='lat' dir='ltr'>Magistratui</span> <span class='ocrx_word' id='word_1_271' title='bbox 1400 2222 1567 2272; x_wconf 81' lang='lat' dir='ltr'>gladium</span> <span class='ocrx_word' id='word_1_272' title='bbox 1596 2238 1617 2261; x_wconf 84' lang='lat' dir='ltr'>a</span> <span class='ocrx_word' id='word_1_273' title='bbox 1644 2223 1724 2262; x_wconf 88' lang='lat' dir='ltr'>Do-</span> 
     </span>
     <span class='ocr_line' id='line_1_34' title="bbox 186 2287 1724 2329; baseline -0.003 0"><span class='ocrx_word' id='word_1_274' title='bbox 186 2290 290 2329; x_wconf 91' lang='lat' dir='ltr'>mino</span> <span class='ocrx_word' id='word_1_275' title='bbox 326 2289 426 2328; x_wconf 85' lang='lat' dir='ltr'>tradi</span> <span class='ocrx_word' id='word_1_276' title='bbox 454 2289 502 2327; x_wconf 92' lang='lat' dir='ltr'>ad</span> <span class='ocrx_word' id='word_1_277' title='bbox 529 2288 674 2328; x_wconf 83' lang='lat' dir='ltr'>laudem</span> <span class='ocrx_word' id='word_1_278' title='bbox 701 2288 888 2326; x_wconf 90' lang='lat' dir='ltr'>bonorum</span> <span class='ocrx_word' id='word_1_279' title='bbox 917 2292 953 2326; x_wconf 91' lang='lat' dir='ltr'>et</span> <span class='ocrx_word' id='word_1_280' title='bbox 989 2288 1036 2326; x_wconf 88' lang='lat' dir='ltr'>ad</span> <span class='ocrx_word' id='word_1_281' title='bbox 1064 2291 1204 2326; x_wconf 87' lang='lat' dir='ltr'>metum</span> <span class='ocrx_word' id='word_1_282' title='bbox 1230 2300 1274 2325; x_wconf 89' lang='lat' dir='ltr'>ac</span> <span class='ocrx_word' id='word_1_283' title='bbox 1301 2287 1507 2326; x_wconf 88' lang='lat' dir='ltr'>vindictam</span> <span class='ocrx_word' id='word_1_284' title='bbox 1534 2287 1724 2326; x_wconf 87' lang='lat' dir='ltr'>facinoro-</span> 
     </span>
     <span class='ocr_line' id='line_1_35' title="bbox 181 2357 380 2404; baseline -0.01 -9"><span class='ocrx_word' id='word_1_285' title='bbox 181 2369 308 2396; x_wconf 84' lang='lat' dir='ltr'>sorum</span> <span class='ocrx_word' id='word_1_286' title='bbox 334 2357 380 2404; x_wconf 81' lang='grc'>5).</span> 
     </span>
    </p>

    <p class='ocr_par' dir='ltr' id='par_1_11' title="bbox 186 2417 1724 2523">
     <span class='ocr_line' id='line_1_36' title="bbox 236 2417 1724 2468; baseline -0.002 -10"><span class='ocrx_word' id='word_1_287' title='bbox 236 2423 298 2459; x_wconf 77' lang='lat'>42.</span> <span class='ocrx_word' id='word_1_288' title='bbox 327 2420 488 2458; x_wconf 87' lang='lat' dir='ltr'>Interro.</span> <span class='ocrx_word' id='word_1_289' title='bbox 544 2419 649 2456; x_wconf 91' lang='lat' dir='ltr'>Num</span> <span class='ocrx_word' id='word_1_290' title='bbox 668 2431 755 2456; x_wconf 86' lang='lat' dir='ltr'>vero</span> <span class='ocrx_word' id='word_1_291' title='bbox 787 2430 916 2455; x_wconf 86' lang='lat' dir='ltr'>omnes</span> <span class='ocrx_word' id='word_1_292' title='bbox 935 2417 991 2454; x_wconf 88' lang='lat' dir='ltr'>illi</span> <span class='ocrx_word' id='word_1_293' title='bbox 1019 2420 1107 2455; x_wconf 89' lang='lat' dir='ltr'>sunt</span> <span class='ocrx_word' id='word_1_294' title='bbox 1126 2430 1254 2455; x_wconf 82' lang='lat' dir='ltr'>revera</span> <span class='ocrx_word' id='word_1_295' title='bbox 1280 2417 1349 2454; x_wconf 91' lang='lat' dir='ltr'>filii</span> <span class='ocrx_word' id='word_1_296' title='bbox 1378 2417 1459 2465; x_wconf 90' lang='lat' dir='ltr'>Dei,</span> <span class='ocrx_word' id='word_1_297' title='bbox 1487 2417 1552 2468; x_wconf 90' lang='lat' dir='ltr'>qui</span> <span class='ocrx_word' id='word_1_298' title='bbox 1579 2430 1659 2455; x_wconf 85' lang='lat' dir='ltr'>sese</span> <span class='ocrx_word' id='word_1_299' title='bbox 1676 2417 1724 2455; x_wconf 90' lang='lat' dir='ltr'>ad</span> 
     </span>
     <span class='ocr_line' id='line_1_37' title="bbox 186 2483 1365 2523; baseline -0.003 0"><span class='ocrx_word' id='word_1_300' title='bbox 186 2485 287 2523; x_wconf 91' lang='lat' dir='ltr'>hunc</span> <span class='ocrx_word' id='word_1_301' title='bbox 313 2485 465 2523; x_wconf 91' lang='lat' dir='ltr'>modum</span> <span class='ocrx_word' id='word_1_302' title='bbox 494 2488 670 2522; x_wconf 84' lang='lat' dir='ltr'>externae</span> <span class='ocrx_word' id='word_1_303' title='bbox 698 2483 840 2522; x_wconf 89' lang='lat' dir='ltr'>Christi</span> <span class='ocrx_word' id='word_1_304' title='bbox 865 2483 1058 2521; x_wconf 88' lang='lat' dir='ltr'>Ecclesiae</span> <span class='ocrx_word' id='word_1_305' title='bbox 1085 2483 1365 2521; x_wconf 75' lang='lat' dir='ltr'>adiunxerant?</span> 
     </span>
    </p>

    <p class='ocr_par' dir='ltr' id='par_1_12' title="bbox 184 2547 1724 2729">
     <span class='ocr_line' id='line_1_38' title="bbox 237 2547 1724 2601; baseline -0.001 -13"><span class='ocrx_word' id='word_1_306' title='bbox 237 2551 400 2601; x_wconf 84' lang='lat' dir='ltr'>Respon.</span> <span class='ocrx_word' id='word_1_307' title='bbox 455 2549 774 2601; x_wconf 87' lang='lat' dir='ltr'>Haudquaquam.</span> <span class='ocrx_word' id='word_1_308' title='bbox 829 2548 927 2586; x_wconf 86' lang='lat' dir='ltr'>Sunt</span> <span class='ocrx_word' id='word_1_309' title='bbox 953 2548 1053 2586; x_wconf 87' lang='lat' dir='ltr'>enim</span> <span class='ocrx_word' id='word_1_310' title='bbox 1079 2548 1232 2599; x_wconf 86' lang='lat' dir='ltr'>plurimi</span> <span class='ocrx_word' id='word_1_311' title='bbox 1259 2547 1477 2598; x_wconf 87' lang='lat' dir='ltr'>hypocritae</span> <span class='ocrx_word' id='word_1_312' title='bbox 1516 2550 1553 2586; x_wconf 89' lang='lat' dir='ltr'>et</span> <span class='ocrx_word' id='word_1_313' title='bbox 1581 2561 1724 2600; x_wconf 88' lang='lat' dir='ltr'>semper</span> 
     </span>
     <span class='ocr_line' id='line_1_39' title="bbox 186 2611 1723 2662; baseline -0.002 -9"><span class='ocrx_word' id='word_1_314' title='bbox 186 2615 338 2653; x_wconf 88' lang='lat' dir='ltr'>fuerunt</span> <span class='ocrx_word' id='word_1_315' title='bbox 360 2616 471 2662; x_wconf 83' lang='lat'>(183)</span> <span class='ocrx_word' id='word_1_316' title='bbox 491 2614 529 2652; x_wconf 91' lang='lat' dir='ltr'>in</span> <span class='ocrx_word' id='word_1_317' title='bbox 560 2613 728 2651; x_wconf 84' lang='lat' dir='ltr'>Ecclesia</span> <span class='ocrx_word' id='word_1_318' title='bbox 747 2614 794 2661; x_wconf 77' lang='grc'>6),</span> <span class='ocrx_word' id='word_1_319' title='bbox 822 2612 885 2650; x_wconf 89' lang='lat' dir='ltr'>sed</span> <span class='ocrx_word' id='word_1_320' title='bbox 913 2612 969 2649; x_wconf 90' lang='lat' dir='ltr'>illi</span> <span class='ocrx_word' id='word_1_321' title='bbox 998 2612 1145 2650; x_wconf 87' lang='lat' dir='ltr'>demum</span> <span class='ocrx_word' id='word_1_322' title='bbox 1175 2616 1263 2660; x_wconf 85' lang='lat' dir='ltr'>sunt</span> <span class='ocrx_word' id='word_1_323' title='bbox 1281 2625 1365 2649; x_wconf 85' lang='lat' dir='ltr'>vere</span> <span class='ocrx_word' id='word_1_324' title='bbox 1383 2611 1452 2648; x_wconf 91' lang='lat' dir='ltr'>filii</span> <span class='ocrx_word' id='word_1_325' title='bbox 1478 2611 1549 2649; x_wconf 90' lang='lat' dir='ltr'>Dei</span> <span class='ocrx_word' id='word_1_326' title='bbox 1577 2615 1612 2649; x_wconf 86' lang='lat' dir='ltr'>et</span> <span class='ocrx_word' id='word_1_327' title='bbox 1639 2612 1723 2650; x_wconf 90' lang='lat' dir='ltr'>viva</span> 
     </span>
     <span class='ocr_line' id='line_1_40' title="bbox 184 2676 1722 2729; baseline -0.002 -11"><span class='ocrx_word' id='word_1_328' title='bbox 184 2680 376 2718; x_wconf 85' lang='lat' dir='ltr'>Ecclesiae</span> <span class='ocrx_word' id='word_1_329' title='bbox 411 2679 591 2724; x_wconf 89' lang='lat' dir='ltr'>membra,</span> <span class='ocrx_word' id='word_1_330' title='bbox 626 2679 692 2729; x_wconf 92' lang='lat' dir='ltr'>qui</span> <span class='ocrx_word' id='word_1_331' title='bbox 727 2678 800 2716; x_wconf 92' lang='lat' dir='ltr'>fide</span> <span class='ocrx_word' id='word_1_332' title='bbox 836 2690 913 2715; x_wconf 88' lang='lat' dir='ltr'>non</span> <span class='ocrx_word' id='word_1_333' title='bbox 949 2678 1037 2714; x_wconf 86' lang='lat' dir='ltr'>ficta</span> <span class='ocrx_word' id='word_1_334' title='bbox 1073 2683 1138 2715; x_wconf 89' lang='lat' dir='ltr'>aut</span> <span class='ocrx_word' id='word_1_335' title='bbox 1166 2677 1338 2715; x_wconf 90' lang='lat' dir='ltr'>simulata</span> <span class='ocrx_word' id='word_1_336' title='bbox 1375 2676 1413 2713; x_wconf 90' lang='lat' dir='ltr'>in</span> <span class='ocrx_word' id='word_1_337' title='bbox 1441 2676 1611 2714; x_wconf 88' lang='lat' dir='ltr'>Ecclesia</span> <span class='ocrx_word' id='word_1_338' title='bbox 1638 2691 1722 2715; x_wconf 85' lang='lat' dir='ltr'>ver-</span> 
     </span>
    </p>
   </div>
   <div class='ocr_carea' id='block_1_3' title="bbox 179 2774 306 2777">
    <p class='ocr_par' dir='ltr' id='par_1_13' title="bbox 179 2774 306 2777">
     <span class='ocr_line' id='line_1_41' title="bbox 179 2774 306 2777; baseline 0 0"><span class='ocrx_word' id='word_1_339' title='bbox 179 2774 306 2777; x_wconf 95' lang='lat' dir='ltr'> </span> 
     </span>
    </p>
   </div>
   <div class='ocr_carea' id='block_1_4' title="bbox 224 2817 1640 2920">
    <p class='ocr_par' dir='ltr' id='par_1_14' title="bbox 224 2817 1640 2920">
     <span class='ocr_line' id='line_1_42' title="bbox 228 2817 1640 2862; baseline -0.003 -9"><span class='ocrx_word' id='word_1_340' title='bbox 228 2823 252 2862; x_wconf 95' lang='lat'>¹)</span> <span class='ocrx_word' id='word_1_341' title='bbox 275 2821 394 2853; x_wconf 82' lang='lat' dir='ltr'>Matth.</span> <span class='ocrx_word' id='word_1_342' title='bbox 417 2821 466 2852; x_wconf 85' lang='grc'>18.</span> <span class='ocrx_word' id='word_1_343' title='bbox 636 2821 663 2860; x_wconf 76' lang='lat'>2)</span> <span class='ocrx_word' id='word_1_344' title='bbox 687 2820 704 2851; x_wconf 92' lang='lat'>1</span> <span class='ocrx_word' id='word_1_345' title='bbox 729 2819 802 2851; x_wconf 90' lang='lat' dir='ltr'>Cor.</span> <span class='ocrx_word' id='word_1_346' title='bbox 826 2820 854 2850; x_wconf 82' lang='lat'>5.</span> <span class='ocrx_word' id='word_1_347' title='bbox 1025 2819 1052 2858; x_wconf 82' lang='lat'>3)</span> <span class='ocrx_word' id='word_1_348' title='bbox 1076 2819 1168 2849; x_wconf 88' lang='lat' dir='ltr'>Rom.</span> <span class='ocrx_word' id='word_1_349' title='bbox 1193 2817 1242 2848; x_wconf 85' lang='lat'>13.</span> <span class='ocrx_word' id='word_1_350' title='bbox 1412 2817 1439 2856; x_wconf 73' lang='lat'>⁴)</span> <span class='ocrx_word' id='word_1_351' title='bbox 1464 2817 1480 2848; x_wconf 91' lang='lat'>1</span> <span class='ocrx_word' id='word_1_352' title='bbox 1505 2817 1588 2849; x_wconf 85' lang='lat' dir='ltr'>Tim.</span> <span class='ocrx_word' id='word_1_353' title='bbox 1611 2817 1640 2849; x_wconf 81' lang='grc'>2.</span> 
     </span>
     <span class='ocr_line' id='line_1_43' title="bbox 224 2872 1264 2920; baseline -0.004 -11"><span class='ocrx_word' id='word_1_354' title='bbox 224 2878 252 2920; x_wconf 77' lang='lat'>⁶)</span> <span class='ocrx_word' id='word_1_355' title='bbox 275 2878 367 2910; x_wconf 84' lang='lat' dir='ltr'>Rom.</span> <span class='ocrx_word' id='word_1_356' title='bbox 391 2876 441 2910; x_wconf 84' lang='lat'>13.</span> <span class='ocrx_word' id='word_1_357' title='bbox 465 2876 482 2908; x_wconf 88' lang='lat' dir='ltr'>l</span> <span class='ocrx_word' id='word_1_358' title='bbox 506 2875 576 2910; x_wconf 87' lang='lat' dir='ltr'>Pet.</span> <span class='ocrx_word' id='word_1_359' title='bbox 599 2875 628 2908; x_wconf 79' lang='lat'>2.</span> <span class='ocrx_word' id='word_1_360' title='bbox 1021 2873 1049 2914; x_wconf 78' lang='lat'>⁶)</span> <span class='ocrx_word' id='word_1_361' title='bbox 1072 2872 1190 2905; x_wconf 83' lang='lat' dir='ltr'>Matth.</span> <span class='ocrx_word' id='word_1_362' title='bbox 1214 2872 1264 2905; x_wconf 82' lang='lat'>13.</span> 
     </span>
    </p>
   </div>
  </div>
 </body>
</html>
