1830 3147
834 88 902 128 579
1357 86 1432 134 [A.
1474 84 1520 122 D.
1546 85 1656 132 1544]

101 200 344 238 vehementius
377 198 480 242 ursit,
515 199 557 234 ut
587 199 652 233 aut
685 199 721 233 te
754 196 858 233 istinc
892 195 959 232 iam
985 194 1173 240 subducas,
1197 197 1262 232 aut
1287 193 1462 242 significes
1487 206 1532 231 an
1558 193 1642 230 istic

98 263 239 299 haerere
265 260 364 297 velis.

143 322 329 359 Caeterum
364 331 403 358 se
431 320 657 356 constantem
683 318 719 354 in
745 330 810 355 suo
836 318 1006 355 instituto
1032 329 1107 354 esse
1132 316 1291 361 affirmat,
1316 328 1433 364 neque
1459 328 1496 352 se
1521 317 1634 352 muta-

95 387 215 421 turum
240 383 407 425 animum,
441 381 510 418 nisi
535 380 571 417 id
597 393 662 427 ego
688 379 739 416 illi
767 380 944 417 suadeam.
992 379 1208 416 Praesertim
1234 376 1264 414 si
1289 378 1324 414 in
1350 377 1545 414 abiicienda
1569 377 1632 413 hac

94 448 158 481 tua
192 443 412 492 hypocriseos
446 441 545 480 larva
586 453 701 488 neque
743 453 846 478 suum
889 453 1005 488 neque
1046 453 1160 477 meum
1193 440 1277 477 item
1312 439 1496 479 consilium
1530 437 1638 486 sequi

95 505 213 542 velles.
247 505 323 541 Iam
349 503 383 540 id
410 503 485 539 fieri
513 515 582 539 non
609 505 738 551 potest,
765 514 841 538 mea
866 502 984 539 soror!
1012 504 1054 538 ut
1079 514 1152 538 non
1176 500 1309 548 aliquid
1334 501 1370 537 in
1395 499 1497 537 nobis
1515 511 1635 537 omnes

93 566 327 602 desideremus
351 585 398 593 —
424 564 582 600 homines
607 563 698 600 enim
724 575 858 607 sumus,
884 575 955 600 non
972 562 1090 609 angeli
1112 583 1160 591 -
1176 564 1213 598 et
1231 561 1391 610 profecto
1410 573 1474 597 nos
1492 572 1634 596 movere

96 639 166 663 non
193 625 323 662 debent
348 625 464 662 omnia
490 637 583 671 quae
608 625 644 660 in
669 623 771 660 nobis
797 628 922 660 mutuo
947 636 1019 660 non
1045 635 1299 670 usquequaque
1315 622 1514 671 probamus.
1540 621 1634 667 Quin

96 687 216 734 potius
250 687 426 722 sustinere
463 698 528 722 nos
563 687 688 721 mutuo
714 684 891 728 debemus,
916 683 1210 731 quemadmodum
1235 683 1371 719 Paulus
1397 683 1510 726 docet,
1537 687 1573 718 et
1598 682 1634 718 id

95 747 237 791 efficere,
264 751 305 783 ut
329 747 359 783 si
384 746 471 794 quid
496 746 625 792 corrigi
642 758 703 793 per
720 758 785 782 nos
803 747 921 792 queat,
947 757 1084 781 omnem
1104 745 1141 781 in
1159 744 1223 780 1100
1242 756 1380 792 operam
1397 743 1639 780 adhibeamus.

97 806 191 852 Quid
225 809 279 842 est
312 809 383 842 tam
417 817 523 853 grave
556 805 710 848 obsecro,
745 817 848 852 quam
874 804 954 841 fidei
980 804 1166 840 diversitas
1192 804 1285 840 inter
1310 815 1369 840 eos
1395 803 1457 850 qui
1483 815 1552 838 una
1577 802 1635 839 de-

99 866 204 903 beant
230 865 376 903 vivere?
404 868 441 902 et
466 868 585 902 tamen
610 865 713 902 docet
738 877 802 902 nos
828 864 972 908 Paulus,
1000 864 1208 900 sanctificari
1233 863 1409 900 infidelem
1435 863 1551 900 virum
1576 875 1638 910 per

96 927 233 964 fidelem
271 927 464 964 mulierem.
515 927 660 974 Quanto
693 926 831 963 facilius
865 926 975 973 igitur
1008 926 1139 972 corrigi
1172 927 1322 973 possunt
1355 937 1406 969 ea,
1441 937 1530 972 quae
1556 936 1636 960 011111

98 987 307 1025 infidelitate
331 988 525 1035 comparari
550 999 622 1024 11011
648 986 788 1024 debent.
837 986 954 1033 Quare
987 987 1042 1023 hic
1068 989 1115 1030 te,
1148 999 1223 1022 mea
1248 986 1365 1022 soror!
1393 986 1481 1022 nihil
1507 984 1641 1022 offendi

98 1049 216 1088 velim.
259 1049 326 1086 Sed
351 1052 536 1097 utcunque
561 1049 596 1086 id
621 1062 659 1085 se
684 1049 821 1086 habeat.
855 1049 933 1095 Ego
960 1049 1010 1084 ita
1036 1048 1119 1084 mihi
1144 1047 1186 1084 de
1212 1053 1248 1084 te
1274 1047 1478 1095 persuadeo,
1504 1050 1541 1083 te
1567 1059 1637 1083 non

99 1114 243 1160 propter
277 1110 390 1147 ullum
424 1111 597 1146 hominem
632 1110 727 1146 vitae
761 1112 844 1146 tuae
869 1121 981 1156 genus
1007 1111 1225 1145 mutaturam
1253 1121 1338 1152 esse,
1365 1107 1539 1154 siquidem
1565 1120 1640 1143 11111-

101 1174 178 1208 tare
211 1171 348 1216 debeas,
381 1171 442 1207 sed
478 1173 623 1219 propter
649 1170 758 1207 solam
785 1170 917 1206 Christi
944 1170 1089 1206 Domini
1113 1169 1260 1217 gloriam
1287 1168 1446 1216 exemplo
1471 1172 1536 1205 tuo
1561 1180 1641 1215 pro·

100 1233 319 1278 movendam,
358 1245 463 1280 quam
497 1234 527 1268 si
552 1233 650 1269 larva
675 1233 737 1268 hac
762 1234 825 1268 tua
850 1231 1077 1280 hypocritica,
1103 1231 1186 1267 dum
1212 1231 1248 1267 in
1274 1231 1335 1267 illa
1360 1231 1491 1274 haeres,
1517 1230 1639 1266 obscu-

100 1296 171 1333 rari
195 1295 319 1340 sentis,
354 1295 473 1332 eadem
499 1307 584 1331 sane
609 1306 715 1342 opera
741 1293 910 1340 intelligis
936 1293 1002 1329 tibi
1027 1293 1108 1330 istic
1134 1292 1345 1329 haerendum
1372 1293 1640 1339 haudquaquam

102 1369 190 1401 esse,
216 1357 247 1393 si
272 1356 407 1393 Christi
432 1355 579 1403 gloriam
604 1367 665 1402 per
691 1358 727 1391 te
752 1357 948 1402 promotam
975 1366 1057 1390 vere
1083 1354 1193 1402 cupis,
1218 1354 1355 1390 etiamsi
1381 1366 1483 1390 nemo
1509 1353 1556 1389 sit
1582 1365 1639 1389 us-

102 1430 208 1466 quam
234 1431 255 1454 a
279 1430 351 1465 quo
377 1418 570 1465 quidquam
596 1416 740 1454 omnino
767 1428 905 1464 sperare
932 1418 1206 1464 exspectareque
1230 1415 1354 1463 possis.

152 1479 307 1516 Proinde
339 1478 486 1527 probare
519 1491 589 1515 non
621 1491 777 1527 possum,
809 1482 852 1514 ut
886 1490 1009 1514 verum
1036 1477 1157 1521 fatear,
1184 1477 1279 1524 quod
1305 1476 1439 1520 scribis,
1465 1478 1502 1512 te
1527 1487 1642 1522 neque

104 1540 147 1577 de
172 1539 246 1576 ullo
280 1540 445 1587 coniugio
478 1539 638 1587 deinceps
672 1539 828 1586 cogitare
853 1538 944 1575 velle
978 1543 1014 1575 et
1047 1538 1138 1575 velle
1161 1537 1243 1574 istic
1268 1537 1407 1574 demum
1433 1548 1583 1579 manere,
1609 1535 1639 1572 si

107 1614 211 1649 quam
250 1601 286 1637 in
319 1602 429 1638 amico
464 1601 529 1637 hoc
562 1601 679 1637 videas
712 1601 957 1637 mutationem.
1008 1601 1089 1636 Sive
1124 1600 1215 1636 enim
1250 1599 1308 1635 illc
1334 1603 1450 1635 mutet
1474 1598 1642 1641 animum,

104 1663 180 1699 sive
204 1675 276 1699 non
310 1665 436 1707 mutet,
472 1668 513 1698 tu
545 1662 581 1698 id
607 1663 706 1709 sequi
732 1661 873 1699 interim
900 1661 1051 1705 debebis,
1078 1660 1173 1708 quod
1200 1660 1332 1696 Christi
1358 1659 1470 1706 gloria
1495 1670 1637 1707 poscere

106 1723 167 1761 abs
201 1726 237 1759 te
273 1723 426 1767 videtur,
462 1723 536 1759 sive
567 1725 605 1758 te
639 1723 812 1759 Dominus
845 1722 948 1758 alteri
981 1722 1068 1758 velit
1094 1721 1235 1764 nubere,
1262 1721 1395 1757 sivein
1423 1720 1641 1767 virginitatis

109 1784 277 1823 instituto
295 1796 507 1832 permanere.
533 1784 581 1820 Et
599 1784 628 1820 si
646 1796 727 1819 vere
744 1786 780 1820 et
800 1796 842 1820 cx
859 1783 974 1819 animo
993 1783 1123 1819 servire
1140 1783 1250 1830 cupis,
1268 1781 1363 1828 quod
1377 1793 1487 1828 spero,
1508 1780 1641 1817 Christi

107 1845 251 1894 gloriae,
278 1845 487 1882 haerendum
516 1845 581 1881 tibi
607 1845 747 1881 minime
773 1857 848 1881 0550
873 1844 1044 1891 cogitabis
1071 1843 1106 1879 in
1125 1856 1165 1880 co
1184 1844 1277 1879 vitae
1295 1855 1432 1889 genere,
1459 1844 1642 1888 utcunque

107 1920 144 1944 sc
168 1920 223 1944 res
250 1920 370 1944 omnes
396 1907 557 1950 habeant,
584 1905 690 1953 quod,
717 1908 759 1942 ut
784 1905 870 1942 nihil
888 1908 1068 1953 praeterea
1085 1904 1236 1948 accedat,
1257 1904 1332 1940 Deo
1350 1916 1432 1940 sanc
1449 1904 1640 1951 approbare

108 1972 189 2005 tuta
213 1969 429 2005 conscicntia
454 1971 517 2005 tua
542 1981 613 2004 11011
639 1967 763 2016 possiS.
795 1967 892 2003 Ilaec
919 1967 1010 2002 0111111
1037 1965 1141 2002 simul
1168 1978 1237 2001 non
1264 1968 1412 2013 possunt
1437 1964 1642 2008 consistere,

110 2028 201 2065 velle
227 2041 268 2065 cx
294 2029 410 2065 animo
435 2032 629 2076 promotam
656 2041 718 2076 per
743 2040 807 2064 1105
834 2027 901 2063 Dei
926 2027 1083 2074 gloriam,
1111 2027 1200 2063 etin
1219 2039 1258 2063 co
1277 2026 1372 2062 vitae
1389 2037 1516 2072 genere
1535 2025 1645 2061 nihilo

111 2090 225 2126 minus
251 2090 402 2134 haerere,
429 2089 525 2137 quod
550 2103 621 2126 non
647 2102 792 2138 prorsus
817 2089 905 2125 certi
931 2089 1040 2124 simus
1065 2087 1203 2136 probari
1229 2088 1318 2123 Deo.
1353 2087 1451 2122 Ccrti
1470 2099 1553 2123 vero
1571 2098 1647 2122 esse

111 2163 180 2187 11011
215 2163 401 2199 possumus
436 2151 472 2187 in
506 2150 572 2187 Dei
605 2150 747 2194 iudicio,
782 2149 919 2186 etiamsi
953 2161 1068 2185 eoram
1105 2148 1304 2185 hominibus
1330 2147 1419 2184 certi
1444 2147 1545 2183 nobis
1570 2159 1646 2183 esse

111 2211 303 2255 videamur,
339 2211 477 2260 probari
512 2212 587 2248 Deo
614 2211 727 2247 ullum
753 2210 847 2247 vitae
872 2222 994 2257 genuS,
1021 2209 1122 2246 euius
1148 2212 1307 2257 apertum
1334 2208 1575 2244 testimonium
1601 2208 1638 2243 in

112 2273 218 2310 verbo
245 2274 355 2321 ipsius
381 2286 452 2310 non
479 2272 676 2310 habeamus.
720 2272 790 2318 Qui
816 2284 895 2308 eum
921 2272 1015 2307 intra
1040 2284 1077 2307 50
1102 2270 1209 2307 animi
1234 2271 1396 2306 affectum
1423 2282 1504 2306 vere
1522 2270 1644 2312 sentit,

112 2348 187 2371 inea
212 2335 330 2371 soror!
359 2339 398 2371 ut
431 2347 491 2383 per
517 2347 554 2371 se
579 2340 775 2382 promotam
805 2333 916 2369 modis
943 2332 1104 2369 omnibus
1130 2332 1249 2379 cupiat
1274 2331 1419 2378 gloriam
1447 2330 1589 2373 Christi,
1616 2331 1646 2365 is

110 2397 204 2431 certe
230 2394 337 2431 dubio
372 2395 579 2441 incertoque
604 2394 720 2430 animo
746 2393 807 2430 diu
835 2405 910 2429 esse
936 2406 1007 2430 11011
1032 2394 1162 2441 potest,
1189 2394 1370 2428 ccrtumne
1395 2403 1439 2426 an
1465 2402 1548 2426 vero
1573 2402 1645 2425 am-

112 2455 256 2503 biguum
291 2458 460 2502 sequatur
495 2455 589 2491 vitae
615 2467 737 2502 genus,
772 2453 832 2491 sed
866 2466 947 2490 mox
982 2453 1055 2489 sine
1090 2453 1322 2489 haesitatione
1348 2451 1420 2487 ulla
1445 2451 1585 2494 statuit,
1613 2450 1648 2486 id

113 2518 177 2555 sibi
212 2518 355 2555 omnino
391 2516 608 2564 sequendum
645 2529 731 2560 esse,
766 2515 861 2563 quod
887 2518 984 2552 certo
1010 2515 1077 2551 scit
1103 2514 1237 2562 placere
1269 2514 1345 2550 Deo
1380 2517 1414 2550 01
1441 2513 1484 2549 ad
1509 2524 1648 2561 pronio-

115 2579 262 2615 vendam
289 2579 356 2615 Dei
382 2578 529 2626 gloriam
556 2577 725 2625 intelligit
751 2577 1000 2625 quoquomodo
1026 2577 1209 2624 pertinere.
1252 2576 1387 2611 Statuit
1412 2575 1497 2611 item
1524 2574 1646 2622 sugere

114 2641 188 2678 sine
214 2653 320 2685 mora,
346 2640 441 2688 quod
466 2640 562 2676 illius
587 2639 733 2687 gloriam
760 2639 945 2676 obscurare
972 2638 1094 2685 illique
1120 2650 1314 2685 repugnare
1340 2636 1491 2680 videtur,
1517 2636 1645 2672 nedum

115 2708 157 2738 ut
193 2702 224 2738 ei
257 2702 313 2738 vel
339 2714 441 2738 suum
473 2701 529 2737 vel
555 2701 760 2747 cuiusquam
787 2700 934 2736 alterius
961 2700 1034 2735 sive
1060 2699 1209 2735 hominis
1235 2700 1309 2736 sive
1334 2699 1401 2736 loci
1427 2697 1647 2736 commodum

115 2763 280 2800 honorem
308 2763 461 2799 favorem
487 2765 594 2809 atque
620 2762 913 2798 existimationem
941 2763 1144 2809 anteponat.

163 2825 290 2871 Quare,
325 2826 354 2861 si
380 2827 416 2862 te
452 2824 508 2861 vel
542 2827 626 2861 tuae
659 2824 769 2871 ipsius
802 2836 971 2872 personae
1003 2823 1060 2859 vel
1093 2822 1162 2859 loci
1197 2822 1233 2858 111
1269 2834 1339 2869 quo
1365 2820 1514 2857 versa1is
1541 2819 1651 2855 honor

113 2885 333 2922 commodum
375 2885 615 2934 tranquillitas
648 2887 756 2933 atque
789 2885 1016 2929 existimatio,
1051 2884 1080 2920 si
1115 2884 1306 2921 amicorum
1342 2885 1487 2919 tuorum
1529 2880 1648 2917 odium

1431 2944 1502 2985 37*
