1830 3147
781 82 847 119 591
1315 83 1377 131 [A.
1402 82 1448 120 D.
1474 83 1584 131 1545]

100 192 157 228 Sic
191 192 301 239 primo
335 202 416 227 vere
447 190 544 226 adfui
572 190 728 238 Principi
755 190 960 228 Coloniensi
985 190 1027 226 ab
1052 189 1115 227 illo
1142 193 1300 228 vocatus.
1348 191 1406 227 Sic
1431 194 1468 228 et
1493 203 1587 228 nunc

51 253 120 289 huc
146 253 237 296 veni,
270 252 421 289 libenter
445 251 488 288 ad
515 263 578 288 vos
604 264 719 299 usque
743 254 982 300 perrecturus,
1008 264 1099 300 quos
1125 265 1168 290 ex
1192 252 1308 288 animo
1334 252 1445 289 videri
1470 252 1587 301 cupio,

52 314 82 350 si
117 312 367 361 quoquomodo
401 312 570 348 licuisset.
619 312 686 349 Sed
717 325 833 361 neque
857 313 1087 360 Argentinam
1113 313 1284 360 proficisci
1308 313 1422 360 potui,
1447 315 1489 349 ut
1515 313 1586 349 Bu-

49 386 168 410 ccrum
202 373 366 416 viderem,
399 375 436 409 et
469 373 537 408 iam
572 386 678 421 cogor
703 386 843 410 rursum
869 374 1022 411 reditum
1047 373 1089 410 ad
1117 386 1211 410 meos
1235 373 1418 417 adornare,
1444 373 1586 421 iamque

51 447 128 472 cras
154 435 234 472 hinc
259 434 358 472 solvo
383 433 427 470 ad
453 434 652 483 Principem
679 435 936 479 Coloniensem,
962 435 1042 472 illac
1066 435 1109 472 ad
1133 447 1229 472 meos
1254 435 1445 472 rediturus.

100 497 154 533 De
179 508 255 533 mea
287 496 489 533 const-antia
516 496 553 532 in
579 508 620 533 eo
646 496 829 534 doctrinae
853 509 994 544 genere,
1020 496 1117 544 quod
1142 496 1241 533 vobis
1266 501 1487 545 perspectum
1512 508 1588 533 esse

50 561 150 606 puto,
176 571 245 596 non
271 562 336 602 est,
363 558 458 606 quod
484 558 674 606 quicquam
700 558 883 596 dubitetis.
933 559 1010 606 Ego
1036 562 1137 595 extra
1161 561 1299 595 certum
1324 558 1469 605 aliquod
1488 558 1587 595 verbi

52 620 174 656 Divini
198 621 441 658 testimonium
467 632 591 657 coecus
616 620 731 668 plane,
757 619 854 667 quod
878 619 922 656 ad
947 620 1079 656 Divina
1103 619 1247 663 attinet,
1266 632 1342 656 esse
1359 619 1452 663 volo,
1470 631 1586 667 neque

52 684 189 718 tantum
217 682 336 719 tribuo
361 682 428 718 ulli
452 682 623 719 humanae
647 681 856 731 prudentiae
880 681 990 718 ullive
1015 681 1221 724 industriae,
1247 686 1290 717 ut
1315 681 1368 717 illi
1385 681 1461 717 sine
1478 681 1586 718 verbo

50 742 119 778 niti
153 741 270 779 velim.
321 743 401 780 Scio
436 755 490 780 me
523 742 750 780 iudicandum
785 754 861 780 esse
887 742 970 779 olim
997 755 1066 779 non
1092 742 1134 778 ab
1161 741 1371 785 hominibus,
1397 744 1585 789 quantum-

48 801 136 837 libet
169 802 403 849 prudentibus
437 815 478 838 ac
503 802 707 850 ingeniosis,
742 802 802 839 sed
828 815 848 838 a
873 814 961 850 puro
994 806 1209 848 aeternoque
1235 801 1353 838 Verbo
1379 801 1458 846 Dei,
1484 801 1586 838 nobis

50 873 70 897 a
96 862 237 898 Christo
264 862 417 899 Domino
444 875 504 911 per
530 876 613 900 suos
638 863 831 911 Apostolos
857 863 1000 900 tradito.
1036 863 1132 900 Huic
1158 863 1280 910 itaque
1305 863 1371 900 soli
1395 876 1450 899 me
1467 866 1585 900 totum

50 934 114 970 pro
150 935 224 959 mea
264 923 468 960 infirmitate
501 923 661 968 subiicio,
695 927 731 960 et
769 923 961 960 Dominum
993 936 1126 971 precor,
1152 926 1194 959 ut
1220 936 1302 960 vere
1326 924 1423 971 regio
1448 927 1586 972 sceptro

49 984 115 1020 hoc
148 997 213 1021 suo
246 998 301 1022 me
335 997 455 1032 regere
489 985 655 1033 dignetur
689 985 732 1022 ad
767 985 915 1033 gloriam
948 985 1004 1022 sui
1036 985 1188 1022 nominis
1223 988 1259 1022 et
1291 984 1470 1022 Ecclesiae
1501 998 1585 1022 suae

49 1045 339 1084 aedificationem.
388 1047 458 1083 Hic
483 1059 607 1083 caussa
632 1047 813 1094 religionis
839 1047 1060 1094 negligenter
1092 1049 1269 1083 tractatur
1301 1050 1338 1084 et
1363 1047 1522 1084 fortassis
1547 1048 1585 1084 iu

49 1106 117 1142 alia
142 1107 295 1144 Comitia
319 1120 442 1144 rursus
469 1107 662 1146 differetur.
705 1109 816 1145 Plura
840 1122 911 1145 non
937 1121 1091 1155 possum,
1118 1111 1203 1156 opto
1230 1120 1293 1144 vos
1319 1120 1439 1145 omnes
1456 1108 1493 1145 in
1511 1109 1583 1146 Do-

49 1167 144 1205 mino
169 1171 265 1205 recte
290 1168 417 1206 valere.
467 1169 625 1218 Raptim.
675 1170 892 1207 Wormatiae
918 1169 975 1205 IX
999 1169 1101 1205 Junii
1127 1171 1232 1207 1545.

927 1231 1056 1268 Vester
1082 1243 1124 1268 ex
1149 1231 1264 1268 animo
1290 1233 1445 1278 quantus
1470 1234 1537 1276 est,

1040 1294 1212 1329 lomnes
1237 1293 1258 1329 a
1284 1293 1417 1330 LAsco.

50 1518 113 1556 N⁰.
141 1519 199 1557 27.
643 1521 690 1567 [ll.
701 1524 727 1557 S.
740 1524 807 1566 {Im-p.
821 1525 883 1559 Clu-i.
896 1524 952 1560 coll.
966 1525 1072 1559 cantabr.
1086 1523 1128 1559 10.
1140 1525 1150 1556 Ἰ
1159 1524 1194 1559 10.
1206 1530 1252 1559 111-1.
1264 1525 1307 1560 3⁶.
1319 1525 1336 1558 s.
1350 1525 1403 1559 1033.
1416 1525 1478 1566 orig.
1492 1524 1584 1565 lnolngr.

698 1583 763 1618 Vm.
776 1585 867 1624 anglica
881 1585 903 1616 in
918 1585 1010 1616 601111
1019 1596 1038 1616 111
1053 1586 1154 1619 nerana.
1168 1585 1303 1626 (ah-munga
1317 1585 1388 1619 Loud.
1401 1585 1469 1620 18:37,
1482 1595 1507 1627 p.
1519 1584 1579 1630 30‚]

669 1701 729 1738 An
757 1700 958 1738 Bucssssum.

95 1823 225 1872 Accepi
250 1835 361 1872 nuper
387 1822 428 1859 ab
455 1822 603 1860 Alberto
629 1825 752 1860 nostro
778 1822 917 1859 litteras
943 1823 1034 1866 tuas,
1060 1823 1115 1859 vir
1140 1823 1342 1861 doctissime
1354 1824 1366 1874 1
1388 1823 1519 1872 quibus
1536 1824 1580 1862 ad

47 1897 124 1922 mea
148 1885 232 1920 mihi
257 1897 348 1932 quae
372 1887 454 1921 ante
478 1884 616 1932 aliquot
641 1897 777 1920 menses
802 1884 844 1920 ad
871 1887 908 1920 te
933 1884 1138 1932 scripseram
1164 1886 1388 1934 respondisti.
1419 1887 1580 1924 Summas

48 1948 114 1984 tibi
139 1947 270 1995 gratias
297 1959 373 1994 ago,
400 1946 497 1994 quod
522 1946 616 1982 inter
642 1948 699 1983 tot
723 1949 868 1993 tamque
893 1945 1019 1982 arduas
1045 1947 1294 1995 occupationes
1312 1950 1392 1984 tuas
1409 1951 1579 1995 gravatus

47 2021 119 2045 non
145 2009 191 2045 sis
217 2008 359 2044 interim
385 2007 427 2044 ad
453 2020 508 2044 me
533 2008 638 2044 etiam
664 2008 715 2044 ita
739 2009 896 2044 amanter
922 2007 1082 2044 scribere.
1132 2008 1219 2056 Ego,
1245 2009 1293 2045 mi
1320 2010 1472 2047 Bucere!
1501 2010 1578 2048 ideo

46 2068 156 2105 libere
187 2068 230 2104 ad
264 2071 299 2105 tc
325 2068 448 2116 scripsi
474 2081 564 2116 quae
589 2068 714 2111 sentio,
750 2068 844 2115 quod
870 2068 935 2104 tibi
962 2068 1065 2116 cupio
1091 2082 1166 2105 mea
1192 2069 1330 2117 probari
1356 2071 1483 2114 omnia,
1514 2074 1578 2108 aut

47 2131 142 2166 certe
175 2129 315 2176 corrigi,
349 2129 461 2165 sicubi
495 2129 560 2165 tibi
595 2142 666 2165 non
699 2128 920 2164 satisfaciam.
971 2129 1014 2164 ld
1040 2129 1091 2165 ita
1116 2143 1153 2166 se
1178 2130 1294 2166 omnia
1319 2130 1454 2174 habere,
1479 2135 1577 2169 certo

45 2190 112 2227 tibi
137 2190 344 2237 persuadere
368 2192 480 2238 potes.
507 2189 572 2226 Sed
599 2190 628 2225 si
655 2190 771 2226 fontes
797 2190 972 2237 cuiusque
998 2189 1179 2227 doctrinae
1204 2192 1238 2227 111
1267 2191 1495 2229 fundamento
1515 2193 1577 2230 illo

45 2251 232 2298 diligenter
266 2251 349 2286 mihi
382 2250 633 2298 perquirendos
668 2263 742 2286 esse
776 2255 863 2298 puto
901 2251 983 2297 (scis
1017 2253 1117 2298 quo),
1153 2252 1355 2299 priusquam
1383 2253 1575 2300 quidquam

45 2312 147 2359 sequi
173 2311 288 2355 velim,
322 2311 355 2347 id
383 2324 464 2347 vcro
491 2314 527 2347 ct
552 2311 617 2347 tibi
644 2314 679 2348 et
705 2311 834 2358 cuique
852 2311 1041 2348 christiano
1061 2312 1190 2348 1101111111
1208 2317 1349 2359 gratum
1370 2314 1442 2350 sore
1460 2315 1576 2352 credo.

45 2373 173 2419 Neque
198 2385 282 2408 vero
308 2384 517 2419 magnopere
541 2371 583 2407 ab
610 2372 770 2415 invicem,
797 2375 970 2418 quantum
997 2385 1060 2420 ego
1087 2373 1227 2420 quidem
1249 2374 1403 2410 iudicare
1421 2388 1574 2422 possum,

44 2432 263 2477 dissidemus,
289 2433 358 2468 imo
384 2444 467 2469 vcro
493 2445 563 2469 11011
590 2435 661 2468 tam
687 2433 722 2468 in
748 2445 785 2469 re
810 2433 894 2480 ipsa,
920 2446 1024 2480 quam
1051 2434 1085 2469 in
1113 2434 1226 2470 verbis
1251 2435 1371 2482 potius
1388 2437 1574 2474 variamus.

44 2494 100 2530 Tu
124 2494 185 2538 ais,
213 2494 247 2529 111
274 2505 382 2529 coena
407 2493 484 2528 {lari
508 2496 541 2528 et
559 2495 689 2540 percipi
705 2493 983 2530 connnunionem
1002 2495 1159 2542 corporis
1177 2498 1212 2531 et
1230 2497 1411 2542 sanguinis
1430 2497 1574 2534 Christi.

44 2556 120 2603 Ego
147 2569 220 2593 eam
246 2555 354 2603 ipsam
380 2554 658 2591 communionem
685 2554 762 2591 dico
789 2555 824 2590 111
842 2567 948 2591 coena
965 2557 1143 2602 ohse'gsnari,
1162 2556 1269 2603 idque
1286 2557 1379 2593 illam
1398 2562 1573 2606 sequutus

43 2617 323 2660 similitudinem,
357 2628 461 2663 quam
487 2615 587 2651 nobis
613 2615 748 2652 Paulus
774 2617 810 2652 111
836 2617 1111 2653 circumcisionis
1138 2617 1370 2665 explicatione
1394 2622 1572 2668 proponit.

44 2679 133 2715 Cum
160 2678 251 2714 enim
278 2677 378 2713 fidem
406 2676 674 2724 promissionum
701 2677 736 2713 111
761 2677 886 2712 animis
911 2677 1041 2713 nostris
1059 2690 1186 2714 coenae
1203 2691 1271 2714 usu
1289 2679 1463 2727 obsignari
1481 2681 1572 2726 dieo,

43 2739 151 2786 ipsam
179 2751 321 2786 quoquc
347 2738 503 2785 corporis
529 2740 564 2773 et
591 2737 770 2784 sanguinis
798 2738 931 2774 Christi
957 2739 1236 2775 communionem
1255 2740 1320 2776 sub
1338 2741 1476 2778 nomine
1493 2755 1571 2789 pro-

43 2799 247 2835 missionum
282 2798 506 2846 complcetor,
541 2798 823 2846 quandoquidem
858 2798 952 2834 illam
978 2799 1207 2847 promissione
1233 2801 1333 2837 nobis
1359 2801 1508 2838 delatam
1535 2806 1572 2840 et

40 2860 248 2914 patefactam
276 2860 451 2896 habemus.
496 2859 541 2894 Et
569 2864 670 2894 tuum
697 2859 784 2896 illud
810 2861 886 2895 dari
910 2872 950 2895 aa
971 2861 1112 2906 percipi,
1140 2873 1210 2898 non
1237 2861 1286 2896 ita
1311 2861 1460 2898 multum
1488 2863 1570 2901 1111111
