1830 3147
195 85 257 133 [A.
282 84 328 121 D.
352 84 464 132 1556]
926 85 996 124 736

192 193 281 229 miae
317 191 511 229 relaturum
549 192 692 240 recepit.
741 192 787 228 In
812 204 920 229 coena
944 192 1056 229 habiti
1082 195 1166 229 sunt
1191 205 1366 230 sermones
1390 193 1607 241 lepidissimi,
1633 206 1724 242 quos

192 266 327 301 semper
359 252 544 290 condiebat
577 253 764 301 Philippus
789 254 863 289 suis
890 253 1036 290 facetiis.
1085 253 1211 290 Fiebat
1237 257 1273 291 et
1299 254 1496 302 Westphali
1520 253 1664 298 mentio,
1691 256 1728 291 et

192 315 306 352 omnis
339 315 442 363 culpa
476 315 651 352 excitatae
682 314 798 351 denuo
823 314 949 351 turbae
974 315 1009 351 in
1053 315 1196 352 ecclesia
1220 315 1255 352 in
1281 316 1396 364 ipsum
1422 318 1458 352 et
1483 315 1591 352 alium
1616 328 1725 363 quen-

192 376 271 412 dam
296 376 532 414 reiiciebatur.
582 376 788 413 Discessum
814 379 868 413 est
893 380 1016 425 postea
1040 377 1277 413 amantissime
1302 378 1344 413 ab
1370 377 1543 414 omnibus.

238 439 418 476 Postridie
443 439 568 486 itaque
593 438 848 475 adornabamus
874 439 1022 475 abitum,
1071 438 1148 486 Ego
1175 451 1258 475 vero
1285 452 1419 487 egeram
1447 452 1528 476 cum
1552 439 1727 488 Philippo,

191 503 234 536 ut
266 499 400 547 aliquid
425 500 468 536 ad
493 500 626 548 Regem
652 512 770 536 meum
797 501 826 547 ⁷)
853 499 1031 544 scriberet,
1057 503 1100 535 ut
1127 504 1287 536 mutuam
1313 501 1494 537 nobiscum
1521 500 1724 537 societatem

191 563 397 605 testaretur,
433 561 529 609 quod
561 563 598 598 et
631 563 851 609 peramanter
887 561 983 605 fecit,
1017 561 1226 609 scripsitque
1261 575 1332 599 non
1357 566 1498 598 tantum
1524 562 1567 598 ad
1592 562 1726 609 Regem

191 635 318 667 meum,
361 622 422 659 sed
457 624 562 659 etiam
599 622 642 658 ad
676 623 810 658 affinem
842 622 1006 669 Regium,
1032 635 1199 670 magnum
1224 622 1436 659 Lithuaniae
1460 623 1725 666 Cancessarium,

192 685 255 733 qui
280 684 471 722 secundum
498 685 631 732 Regem
657 685 750 720 inter
775 686 918 721 nostros
943 685 1075 732 primus
1101 688 1156 721 est
1180 685 1364 732 nostrique
1389 685 1590 722 iamdudum
1609 697 1724 721 aman-

191 746 363 791 tissimus,
389 748 425 783 et
451 745 634 783 nobiscum
660 746 803 783 omnino
829 746 950 783 sentit.
978 747 1068 782 Cum
1093 746 1204 793 igitur
1228 747 1295 783 iam
1313 747 1560 784 adornaremus
1577 746 1724 791 abitum,

189 807 394 855 priusquam
419 807 635 851 abiissemus,
662 808 762 843 venit
787 820 928 843 rursum
954 807 998 844 ad
1023 820 1100 852 nos,
1127 807 1318 855 literasque
1343 821 1461 844 secum
1485 808 1611 844 attulit
1628 820 1725 856 prae-

189 868 300 905 dictas
334 868 568 916 legendasque
601 869 807 916 priusquam
840 868 1045 916 obsignaret
1080 868 1181 905 nobis
1215 869 1362 906 tradidit
1393 882 1432 906 ac
1457 882 1539 906 mox
1565 869 1724 916 obsigna·

187 930 253 966 vit.
302 930 402 966 Nihil
434 930 525 967 enim
559 930 597 966 in
632 930 704 966 illis
739 930 921 978 potuimus
955 930 1163 974 desiderare,
1195 943 1310 978 neque
1343 930 1442 978 prius
1477 943 1541 967 nos
1567 930 1725 977 reliquit,

187 1004 294 1039 quam
319 992 439 1029 currui
464 994 587 1028 nostro
612 991 857 1029 insideremus.
905 992 1028 1040 Atque
1053 992 1105 1028 ita
1130 991 1270 1028 demum
1296 991 1391 1029 dicto
1417 992 1470 1029 illi
1495 992 1573 1029 vale
1590 992 1722 1028 Witte·

189 1052 329 1100 bergam
355 1052 563 1100 reliquimus
589 1054 632 1100 ⁸).

235 1115 318 1152 Huc
343 1116 373 1163 ⁹)
408 1128 492 1152 vero
518 1115 742 1163 pervenimus
766 1113 810 1150 ad
835 1114 933 1151 21um
958 1114 1050 1151 diem
1075 1114 1300 1158 Novembris,
1326 1114 1463 1162 excepti
1489 1117 1524 1150 et
1550 1113 1616 1158 hic,
1642 1126 1722 1150 cum

187 1190 208 1214 a
233 1177 411 1225 plerisque
435 1176 555 1213 amicis
579 1176 726 1219 civibus,
752 1179 829 1213 tum
845 1176 950 1213 etiam
968 1176 1010 1213 ab
1035 1177 1112 1224 ipso
1130 1177 1348 1224 Magistratu
1364 1176 1721 1213 honorificentissime.

189 1238 351 1285 Cumque
381 1238 450 1274 iam
482 1238 619 1275 solvere
644 1238 724 1274 hinc
750 1250 891 1274 rursum
916 1237 959 1274 ad
986 1239 1081 1274 2411111
1108 1238 1198 1275 diem
1223 1238 1436 1274 Novembris
1462 1238 1721 1281 statuissemus,

189 1298 418 1347 praecedente
444 1299 518 1335 eius
544 1299 613 1336 diei
639 1304 743 1336 nocte
768 1311 823 1335 me
856 1298 998 1335 morbus
1025 1311 1123 1335 meus
1157 1299 1274 1335 subito
1299 1299 1473 1347 corripuit
1506 1301 1541 1334 et
1566 1298 1603 1334 in
1628 1298 1722 1334 hunc

189 1373 305 1409 usque
330 1361 421 1398 diem
446 1361 613 1398 detinuit.
648 1362 725 1397 Iam
750 1363 866 1398 tamen
894 1361 1055 1398 nonnihil
1079 1362 1243 1405 remittit,
1268 1362 1383 1409 gratia
1408 1362 1456 1398 sit
1483 1361 1654 1398 Domino!
1674 1361 1723 1397 sic

190 1423 234 1457 ut
258 1433 333 1457 cras
357 1423 422 1458 aut
445 1421 610 1469 perendie
635 1433 700 1457 nos
724 1421 804 1457 hinc
830 1420 1044 1458 discessuros
1070 1433 1258 1470 speremus.
1308 1420 1354 1457 In
1378 1421 1492 1469 patria
1517 1433 1621 1468 porro
1646 1433 1722 1457 mea

191 1495 247 1520 res
271 1483 322 1519 ita
347 1495 384 1519 se
408 1482 548 1519 habent.
573 1482 732 1529 Legatus
758 1481 938 1518 Romanae
962 1481 1095 1518 bestiae
1119 1481 1206 1517 nihil
1231 1494 1301 1518 non
1326 1481 1411 1529 agit,
1435 1484 1477 1518 ut
1503 1494 1726 1529 progressum

191 1543 376 1592 Evangelii
400 1543 579 1592 impediat.
605 1543 781 1580 Beneficio
799 1545 915 1579 tamen
929 1542 1050 1579 divino
1076 1543 1113 1578 in
1130 1542 1203 1579 dies
1227 1546 1378 1590 augetur
1403 1542 1580 1579 Ecclesiae
1604 1556 1723 1580 nume-

192 1618 253 1642 rus
287 1605 430 1654 passim,
464 1605 525 1642 sed
559 1618 639 1642 cum
673 1605 898 1641 incrementis
940 1604 1116 1641 Ecclesiae
1139 1604 1289 1640 assiduis
1314 1607 1492 1651 augentur
1518 1605 1622 1641 etiam
1647 1605 1726 1641 odia

192 1668 458 1705 Pharisaeorum
483 1667 520 1703 in
546 1679 666 1704 omnes
692 1666 779 1714 pios,
806 1666 868 1713 qui
893 1665 937 1702 ad
962 1669 1165 1702 nostrorum
1183 1666 1397 1702 incrementa
1413 1665 1515 1713 plane
1532 1665 1727 1703 insaniunt.

194 1730 321 1767 Conati
346 1734 432 1766 sunt
466 1728 676 1778 persuadere
708 1729 813 1776 Regi,
845 1731 889 1765 ut
922 1730 1060 1776 praeter
1092 1730 1302 1775 conceptum
1336 1727 1469 1776 patriae
1494 1727 1549 1763 ius
1576 1727 1727 1764 Comitia

192 1791 292 1839 regni
323 1803 403 1828 cum
437 1790 641 1827 convocatis
674 1802 735 1838 per
769 1790 925 1838 privatas
951 1788 1126 1825 duntaxat
1150 1788 1271 1825 literas
1296 1788 1490 1836 praecipuis
1517 1788 1725 1835 quibusdam

194 1852 310 1900 Regni
323 1851 533 1889 Proceribus
546 1872 593 1881 —
605 1864 643 1888 re
659 1863 720 1899 per
737 1850 936 1899 provincias
955 1850 1097 1887 interim
1114 1863 1182 1887 non
1202 1849 1380 1898 publicata
1396 1871 1443 1878 —
1455 1850 1607 1887 Comitia
1624 1850 1724 1886 habe-

194 1914 260 1956 ret,
296 1914 333 1949 et
367 1911 537 1960 quicquid
562 1911 702 1948 demum
727 1910 776 1947 ibi
801 1923 881 1947 cum
907 1909 1120 1954 convocatis,
1146 1909 1313 1958 privatim
1340 1913 1381 1946 ut
1406 1909 1489 1953 dixi,
1515 1909 1725 1946 Proceribus

194 1973 264 2011 illis
296 1974 545 2017 constitueret,
579 1972 616 2009 id
647 1975 690 2009 ut
715 1972 858 2009 omnino
885 1972 1064 2009 observari
1089 1971 1231 2008 tandem
1274 1971 1411 2008 iuberet
1436 1984 1475 2007 ac
1499 1984 1647 2019 poenam
1673 1972 1725 2008 in-

195 2034 414 2072 obedientiae
446 2036 633 2071 statueret.
681 2033 900 2081 Feceratque
932 2032 968 2069 id
1001 2033 1091 2077 Rex,
1127 2032 1187 2069 sed
1220 2045 1291 2070 non
1325 2032 1495 2069 successit
1527 2032 1728 2075 consilium,

194 2108 275 2133 nam
299 2096 468 2132 Proceres
494 2108 625 2139 omnes,
650 2097 790 2143 praeter
815 2094 1020 2143 Episcopos,
1046 2096 1118 2130 tam
1143 2093 1270 2138 nostri,
1297 2106 1401 2141 quam
1428 2093 1594 2142 Papistae
1621 2094 1725 2131 etiam

195 2157 410 2193 unanimiter
435 2157 658 2200 restiterunt,
683 2167 798 2203 neque
823 2155 986 2192 assentiri
1012 2154 1085 2191 ullo
1111 2154 1214 2192 modo
1231 2154 1435 2199 voluerunt,
1456 2159 1498 2191 ut
1522 2155 1578 2191 ius
1595 2155 1728 2203 patriae

195 2218 368 2255 libertatis
400 2218 463 2255 hac
496 2218 532 2254 in
563 2219 664 2265 parte
700 2216 956 2264 quodammodo
992 2215 1198 2254 violaretur.
1246 2216 1410 2264 Suntque
1434 2215 1547 2253 multa
1571 2217 1727 2264 graviter

195 2278 291 2316 dicta
315 2280 351 2316 in
376 2280 493 2327 Papae
517 2279 706 2326 Legatum,
729 2279 781 2315 ita
806 2281 848 2315 ut
872 2281 996 2327 postea
1022 2278 1138 2315 iussus
1177 2279 1225 2315 sit
1249 2291 1309 2327 per
1335 2278 1468 2326 Regem
1492 2278 1591 2315 illinc
1616 2278 1725 2315 disce-

197 2341 290 2378 dere.
324 2341 489 2388 Suntque
524 2339 665 2377 demum
698 2338 868 2376 instituta
902 2338 1025 2375 invitis
1051 2339 1234 2387 Episcopis
1267 2351 1392 2386 magna
1425 2339 1542 2386 Regni
1574 2339 1726 2376 Comitia
1769 2330 1773 2331 ⁷

198 2401 240 2438 de
271 2413 379 2445 more,
412 2402 477 2438 hoc
512 2403 578 2445 est,
613 2413 650 2437 re
683 2400 780 2448 prius
815 2412 876 2449 per
911 2412 1031 2436 omnes
1064 2399 1182 2446 Regni
1206 2399 1406 2448 provincias
1431 2399 1592 2445 indicata,
1618 2402 1660 2436 ut
1684 2412 1726 2436 ex

198 2462 360 2499 omnibus
395 2461 595 2498 Provinciis
628 2461 756 2509 Legati
789 2473 852 2497 seu
889 2460 1128 2497 Commissarii
1163 2473 1204 2497 eo
1229 2461 1468 2504 mitterentur,
1494 2461 1557 2508 qui
1581 2461 1725 2497 tertium

199 2535 333 2571 semper
365 2523 568 2571 suffragium
601 2523 692 2559 ferre
725 2522 842 2559 solent
874 2522 911 2558 in
937 2522 1099 2558 omnibus
1123 2521 1271 2570 publicis
1310 2522 1427 2569 Regni
1452 2520 1726 2558 Constitutioni-

199 2584 278 2622 bus.
325 2585 426 2622 Haec
460 2597 545 2621 vero
580 2584 732 2621 Comitia
756 2583 926 2632 incipient
951 2583 1019 2619 iam
1045 2584 1154 2631 prima
1181 2583 1381 2620 Decembris
1405 2584 1626 2631 primumque
1652 2595 1723 2618 om—

200 2646 298 2682 nium
332 2646 374 2683 de
414 2646 584 2693 religione
617 2645 842 2683 tractandum
878 2645 957 2683 erit.
1005 2645 1158 2682 Proinde
1191 2658 1352 2693 cuperem
1379 2646 1512 2693 etipse
1536 2644 1727 2681 accelerare

201 2707 269 2744 iter
293 2720 421 2751 meum,
447 2709 621 2754 quantum
648 2707 789 2743 omnino
814 2706 981 2742 valetudo
1008 2719 1083 2742 mea
1108 2706 1199 2742 ferre
1223 2707 1356 2753 posset.

248 2766 499 2804 Lismanninus
519 2770 563 2813 ¹²)
588 2770 683 2804 recte
707 2767 803 2804 valet
828 2779 1038 2814 causamque
1064 2767 1138 2803 eius
1164 2767 1302 2815 publice
1335 2778 1449 2803 coram
1484 2764 1581 2812 Rege
1606 2765 1727 2801 adver-

202 2839 261 2863 sus
296 2827 488 2875 Episcopos
521 2830 634 2864 actam
667 2839 741 2864 esse
774 2827 842 2863 iam
875 2830 976 2874 puto.
1024 2827 1094 2863 Tot
1119 2828 1211 2864 enim
1236 2827 1411 2863 Patronos
1448 2825 1563 2870 habet,
1588 2828 1630 2861 ut
1656 2838 1728 2862 non

201 2889 371 2934 dubitem,
396 2889 448 2925 illi
473 2888 581 2926 fuisse
616 2889 777 2933 liberum,
809 2888 948 2937 publice
973 2891 1010 2925 et
1034 2888 1142 2926 libere
1166 2901 1304 2926 causam
1329 2900 1427 2925 suam
1452 2899 1564 2935 agere,
1590 2887 1650 2924 sed
1676 2887 1726 2924 rei
