1830 3147
180 95 251 131 166

180 205 251 244 Dei
286 206 504 245 accubitum
543 220 625 245 cum
655 209 874 247 Abrahamo
905 210 1037 248 Isaaco
1067 215 1102 250 et
1131 212 1285 261 Iacobo,
1319 218 1471 266 tamque
1499 229 1565 255 vos
1594 218 1639 256 de
1655 219 1725 257 illo

180 271 255 310 iam
294 276 414 310 certos
450 285 530 310 esse
565 272 703 311 fiducia
738 274 905 314 iustitiae
940 275 1066 314 meriti
1101 281 1138 315 et
1174 278 1354 318 victoriae
1389 280 1531 319 Christi
1558 281 1725 330 Domini,

179 337 218 374 in
256 350 416 388 quorum
455 339 718 377 communione
752 354 855 379 nunc
882 341 1075 391 obsignati
1104 356 1245 392 sumus,
1273 358 1386 397 quam
1416 350 1517 385 certo
1545 361 1649 386 nunc
1675 349 1723 387 ad

180 415 348 441 mensam
377 403 475 441 hanc
502 403 659 442 Domini
686 419 761 444 una
791 420 921 444 omnes
948 407 1204 449 accubuimus.
1235 413 1347 459 (259)

232 485 250 502 n
263 469 456 507 Praeterea
494 483 570 508 non
607 471 742 510 dubito
779 486 845 511 vos
882 472 1050 511 vicissim
1085 478 1230 514 motum
1260 477 1448 527 quendam
1475 478 1513 516 in
1545 479 1724 518 cordibus

180 533 313 571 vestris
352 534 503 581 sentire,
551 536 693 586 Spiritu
733 542 864 575 sancto
897 541 1042 585 autore,
1077 539 1123 576 ad
1157 541 1346 590 agendum
1382 543 1524 592 gratias
1559 543 1724 583 Divinae

180 598 407 648 benignitati
442 613 510 651 pro
549 601 665 639 tantis
703 602 805 640 hisce
841 603 1033 641 beneficiis
1067 617 1154 654 erga
1192 618 1261 643 nos
1298 608 1335 644 in
1375 607 1527 646 Christo
1556 595 1721 647 D'omino

180 663 340 710 collatis,
384 668 421 703 et
464 666 689 716 praestanda
726 680 795 718 pro
833 671 963 705 nostra
999 668 1098 705 virili
1134 670 1378 718 gratitudinis
1415 676 1567 710 nostrae
1602 673 1723 712 officia

175 729 315 775 omnia,
353 743 499 781 nempe,
534 736 576 768 ut
613 731 792 769 donatam
820 732 932 770 nobis
975 733 1048 770 iam
1079 733 1219 773 Christi
1250 734 1405 774 Domini
1429 737 1612 775 iustitiam
1641 752 1720 777 me-

174 793 288 831 ritum
325 807 368 832 ac
406 795 601 833 victoriam
637 796 844 847 exprimere
881 796 1004 835 modis
1040 798 1217 836 omnibus
1246 813 1424 839 conemur
1451 806 1488 840 et
1515 806 1620 841 tanta
1648 803 1721 841 Dei

175 858 215 897 in
261 859 372 898 nobis
410 861 509 898 dona
546 875 592 899 ne
626 875 775 899 rursum
812 862 966 911 flagitiis
1001 864 1142 902 nostris
1180 865 1478 904 contaminemus
1515 873 1719 919 nostraque

173 924 323 975 ipsimet
349 925 543 977 impietate
570 940 591 964 a
619 926 731 964 nobis
758 928 1024 978 propellamus.
1080 928 1187 966 Haec
1216 943 1282 967 vos
1312 944 1403 968 sane
1430 931 1558 969 omnia
1585 932 1626 969 in
1655 946 1719 970 ve-

174 990 261 1027 stris
290 990 467 1028 cordibus
497 991 658 1042 Spiritus
687 992 807 1029 sancti
835 992 1017 1030 beneficio
1037 994 1175 1032 sentire
1191 994 1315 1040 credo,
1333 1000 1368 1033 et
1384 995 1542 1047 proinde
1559 1010 1719 1048 aequum

174 1068 253 1092 esse
280 1061 385 1107 puto,
415 1060 452 1093 ut
481 1056 614 1094 horum
644 1057 828 1094 donorum
859 1058 1028 1095 omnium
1060 1059 1224 1104 nomine,
1251 1059 1291 1098 in
1318 1073 1441 1110 genua
1471 1065 1601 1099 nostra
1628 1075 1719 1113 pro-

173 1121 403 1166 cumbentes,
448 1121 528 1159 Deo
570 1125 605 1160 et
634 1123 736 1160 Patri
764 1126 895 1160 nostro
923 1124 1065 1172 gratias
1093 1137 1247 1174 agamus
1276 1129 1312 1163 et
1341 1127 1529 1177 supplices
1557 1140 1720 1173 oremus,

171 1190 213 1224 ut
248 1187 286 1224 in
324 1187 400 1225 illis
427 1187 550 1225 indies
593 1187 713 1237 magis
742 1201 786 1226 ac
813 1189 934 1238 magis
961 1202 1027 1240 per
1056 1202 1206 1228 omnem
1235 1191 1352 1228 vitam
1380 1198 1548 1229 nostram
1578 1193 1717 1230 confir-

169 1252 353 1292 memur.''

225 1383 510 1421 Gratiarum
547 1383 681 1422 actio
718 1388 830 1435 post
867 1384 1053 1423 Coenae
1081 1384 1372 1423 Dominicae
1399 1386 1717 1425 administra-

167 1448 368 1487 tionem.
398 1451 510 1498 (260)

220 1578 382 1617 Domine
409 1578 512 1617 Deus
539 1583 576 1617 et
602 1579 713 1617 Pater
740 1583 866 1618 noster
896 1580 1085 1619 coelestis!
1117 1580 1264 1633 agimus
1291 1581 1433 1631 gratias
1453 1585 1539 1620 tuae
1556 1582 1717 1621 Divinae

167 1643 360 1682 Maiestati
387 1658 453 1695 per
480 1644 600 1681 filium
629 1649 734 1682 tuum
767 1644 959 1682 Christum
987 1645 1115 1683 Iesum
1143 1645 1350 1684 Dominum
1378 1651 1414 1684 et
1441 1646 1715 1699 redemptorem

165 1714 350 1755 nostrum,
377 1709 480 1760 quod
507 1723 576 1747 nos
604 1710 643 1747 in
671 1709 800 1747 eodem
829 1713 911 1761 ipso
939 1710 1018 1748 filio
1045 1716 1111 1748 tuo
1140 1724 1160 1748 a
1187 1715 1309 1749 morte
1329 1715 1490 1759 aeterna,
1511 1713 1580 1750 sub
1601 1727 1714 1764 quam

168 1776 336 1814 conclusi
371 1776 573 1819 fueramus,
611 1788 786 1813 revocare
823 1775 1000 1824 dignatus
1037 1789 1076 1812 es
1113 1789 1178 1827 per
1212 1781 1452 1827 peccatorum
1494 1782 1713 1816 nostrorum

168 1841 335 1878 omnium
376 1841 413 1877 in
446 1844 564 1878 morte
592 1840 709 1890 ipsius
738 1839 995 1890 expiationem
1025 1845 1059 1878 et
1089 1840 1265 1879 donatam
1296 1842 1408 1880 nobis
1435 1843 1603 1891 gratuito
1632 1856 1713 1880 om-

168 1906 226 1944 nis
272 1919 360 1944 suae
394 1906 563 1943 iustitiae
608 1905 731 1943 meriti
769 1918 812 1942 ac
849 1906 1028 1943 victoriae
1069 1907 1387 1953 communionem,
1425 1921 1534 1958 quarn
1572 1909 1713 1960 alioqui

166 1977 207 2009 tu
253 1972 370 2009 solam
404 1972 441 2009 in
480 1975 630 2008 aeterna
667 1975 731 2007 tua
766 1969 1007 2021 providentia
1043 1971 1219 2017 intuitus,
1257 1972 1405 2023 corpori
1441 1985 1510 2010 nos
1546 1973 1712 2012 eiusdem

164 2035 282 2087 ipsius
320 2036 375 2074 tui
415 2035 485 2073 filii
521 2036 701 2080 inclusos,
737 2035 783 2072 ad
825 2035 940 2073 vitam
969 2038 1159 2073 aeternam
1189 2041 1275 2074 ante
1303 2037 1488 2074 mundum
1517 2037 1711 2076 conditum

166 2100 324 2150 elegisti,
369 2100 545 2151 quodque
589 2099 697 2137 illum
742 2099 854 2137 nobis
898 2104 1052 2151 propter
1089 2100 1267 2138 adnatam
1304 2105 1473 2139 nostram
1509 2102 1712 2140 infirmita-

165 2171 253 2212 tem,
289 2179 383 2217 quae
419 2165 579 2203 assiduis
613 2169 697 2214 eget
734 2165 921 2209 remediis,
954 2166 994 2202 in
1033 2166 1160 2203 cibum
1197 2179 1241 2204 ac
1268 2167 1512 2205 refectionem
1541 2174 1709 2206 nostram

166 2232 368 2269 salutarem
404 2230 544 2268 donare
581 2230 758 2279 dignatus
795 2244 845 2276 es,
874 2230 944 2267 sub
973 2231 1147 2268 instituto
1175 2244 1242 2282 per
1269 2231 1394 2282 ipsum
1422 2232 1528 2270 verbi
1554 2232 1612 2270 tui
1639 2232 1708 2270 Di-

166 2295 244 2332 vini
280 2299 315 2333 et
353 2296 680 2332 Sacramentorum
715 2295 756 2332 in
794 2308 860 2332 sua
897 2295 1067 2333 Ecclesia
1103 2295 1327 2342 ministerio,
1364 2297 1465 2347 quod
1505 2310 1606 2334 nunc
1641 2311 1708 2348 per

164 2364 269 2398 tuam
304 2360 464 2410 gratiam
501 2360 679 2411 exequuti
713 2373 854 2398 sumus.
909 2358 1166 2410 Agnoscimus
1206 2361 1297 2398 haec
1334 2362 1462 2399 omnia
1491 2362 1591 2400 dona
1621 2376 1709 2400 sane

165 2439 245 2463 esse
271 2426 438 2474 gratuita
465 2425 665 2463 ineffabilis
694 2430 778 2463 tuae
807 2426 991 2463 bonitatis
1020 2425 1182 2464 Divinae
1210 2439 1253 2464 ac
1280 2427 1572 2474 misericordiae,
1600 2441 1708 2478 prae-

163 2495 220 2528 ter
256 2504 366 2528 omne
401 2494 708 2540 no-(261)strum
748 2491 923 2529 meritum
960 2491 1000 2529 in
1038 2505 1108 2529 nos
1148 2493 1297 2531 collata.
1355 2493 1427 2529 Sed
1464 2497 1499 2530 et
1539 2496 1706 2532 nostram

163 2569 294 2592 rursus
330 2556 586 2594 infirmitatem
623 2569 666 2593 ac
702 2556 893 2593 miseriam
928 2556 969 2593 in
1007 2556 1119 2594 nobis
1157 2557 1251 2608 ipsis
1289 2557 1544 2607 agnoscimus,
1572 2571 1705 2609 nempe

160 2620 268 2673 *quod
306 2634 350 2658 ex
385 2621 495 2658 nobis
532 2622 624 2672 ipsis
661 2635 782 2672 neque
819 2621 917 2659 dona
955 2622 1046 2659 haec
1082 2626 1145 2660 tua
1181 2623 1342 2660 retinere
1379 2636 1499 2673 neque
1535 2628 1703 2661 nostram

164 2699 252 2735 erga
289 2689 326 2723 te
361 2686 632 2736 gratitudinem
670 2687 813 2730 testari,
846 2699 915 2737 pro
943 2699 985 2724 eo
1015 2700 1057 2724 ac
1086 2687 1277 2733 debemus,
1303 2688 1504 2738 possimus.
1561 2687 1705 2725 Quem-

163 2750 367 2788 admodum
393 2750 509 2799 igitur
536 2751 617 2797 tibi,
647 2751 693 2789 ad
720 2751 833 2802 pedes
861 2755 947 2788 tuos
975 2752 1178 2802 provoluti,
1205 2765 1272 2803 pro
1294 2750 1395 2790 hssce
1414 2752 1607 2790 beneficiis
1628 2753 1704 2791 tuis

161 2815 302 2865 gratias
331 2815 476 2864 agimus
504 2815 612 2853 Pater
642 2816 997 2854 beneficentissime!
1025 2816 1077 2854 ita
1106 2822 1140 2854 tc
1169 2817 1280 2855 etiam
1306 2830 1370 2867 per
1397 2817 1556 2855 eundem
1579 2818 1702 2868 ipsum

162 2881 283 2923 filium
310 2884 416 2918 tuum
443 2880 628 2935 supplices
655 2895 863 2934 precamur,
887 2884 930 2920 ut
959 2881 1057 2921 hanc
1084 2882 1204 2921 nostri
1231 2882 1270 2920 in
1296 2895 1413 2921 unum
1443 2895 1526 2926 curn
1548 2883 1698 2922 Christo
