1830 3147
871 76 938 114 761
1390 78 1456 124 [A.
1481 79 1529 115 1).
1554 79 1664 126 1559]

136 185 286 222 servavit
321 188 356 221 te
392 186 527 232 praeter
560 183 703 220 multam
729 183 918 220 multorum
945 185 1157 232 opinionem,
1187 190 1224 222 ut
1248 187 1283 222 in
1308 199 1348 223 eo
1373 187 1511 224 demum
1536 188 1668 236 Regiae

138 245 424 294 praeeminentiae
455 245 595 292 fastigio
630 245 703 281 eius
739 245 909 282 beneficio
943 246 1124 287 collocata,
1167 250 1267 284 tanto
1291 249 1419 284 maiore
1443 260 1526 285 cura
1551 249 1668 286 studio

138 317 178 342 ac
213 304 396 341 sedulitate
430 305 578 340 officium
612 308 711 340 tuum
749 309 913 351 praestes,
944 306 1010 342 nisi
1046 307 1075 342 si
1099 306 1163 342 tibi
1197 307 1273 354 ipsa
1298 311 1332 344 et
1358 310 1519 344 universo
1544 310 1667 357 Regno

139 371 201 402 tuo
231 366 317 402 iram
349 365 415 402 Dei
449 369 486 401 et
519 365 689 412 publicam
725 366 956 402 calamitatem
990 378 1166 404 accersere
1201 369 1451 415 ingratitudine
1484 375 1545 408 tua
1572 371 1671 412 velis,

138 430 267 474 quanto
290 427 398 474 magis
420 426 565 474 insignia
590 425 655 462 Dei
679 427 713 462 in
737 430 772 462 te
797 438 900 473 opera
924 427 1061 464 diffiteri
1086 441 1155 464 non
1180 433 1291 476 potes,

187 488 298 524 Tuum
324 488 389 523 erit
411 487 530 534 igitur,
553 488 775 523 Serenissima
798 488 935 536 Regina
959 488 1058 525 haec!
1085 489 1157 536 ipsa
1182 490 1215 525 in
1225 489 1327 527 corde
1345 493 1406 526 tuo
1422 495 1458 526 et
1473 490 1564 538 apud
1580 493 1666 528 alios

142 548 357 585 confessione
391 551 452 584 tua
483 549 672 583 attesteris.
720 548 855 583 Deinde
889 548 1055 584 intuenda
1087 552 1142 584 est
1179 550 1243 585 tibi
1268 550 1355 586 ratio
1379 551 1452 597 ipsa
1478 552 1670 587 vocationis

141 613 222 645 tuae
247 609 392 655 Regiae,
419 611 455 644 et
477 608 616 655 quidem
641 621 711 644 non
737 609 834 644 iuxta
859 609 1173 656 placitaliominum
1188 622 1482 658 quorumcunque,
1501 611 1563 647 sed
1576 613 1672 648 iuxta

140 673 319 705 aeternum
344 673 451 715 atque
476 668 690 704 immutabile
716 680 855 715 prorsus
882 670 1046 715 placitum
1072 671 1221 706 viventis
1244 672 1376 708 aeterni
1400 676 1436 707 et
1455 673 1671 719 omnipoten-

139 730 184 766 tis
216 729 296 765 Dei.
322 729 503 765 Postremo
528 729 565 765 in
590 728 654 765 hoc
678 729 742 765 tibi
767 729 876 766 modis
901 730 1058 767 omnibus
1083 731 1345 768 incumbendum
1371 734 1448 776 erit,
1466 737 1506 769 ut
1522 733 1671 770 officium

140 795 241 827 tuum
274 791 379 827 facias
413 803 474 837 pro
506 802 548 826 eo
580 802 621 827 ac
655 793 736 825 tuae
770 789 869 826 huius
908 792 1097 827 vocationis
1138 793 1226 828 ratio
1249 793 1285 829 id
1309 793 1407 829 iuxta
1433 794 1529 830 verbi
1555 794 1674 830 Diviui

141 853 384 900 praescriptum
417 851 620 899 postulabit.
669 852 725 888 Ac
756 851 799 887 de
822 851 922 888 donis
947 853 1085 900 quidem
1111 853 1176 889 Dei
1201 854 1459 901 opulentissime
1484 856 1519 891 in
1544 858 1579 891 te
1603 855 1674 892 col·

143 915 222 950 latis
258 912 352 949 aliud
386 912 441 949 hio
473 925 542 948 non
578 912 691 948 dicam
723 924 824 960 quam
861 917 902 948 ut
936 914 1082 960 cogites,
1119 913 1162 950 ab
1186 914 1250 957 his,
1277 915 1312 951 in
1337 927 1424 963 quos
1461 915 1568 952 multa
1593 919 1675 953 sunt

143 975 283 1016 collata,
311 973 420 1009 multa
445 973 526 1009 olim
552 974 655 1008 etiam
683 973 849 1020 exigenda
874 985 950 1009 esse
976 975 1010 1010 in
1037 974 1166 1012 iudicio
1192 974 1269 1017 Dei,
1293 975 1337 1011 ad
1361 976 1452 1024 quod
1466 977 1592 1024 alioqui
1612 988 1674 1012 nos

143 1047 261 1071 omnes
292 1034 370 1069 sisti
409 1033 548 1069 tandem
586 1033 724 1069 tandem
763 1034 950 1081 oportebit.
996 1035 1050 1070 De
1087 1034 1317 1082 peculiaribus
1354 1038 1437 1072 item
1477 1037 1542 1074 Dei
1577 1038 1674 1074 inte

144 1095 332 1133 erudienda
358 1094 601 1142 probandaque
627 1098 663 1130 et
687 1094 730 1130 ad
756 1095 901 1141 Regiam
928 1095 1018 1133 hanc
1043 1096 1247 1144 dignitatem
1266 1098 1311 1133 ad
1324 1102 1511 1135 extremum
1529 1099 1677 1135 evehen-

143 1159 221 1194 dam
248 1157 420 1204 operibus,
455 1155 550 1191 aliud
574 1168 643 1191 non
669 1155 805 1198 addam,
830 1168 933 1204 quam
956 1162 997 1193 ut
1023 1169 1155 1200 caveas,
1180 1170 1223 1195 ne
1248 1159 1318 1194 ulla
1344 1160 1380 1195 in
1405 1163 1439 1196 te
1463 1161 1566 1207 culpa
1590 1161 1676 1197 resi·

144 1218 227 1254 deat
250 1222 329 1253 tuae
353 1229 434 1264 erga
458 1216 570 1252 Deum
597 1216 856 1263 ingratitudinis
882 1220 918 1252 et
944 1217 1186 1265 negligentiae.

192 1278 375 1313 Caeterum
411 1277 454 1313 de
479 1277 610 1312 ratione
643 1277 716 1323 ipsa
741 1278 934 1313 vocationis
959 1281 1038 1313 tuae
1065 1279 1210 1326 Regiae,
1234 1279 1343 1326 deque
1365 1279 1435 1314 tuis
1458 1280 1495 1315 in
1520 1279 1580 1315 illa
1604 1280 1676 1316 offi—

145 1339 219 1382 ciis,
251 1339 317 1375 etsi
349 1338 460 1374 multa
491 1350 512 1373 a
547 1337 666 1373 multis
703 1337 878 1384 praeclare
913 1339 1044 1385 scripta
1070 1350 1144 1374 esse
1168 1351 1239 1375 nou
1264 1340 1396 1387 ignoro,
1419 1341 1588 1387 attingam
1614 1353 1678 1387 ego

147 1404 260 1436 tamen
298 1399 446 1447 paucula
482 1399 649 1446 quaedam
685 1399 786 1434 etiam
813 1402 849 1435 et
875 1399 998 1435 viduae
1022 1400 1254 1448 Evangelicae
1279 1400 1436 1447 exemplo
1460 1400 1529 1437 duo
1553 1401 1675 1438 saltem

148 1461 318 1497 minutula
355 1460 511 1495 adiiciam
546 1459 679 1507 magnis
712 1459 858 1495 aliorum
893 1460 1059 1503 donariis,
1093 1460 1139 1497 ad
1162 1461 1282 1509 templi
1306 1461 1384 1498 istic
1411 1462 1587 1498 Dominici
1612 1463 1677 1499 sub

145 1525 205 1557 tua
230 1520 480 1568 gubernatione
503 1520 803 1556 instaurationem.

192 1581 346 1617 Primum
371 1585 486 1616 autem
511 1581 622 1616 dicam
647 1579 689 1615 de
714 1580 845 1616 ratione
869 1580 944 1627 ipsa
968 1580 1158 1616 vocationis
1178 1584 1260 1617 tuae
1284 1581 1430 1629 Regiae,
1456 1582 1546 1619 circa
1570 1594 1675 1631 quam

147 1642 234 1679 illud
259 1642 323 1678 tibi
346 1645 428 1678 ante
452 1641 567 1677 omnia
590 1640 771 1677 discrimen
789 1640 1040 1677 observandum
1053 1641 1238 1689 diligenter
1256 1642 1334 1684 erit,
1359 1642 1450 1690 quod
1471 1643 1568 1680 uobis
1586 1645 1678 1680 inter

146 1703 330 1740 Ethnicum
357 1706 393 1738 et
417 1702 650 1738 Christianum
677 1701 868 1749 quemlibet
893 1702 1143 1749 Magistratum
1160 1704 1346 1750 Scripturis
1359 1705 1488 1740 sanctis
1504 1705 1678 1752 proditum

149 1762 324 1799 habemus.
371 1761 458 1797 Inde
481 1762 572 1797 enim
599 1761 700 1796 facile
725 1761 864 1797 demum
889 1773 1058 1808 agnosces
1085 1774 1199 1798 verani
1224 1767 1305 1799 tuae
1330 1765 1520 1800 vocationis
1544 1766 1677 1812 Regiae

148 1825 183 1860 in
207 1823 340 1860 Christi
365 1823 519 1860 Ecclesia
545 1822 726 1858 rationem.
754 1822 867 1869 Igitur
891 1822 934 1858 de
959 1823 1116 1860 Ethnicis
1142 1824 1299 1872 Regibus
1325 1825 1482 1862 Christus
1508 1826 1677 1863 Dominus

146 1886 190 1922 ad
225 1885 316 1921 hunc
341 1884 480 1920 modum
506 1884 726 1926 testificatur,
753 1883 846 1931 quod
872 1884 987 1932 Reges
1012 1885 1177 1921 Gentium
1204 1890 1330 1932 putent
1355 1899 1391 1922 se
1417 1887 1552 1923 illarum
1577 1888 1678 1924 Prin·

147 1948 241 1994 cipes
275 1958 358 1987 esse,
390 1946 454 1982 hoc
486 1949 552 1986 est,
586 1944 630 1980 ad
661 1945 899 1992 Principatum
933 1945 1103 1982 duntaxat
1127 1949 1163 1981 et
1200 1947 1423 1984 Dominatum
1448 1949 1482 1985 in
1507 1961 1587 1985 suos
1613 1949 1679 1985 sub

148 2008 377 2056 Magistratus
414 2006 518 2042 titulo
555 2007 684 2048 vocari,
721 2018 761 2043 ac
796 2006 939 2052 proinde
976 2009 1096 2053 gentes
1131 2007 1327 2054 Principum
1354 2021 1492 2045 suorum
1516 2010 1603 2046 duro
1627 2014 1680 2046 at-

146 2080 213 2116 que
253 2066 364 2114 exlegi
398 2066 539 2112 imperio
572 2066 688 2112 premi.
738 2067 817 2101 Hoc
853 2066 943 2101 euim
973 2065 1086 2101 innuit
1120 2066 1261 2102 verbum
1294 2070 1576 2116 καταικυριεύω,
1607 2082 1677 2118 quo

145 2140 226 2165 sane
256 2141 326 2164 non
362 2132 489 2162 temere
523 2131 559 2162 et
599 2126 800 2162 Matthaeus
833 2129 869 2162 et
901 2127 1039 2163 Marcus
1071 2127 1316 2174 Evangelistae
1350 2129 1383 2164 in
1410 2130 1524 2166 verbis
1549 2131 1680 2168 Christi

146 2190 287 2226 Domini
322 2193 484 2224 utuntur.
535 2188 589 2224 De
624 2188 824 2223 Christiano
858 2199 940 2223 vero
975 2189 1190 2235 Magistratu
1223 2189 1342 2225 multis
1366 2190 1566 2238 Scripturae
1593 2193 1678 2229 locis

146 2253 320 2292 docemur,
351 2262 428 2285 eum
462 2262 532 2285 non
566 2255 634 2284 tam
669 2249 824 2296 equidem
859 2249 902 2284 ad
930 2249 1153 2285 Dominatum
1184 2261 1285 2297 quam
1311 2252 1426 2297 potius
1450 2251 1494 2288 ad
1521 2254 1681 2290 Ministe-

148 2313 235 2348 rium
269 2311 335 2346 Dei
369 2310 404 2345 in
439 2309 512 2345 eius
539 2308 694 2345 Ecclesia
718 2310 841 2345 vocari.
893 2308 1070 2344 Praedicit
1097 2309 1268 2357 Propheta
1295 2312 1379 2353 fore,
1405 2318 1444 2348 ut
1469 2314 1681 2361 colligantur

148 2374 272 2420 Regna
304 2376 340 2407 et
365 2371 490 2418 Reges,
515 2370 573 2418 qui
597 2370 751 2405 serviant
780 2370 939 2405 Domino.
988 2370 1033 2406 Et
1058 2370 1141 2406 alibi
1163 2383 1300 2407 rursum
1325 2372 1445 2408 addita
1472 2375 1676 2421 gravissima

148 2432 412 2471 comminatione
447 2430 616 2477 repentini
648 2430 818 2469 interitus.
855 2429 932 2465 vult
957 2434 996 2466 ut
1032 2430 1148 2478 Reges
1183 2431 1323 2467 omnino
1347 2433 1382 2468 iu
1407 2445 1469 2469 sua
1496 2436 1677 2471 vocatione

149 2507 219 2529 nou
254 2491 410 2540 equidem
447 2490 589 2537 imperio
626 2502 700 2531 suo,
734 2494 774 2525 ut
809 2489 903 2531 libet,
936 2502 1016 2525 suos
1055 2495 1224 2537 premant,
1259 2492 1319 2527 sed
1357 2496 1397 2528 ut
1434 2493 1586 2530 Domino
1611 2507 1680 2531 ser·

148 2555 258 2590 viant.
286 2552 388 2588 Alius
413 2563 493 2586 vero
511 2550 685 2597 Propheta
711 2550 1000 2598 nE1·unt’¹i11quit
1028 2551 1340 2599 uReges‚A1tores
1356 2553 1420 2595 tui,
1439 2554 1537 2590 vultu
1557 2556 1592 2592 in
1609 2560 1679 2592 ter·

149 2629 220 2653 ram
242 2615 391 2651 demisso
413 2612 608 2648 adorabunt
634 2617 691 2647 te”
717 2614 753 2647 et
777 2624 865 2658 quae
892 2612 988 2658 plura
1011 2624 1051 2647 eo
1075 2612 1152 2648 loco
1178 2616 1212 2648 et
1238 2612 1408 2661 plerisque
1432 2614 1508 2650 aliis
1521 2615 1678 2663 Scriptu-

147 2689 203 2713 rae
228 2677 313 2713 locis
338 2674 472 2722 prodita
497 2674 671 2720 leguntur.
719 2674 822 2712 Quae
848 2685 929 2709 sane
954 2684 994 2709 eo
1019 2673 1193 2720 pertinent
1218 2675 1343 2713 omnia.
1369 2679 1406 2710 ut
1432 2675 1678 2724 intelligamus,

147 2749 246 2785 reges
291 2739 327 2772 et
360 2734 530 2782 principes
560 2733 774 2769 Christianos
812 2734 847 2769 in
882 2733 1036 2780 qualibet
1072 2733 1254 2770 excellenti
1289 2735 1441 2782 ipsorum
1481 2738 1678 2781 vocatione,

146 2810 216 2833 non
240 2809 322 2833 sane
345 2796 387 2831 ad
412 2794 625 2830 dominatum
650 2793 685 2828 in
709 2792 878 2834 subditos,
905 2804 1006 2840 quem
1032 2792 1172 2829 Ethnici
1197 2793 1376 2841 Principes
1408 2795 1474 2831 sibi
1496 2801 1678 2843 usurpant,

147 2859 206 2895 sed
232 2857 273 2893 ad
300 2856 366 2892 Dei
390 2855 495 2903 ipsius
521 2854 746 2890 ministerium
772 2852 809 2889 iu
834 2852 1058 2899 gubernando
1082 2852 1210 2902 populo
1235 2865 1299 2890 suo
1325 2855 1452 2893 vocari.
1484 2857 1588 2893 Absit
1613 2856 1678 2894 hoc
