1830 3147
184 136 247 183 [A.
272 134 318 170 D.
346 134 457 181 1551]
919 135 989 170 650

188 255 242 279 me
267 242 409 279 interim
436 241 527 278 Cels.
555 246 637 278 tuae
664 255 769 290 quam
795 255 938 291 possum
966 243 1225 281 officiosissime.
1272 246 1485 283 Commendo
1510 249 1547 284 et
1571 247 1723 295 collegas

183 303 265 340 istie
300 316 395 340 meos
428 316 621 351 eorumque
655 303 890 341 ministerium
922 307 959 342 et
994 317 1068 350 oro,
1092 307 1136 342 ut
1160 305 1248 343 illud
1272 307 1476 355 perturbari
1497 308 1648 357 amplius
1673 322 1719 346 nc

181 365 349 413 patiatur,
374 377 445 412 qua
468 364 512 400 de
536 377 574 401 re
600 364 698 401 brevi
722 365 835 413 plura.

227 425 382 463 Londini
408 426 453 465 17
477 425 610 474 Aprilis
636 427 740 463 Anno
766 428 871 464 1551.

957 486 1054 524 Tuae
1079 487 1293 525 Celsitudini
1315 489 1575 526 addictissimus

1008 547 1177 587 Ioannes
1200 549 1222 586 a
1245 550 1367 588 LAsco
1392 563 1438 588 m.
1463 563 1517 599 pr.

225 646 251 686 ¹)
273 644 323 677 De
345 646 462 677 nautae
483 644 579 677 huius
601 645 677 677 fatis
701 645 783 677 nihil
805 645 839 678 in
862 645 1031 678 annalibus
1053 648 1236 681 annotatur.

175 849 240 887 No·
266 850 324 890 75,
1163 851 1270 899 [Apogr.
1286 855 1346 888 Bibl.
1360 854 1496 890 1111060111.
1511 857 1538 890 Α.
1554 856 1611 892 405.
1623 856 1640 891 1.
1654 854 1712 902 73.]

790 973 846 1009 Ad
873 973 1091 1010 Canvmmu.

221 1094 330 1131 Dabis
364 1095 448 1132 mihi
481 1096 630 1140 veniam,
664 1095 719 1132 vir
753 1095 987 1132 sanctissime!
1024 1094 1120 1143 quod
1156 1107 1251 1132 nunc
1284 1095 1335 1132 ita
1358 1096 1479 1144 paucis
1505 1098 1542 1133 et
1577 1098 1709 1134 tumul-

173 1156 287 1193 tuarie
311 1156 355 1193 ad
381 1160 416 1193 te
442 1157 602 1193 scribam.
652 1157 768 1204 Cogor
794 1157 886 1193 enim
911 1156 980 1193 iam
1006 1169 1116 1204 equos
1142 1157 1210 1193 iter
1227 1157 1449 1205 ingressurus
1467 1158 1710 1196 conscendere.

171 1218 299 1256 Facere
334 1231 418 1255 vero
450 1218 549 1255 nolui
582 1222 625 1255 ut
650 1222 736 1255 tuus
761 1218 915 1255 nuncius
941 1219 1017 1255 sine
1042 1218 1128 1255 meis
1153 1218 1266 1255 literis
1291 1219 1335 1255 ad
1361 1222 1397 1255 te
1422 1219 1563 1264 rediret,
1587 1220 1711 1268 itaque

171 1280 298 1327 raptim
325 1293 435 1328 pauca
460 1280 610 1317 seribere
635 1280 744 1316 malui
769 1292 875 1327 quam
900 1279 1000 1316 nihil.
1034 1281 1198 1326 Agnosco
1224 1279 1362 1328 culpam
1387 1283 1519 1318 temere
1535 1294 1708 1319 commen-

170 1342 244 1379 dati
278 1342 435 1379 Floriani
469 1343 566 1379 illius
601 1345 638 1379 et
671 1343 803 1379 factum
837 1341 938 1379 doleo
960 1344 999 1389 ¹).
1051 1342 1118 1379 Sed
1151 1342 1239 1390 quid
1273 1343 1462 1380 faciamus?
1500 1344 1711 1382 credulitate

169 1408 206 1441 et
243 1404 328 1441 bene
361 1404 514 1441 merendi
553 1403 673 1440 studio
707 1406 890 1452 peccatum
923 1406 989 1448 est,
1015 1408 1050 1439 et
1076 1406 1231 1451 praestat
1256 1416 1321 1439 nos
1346 1404 1408 1440 hac
1433 1403 1471 1439 in
1495 1408 1596 1452 parte
1622 1406 1709 1450 falli,

171 1479 277 1514 quam
318 1472 361 1502 ut
400 1478 522 1513 parum
564 1465 708 1501 officiosi
743 1465 864 1501 simus.
922 1464 1028 1500 Nunc
1062 1464 1212 1500 hominis
1246 1465 1460 1512 imposturas
1493 1465 1708 1511 damnamus,

168 1532 398 1576 posteaquam
423 1527 501 1564 illas
527 1527 702 1563 novimus.
736 1526 792 1562 Tu
817 1539 880 1573 pro
907 1529 969 1562 tua
995 1526 1215 1562 humanitate
1242 1526 1369 1570 fecisti,
1388 1526 1484 1573 quod
1501 1540 1572 1563 non
1590 1530 1708 1564 totum

169 1590 204 1626 id
229 1590 402 1638 acceperis
429 1588 525 1637 quod
551 1589 618 1624 tibi
643 1587 846 1625 debebatur.
895 1587 965 1624 Sed
989 1601 1045 1624 me
1070 1587 1157 1623 nihil
1183 1587 1397 1631 offendisses,
1423 1589 1561 1625 etiamsi
1590 1592 1707 1627 totum

167 1653 376 1701 accepisses:
417 1652 487 1688 imo
526 1664 614 1695 ¹vero
648 1650 713 1687 hoc
746 1650 813 1686 tibi
844 1653 943 1687 certo
977 1650 1195 1698 persuadeas,
1230 1650 1313 1686 mihi
1348 1651 1423 1688 fore
1453 1652 1707 1700 gratissimum,

167 1715 197 1750 si
231 1719 268 1750 te
300 1714 375 1750 ullo
407 1713 511 1750 modo
545 1725 606 1760 per
631 1726 686 1750 me
711 1712 871 1748 adiuvari
896 1724 998 1760 posse
1025 1712 1144 1756 sciam,
1177 1715 1291 1759 tuque
1315 1712 1351 1748 id
1376 1713 1461 1749 mihi
1486 1713 1617 1751 indices
1642 1727 1706 1762 pro

167 1777 321 1812 fraterna
353 1779 475 1812 nostra
508 1775 681 1812 charitate
715 1777 751 1810 et
783 1773 946 1810 libertate
982 1778 1118 1811 mutua.
1169 1773 1223 1810 De
1248 1777 1370 1810 nostra
1395 1787 1475 1811 cum
1501 1776 1643 1812 Christo
1669 1777 1706 1813 in

166 1851 276 1875 coena
316 1837 586 1885 participatione
628 1839 745 1872 tecum
779 1836 906 1879 sentio,
942 1835 1002 1872 sed
1037 1836 1121 1883 quia
1155 1835 1261 1872 verba
1292 1835 1353 1871 illa
1395 1848 1486 1876 unos
1526 1837 1602 1874 fieri
1642 1842 1707 1875 aut

166 1900 252 1936 effici
283 1898 494 1947 participes”
529 1910 663 1934 errores
688 1897 769 1945 plus
795 1897 832 1933 in
857 1909 894 1933 se
919 1896 1204 1944 complectuntur
1230 1910 1335 1944 quam
1361 1897 1574 1934 incrementa
1599 1900 1706 1947 parti-

165 1961 364 2010 cipationis,
402 1961 469 1997 nisi
507 1960 657 1997 addatur
696 1958 894 2007 explicatio,
940 1961 977 1995 et
1013 1959 1075 1995 hac
1115 1958 1251 1995 dicendi
1290 1959 1400 1996 forma
1433 1972 1517 1996 usos
1551 1960 1705 1998 vidimus

166 2036 273 2070 quam
307 2035 434 2058 novam
471 2021 572 2058 nobis
598 2021 634 2057 in
659 2032 789 2057 coenae
814 2033 883 2056 usu
908 2019 1144 2056 idololatriam
1170 2020 1382 2064 invexerint,
1408 2021 1609 2058 maluissem
1634 2022 1703 2060 cla-

165 2084 317 2121 rioribus
352 2083 467 2120 verbis
501 2096 574 2119 rem
609 2083 826 2131 propositam
861 2082 981 2126 fuisse,
1014 2095 1105 2129 quae
1139 2081 1217 2119 aliis
1242 2095 1385 2118 rursum
1411 2083 1705 2131 explicationibus

166 2160 236 2183 non
264 2149 417 2193 egerent.
468 2145 535 2182 Sed
560 2145 626 2181 hoc
649 2143 764 2181 levius
790 2147 856 2181 est.
905 2144 982 2191 Ego
1009 2145 1086 2180 Deo
1113 2145 1197 2193 Opt.
1224 2145 1321 2182 Max,
1347 2146 1478 2192 gratias
1502 2159 1582 2193 ago,
1608 2147 1704 2194 quod

165 2222 206 2245 eo
231 2220 304 2244 rem
329 2207 526 2250 deduxerit,
552 2219 624 2254 quo
650 2205 838 2242 deductam
863 2219 938 2242 esse
963 2206 1115 2242 vidimus
1133 2207 1175 2253 Ξ).
1224 2206 1336 2243 Plura
1362 2206 1457 2243 brevi
1482 2207 1525 2244 de
1549 2208 1626 2252 hoc,
1651 2208 1704 2244 in-

165 2269 268 2306 terim
294 2268 383 2311 vale,
409 2268 463 2304 vir
488 2268 603 2304 animo
635 2280 711 2303 meo
737 2266 980 2304 dilectissime!
1024 2267 1165 2304 Salvere
1191 2280 1250 2316 per
1277 2270 1315 2303 te
1340 2267 1442 2304 iubeo
1470 2268 1596 2305 fratres
1620 2269 1702 2306 istic

165 2343 297 2374 omnes,
332 2330 502 2378 imprimis
540 2329 721 2366 dominum
756 2342 872 2365 meum
898 2329 1075 2365 Falesium
1093 2329 1136 2376 3),
1169 2329 1227 2365 eui
1252 2342 1308 2365 me
1333 2330 1584 2367 officiosissime
1608 2344 1702 2368 com-

164 2392 300 2436 mendo,
334 2395 371 2428 et
413 2391 602 2428 Pharelum
635 2393 798 2427 nostrum
834 2403 940 2438 quem
973 2390 1131 2438 alioquin
1165 2391 1322 2428 Basileae
1356 2391 1440 2428 novi
1473 2405 1555 2430 cum
1591 2406 1701 2430 essem

164 2454 257 2502 apud
281 2454 478 2491 Erasmum.
528 2452 682 2492 Londini
709 2453 754 2488 24
780 2452 915 2500 Aprilis
940 2453 1047 2490 Anno
1073 2453 1180 2491 1551.

1234 2515 1335 2552 Tuus
1352 2517 1510 2563 quantus
1528 2518 1583 2552 est

1202 2577 1372 2614 Ioannes
1410 2578 1431 2614 ὲ
1468 2578 1603 2614 Lisco.

208 2673 232 2712 ¹)
257 2672 555 2704 commendationis
592 2673 727 2711 litterae,
768 2683 847 2714 quas
884 2672 915 2704 (1.
954 2673 994 2703 14.
1022 2673 1101 2705 Dee.
1124 2673 1205 2704 1548
1239 2673 1278 2705 ad
1313 2673 1404 2706 Calv.
1437 2672 1527 2705 dedit
1564 2673 1700 2706 eundem

162 2727 351 2760 Florianum
381 2731 526 2770 spectare
549 2728 612 2759 iam
636 2728 675 2759 ad
700 2739 750 2770 ep.
773 2728 811 2759 51
836 2727 1000 2759 annotavi.
1034 2728 1178 2760 Polonus
1202 2732 1270 2760 erat
1293 2731 1324 2760 et
1345 2728 1508 2770 Rodolphi
1533 2728 1702 2761 Gualthcri

163 2783 294 2815 amiens.
318 2784 369 2814 Cf.
394 2784 554 2821 GonHAM,
580 2795 608 2816 o.
641 2784 663 2816 1.
686 2796 717 2826 p.
741 2784 814 2816 235.
837 2784 981 2815 Pinna-n
1003 2784 1073 2817 Soc.
1098 2797 1126 2817 o.
1150 2785 1170 2817 1.
1194 2797 1225 2827 p.
1250 2785 1310 2818 187
1334 2787 1366 2817 et
1380 2785 1472 2816 Lasei
1490 2786 1592 2827 ep.46
1606 2788 1637 2817 et
1650 2785 1699 2818 78.

162 2839 190 2878 2)
214 2838 359 2880 Respicit
394 2840 483 2871 Con-5.
512 2840 616 2880 Τι’-[μιν.
639 2851 666 2871 a.
691 2841 751 2873 '49.
799 2840 826 2879 ³)
850 2840 984 2880 Iacques
1007 2840 1046 2871 (10
1070 2841 1270 2882 Bourgogne,
1294 2841 1387 2872 Sieur
1409 2840 1447 2871 de
1470 2840 1586 2878 Falsis,
1611 2841 1702 2872 euius

162 2894 303 2926 foemina
336 2894 472 2926 Iolanda
505 2895 523 2926 ἒι
553 2896 746 2935 Brederode,
781 2897 817 2927 ut
845 2898 877 2927 et
911 2896 1010 2927 frater
1038 2896 1105 2927 cius
1135 2897 1229 2928 Dom.
1253 2897 1271 2928 ἐι
1294 2896 1399 2928 Breda
1422 2896 1500 2927 satis
1524 2896 1593 2927 noti
1617 2900 1703 2929 sunt.

163 2950 262 2985 Exsul
296 2950 462 2992 Coloniae,
499 2951 705 2991 Argentorati
738 2951 948 2996 Basileaeque
980 2951 1121 2994 hospitio
1151 2963 1236 2992 usus,
1271 2951 1399 2984 tandem
1425 2952 1571 2984 Genevae
1595 2953 1701 2985 sedem
