1830 3147
1488 106 1559 147 207

30 237 108 262 rum
149 221 441 261 obstinationem
478 220 523 258 de
560 219 634 258 vita
671 232 714 257 ac
751 220 869 258 salute
906 223 1055 257 aeterna
1094 218 1300 271 periclitari
1337 217 1451 262 videt,
1490 218 1563 256 hoc

33 288 252 338 diligentius
310 287 444 337 uisque
479 298 546 336 pro
585 284 659 321 illis
696 284 798 322 domi
835 297 923 322 suae
950 288 1043 329 oret,
1070 284 1102 322 si
1129 296 1204 334 quo
1232 283 1344 321 modo
1372 297 1392 321 e
1419 282 1562 334 laqueis

34 352 321 402 Di·(363)ab0i
346 350 498 388 liberari
526 354 676 401 queant.

83 417 276 455 Postremo
306 416 477 453 hortatur
505 414 683 465 populum
714 412 974 458 Ecclesiastes‚
1002 416 1054 459 ut,
1068 412 1383 464 quemadmodum
1404 412 1564 451 Divinae

32 481 240 520 severitatis
266 479 469 527 imaginem
497 480 536 516 in
565 477 747 516 eiectione
775 476 1184 515 excommunicatorum
1213 477 1420 522 intuentur,
1446 476 1497 514 ita
1526 489 1564 514 se

31 559 160 584 omnes
186 545 298 583 etiam
326 543 524 581 humilient
552 543 621 581 sub
650 543 796 594 potenti
823 555 935 580 manu
965 541 1034 579 Dei
1061 541 1102 589 ¹),
1129 546 1240 593 atque
1267 542 1306 579 in
1333 555 1456 591 genua
1474 554 1563 593 pro·

33 611 249 649 cumbentes
285 613 495 660 precentur,
529 613 570 646 ut
606 621 669 646 eos
707 607 890 645 Dominus
925 607 973 645 ab
1001 607 1214 645 istiusmodi
1241 607 1497 645 obstinatione
1525 607 1562 644 in

29 679 182 726 peccato
207 678 244 712 et
272 677 488 725 contemptu
508 673 696 711 Ecclesiae
716 686 874 717 servare,
893 672 1258 710 excommunicatum
1280 685 1366 710 vero
1384 673 1490 710 illum
1514 673 1561 710 ab

29 752 70 778 ea
100 752 164 777 sua
191 739 382 790 impietate
410 751 584 776 revocare
612 738 800 788 dignetur,
828 737 875 775 ad
904 737 1005 775 hunc
1032 737 1205 775 modum:

85 867 307 906 Precatio
336 871 446 918 post
473 867 618 905 latam
646 866 1208 905 excommunicationem.

85 998 375 1049 aOmnipotens‚
405 997 574 1035 coelestis
605 997 730 1034 Pater!
760 996 824 1047 qui
852 997 890 1034 in
912 1000 975 1033 tua
995 1009 1108 1033 manu
1131 996 1246 1034 habes
1267 995 1378 1033 corda
1395 995 1562 1033 omnium

30 1064 76 1101 ad
115 1064 271 1100 salutem
298 1063 478 1113 ipsorum.
534 1061 727 1112 Supplices
757 1066 792 1098 te
821 1074 969 1098 oramus
998 1065 1147 1111 propter
1174 1060 1293 1098 filium
1320 1065 1424 1098 tuum
1455 1060 1564 1098 Chri-

32 1133 128 1166 stum
159 1128 296 1170 Iesum,
323 1132 363 1165 ut
392 1140 455 1164 cor
483 1127 655 1178 pertinax
682 1126 996 1164 excommunicati
1026 1126 1135 1163 huius
1165 1126 1216 1165 N.
1246 1126 1348 1164 verbi
1365 1126 1419 1164 tui
1435 1126 1565 1164 Divini

31 1193 165 1230 virtute
199 1192 398 1243 percellere
433 1191 638 1241 Divinique
675 1191 837 1241 Spiritus
875 1190 930 1228 tui
967 1190 1092 1228 afflatu
1129 1190 1276 1228 flectere
1318 1191 1495 1240 digneris,
1525 1195 1563 1228 ut

29 1256 158 1294 iudicii
194 1257 248 1294 tui
286 1256 519 1294 severitatem
547 1256 726 1293 adversus
754 1261 946 1306 peccatum
978 1269 1085 1293 suum
1113 1255 1152 1293 in
1183 1255 1293 1293 corde
1321 1269 1387 1294 suo
1417 1256 1566 1302 sentiat,

31 1322 175 1372 culpam
214 1321 251 1358 in
280 1321 345 1357 illo
375 1333 480 1357 suam
509 1324 702 1369 agnoscat,
729 1320 832 1357 illam
860 1320 958 1370 apud
989 1325 1024 1357 te
1052 1326 1214 1366 accuset,
1239 1321 1279 1358 in
1306 1320 1371 1358 illa
1400 1321 1564 1370 si-(364)

32 1386 70 1423 bi
107 1399 190 1424 vere
227 1390 261 1423 et
297 1398 342 1423 ex
379 1386 504 1422 animo
545 1385 739 1436 displiceat
781 1389 816 1422 et
845 1385 925 1422 eius
955 1385 1271 1423 condonationem
1299 1384 1396 1436 apud
1424 1390 1460 1423 te
1486 1386 1565 1436 pri-

31 1464 132 1488 mum
169 1463 233 1501 per
271 1463 406 1487 nomen
435 1449 562 1487 dilecti
591 1449 645 1488 tui
673 1449 753 1495 filii,
782 1448 914 1486 deinde
943 1462 1029 1486 vero
1057 1449 1155 1500 apud
1185 1453 1286 1486 tuam
1318 1450 1426 1495 banc,
1453 1463 1564 1500 quam

32 1515 197 1558 offendit,
226 1515 432 1552 Ecclesiam
461 1515 615 1566 supplex
643 1519 812 1564 precetur
839 1527 882 1551 ac
909 1514 1096 1565 imploret,
1130 1519 1240 1565 atque
1268 1514 1320 1552 ita
1349 1514 1498 1552 demum
1517 1516 1564 1552 ad

28 1588 64 1621 tc
101 1596 301 1620 conversus
337 1582 451 1633 inque
487 1586 592 1620 tuam
630 1595 758 1619 rursus
785 1581 946 1630 gratiam
984 1586 1167 1632 receptus,
1203 1595 1221 1618 e
1259 1582 1419 1619 Satanae
1458 1587 1564 1632 pote-

31 1654 136 1692 state,
163 1661 235 1698 qua
264 1660 364 1685 nunc
392 1647 618 1684 constrictus
648 1647 847 1690 detinetur,
882 1646 1035 1683 liberari
1063 1646 1248 1697 nobisque
1267 1636 1340 1698 ”per
1369 1660 1472 1684 suam
1501 1660 1559 1684 re-

29 1713 282 1763 sipiscentiam
318 1712 437 1749 maius
474 1711 620 1749 adferre
647 1711 826 1759 gaudium
855 1710 986 1762 possit,
1014 1724 1126 1762 quam
1156 1724 1224 1748 nos
1253 1724 1353 1749 nunc
1380 1724 1444 1762 per
1471 1724 1557 1762 pec·

31 1777 103 1815 cati
140 1780 449 1827 contemptusque
477 1776 534 1813 sui
565 1775 860 1813 obstinationem
886 1775 925 1812 in
955 1775 1025 1812 hac
1052 1776 1440 1814 excommunicatione
1469 1788 1557 1813 con-

26 1843 202 1888 tristavit,
240 1847 275 1880 et
312 1842 359 1879 sit
395 1845 582 1892 praeterea
619 1842 787 1892 exemplo
825 1840 935 1878 nobis
972 1840 1149 1878 omnibus
1187 1854 1251 1878 sua
1288 1841 1557 1892 resipiscentia.

28 1922 72 1947 ne
108 1913 143 1946 et
179 1921 248 1946 nos
284 1908 419 1959 pudeat
453 1912 670 1945 nostrorum
706 1919 854 1957 quoque
890 1911 1130 1957 peccatorum
1168 1907 1315 1958 culpam
1342 1920 1558 1957 agnoscere,

26 1980 102 2011 tam
138 1972 311 2024 privatim
346 1985 458 2023 quam
494 1971 656 2022 publice,
694 1971 725 2009 si
752 1970 903 2022 quando
933 1970 970 2007 id
998 1984 1056 2008 res
1083 1972 1258 2022 postulet,
1287 1971 1465 2022 illamque
1493 1972 1557 2009 de-

28 2037 183 2089 precari.
237 2037 298 2074 Ne
325 2037 470 2074 auferas
498 2048 653 2087 prorsus
689 2035 870 2087 Spiritum
906 2040 1075 2073 sanctum
1111 2042 1231 2080 tuum,
1267 2036 1375 2073 Pater
1412 2036 1557 2074 miseri-

30 2099 267 2137 cordissime!
295 2112 316 2136 a
345 2102 484 2136 resecto
513 2098 586 2135 iam
616 2097 687 2135 hoc
705 2098 872 2148 corporis
890 2098 1010 2136 nostri
1033 2098 1214 2144 membro,
1233 2097 1378 2135 etiamsi
1399 2098 1558 2136 Satanae

28 2165 76 2202 sit
102 2164 279 2202 traditum
312 2163 349 2200 in
379 2162 500 2200 carnis
527 2162 732 2201 interitum.
772 2162 895 2199 Nobis
923 2167 1058 2206 autem,
1087 2167 1219 2200 natura
1247 2163 1400 2213 perinde
1429 2167 1557 2201 nostra

26 2230 72 2268 ad
101 2242 211 2267 omne
238 2228 349 2266 etiam
376 2228 516 2265 malum
543 2228 879 2279 propendentibuS,
905 2228 1026 2276 gratia
1054 2232 1118 2265 tua
1147 2228 1197 2265 ita
1226 2229 1371 2274 assiste,
1398 2233 1440 2267 ut
1455 2234 1554 2267 vete-

26 2295 76 2333 ris
106 2295 210 2333 Adae
236 2293 430 2343 ingenium
457 2292 578 2330 indies
606 2292 725 2342 magis
753 2306 796 2330 ac
825 2293 943 2342 magis
969 2293 1009 2330 in
1038 2292 1149 2330 nobis
1186 2293 1427 2344 comprimere
1445 2299 1556 2346 atquc

26 2358 65 2396 in
94 2371 234 2395 novum
262 2356 598 2405 ho-(365)minem,
625 2356 690 2406 qui
718 2355 925 2393 secundum
952 2355 1072 2393 Deum
1099 2356 1139 2394 in
1169 2357 1366 2395 sanctitate
1391 2358 1556 2397 veritatis

26 2427 59 2460 et
95 2421 239 2460 iustitia
275 2435 339 2458 sua
377 2434 520 2471 semper
546 2421 775 2458 incrementa
817 2419 938 2466 habet,
966 2421 1138 2458 renovari
1165 2421 1350 2471 possimus
1378 2422 1422 2470 Ξ),
1451 2428 1498 2468 et,
1527 2424 1557 2462 si

27 2488 176 2539 quando
206 2500 274 2525 nos
305 2486 400 2524 dolis
431 2487 590 2523 Satanae
619 2485 892 2522 circumventos
921 2484 960 2522 in
992 2485 1240 2536 quodcunque
1268 2486 1452 2535 flagitium
1478 2488 1557 2526 labi

28 2552 223 2601 contingat
248 2572 298 2578 —
326 2563 454 2588 sumus
482 2550 582 2587 enim
607 2561 735 2586 omnes
755 2548 855 2599 quod
875 2549 912 2586 in
935 2549 1046 2586 nobis
1064 2554 1120 2587 est
1140 2550 1281 2600 peccati
1299 2552 1487 2603 mancipia
1506 2574 1557 2582 —

26 2631 72 2655 ne
99 2630 167 2655 nos
195 2617 235 2654 in
263 2620 415 2667 peccato
445 2619 574 2652 nostro
604 2614 849 2651 obdurescere
876 2627 1028 2665 quoquo
1056 2614 1168 2652 modo
1208 2619 1319 2666 atque
1346 2616 1396 2654 ita
1424 2617 1463 2654 in
1492 2617 1557 2654 illo

27 2682 175 2720 demum
211 2682 323 2720 etiam
357 2680 476 2732 perire
513 2679 627 2726 sinas,
663 2679 725 2717 sed
764 2679 910 2730 aliquos
949 2692 1090 2730 semper
1126 2680 1276 2727 excites,
1305 2681 1370 2732 qui
1397 2695 1465 2720 nos
1493 2696 1558 2734 per

28 2747 129 2786 verbi
155 2747 211 2785 tui
241 2746 367 2785 Divini
394 2745 690 2783 admonitionem
718 2744 758 2782 in
786 2743 904 2781 officio
934 2748 1063 2782 nostro
1093 2744 1309 2784 contineant
1335 2746 1556 2800 letalemque

72 2873 95 2913 ¹)
121 2872 136 2903 1
162 2873 230 2904 Pet.
250 2874 282 2926 ⁴5.
662 2874 689 2913 ε)
713 2871 794 2915 Eph.
818 2871 846 2904 6.
