1830 3147
1530 170 1600 206 245

114 284 149 319 2.
206 280 384 319 Monetur
412 280 581 318 Ecclesia
619 280 660 317 in
689 280 815 319 collati
847 280 956 318 huius
986 280 1159 318 beneficii
1186 281 1331 319 ratione
1358 280 1594 318 observanda

62 345 153 383 haec
188 357 281 392 esse,
316 348 357 382 ut
392 344 456 382 illo
492 348 592 382 recte
621 348 788 383 utamur:
817 345 994 396 primum,
1021 358 1184 396 quanam
1213 345 1423 390 occasione,
1450 344 1597 390 deinde,

62 422 126 460 per
154 422 261 460 quos,
287 412 488 459 postrem0‚
516 408 683 457 gratuito
704 422 750 446 ne
779 422 825 446 an
855 421 942 446 vero
971 409 1041 446 sub
1071 409 1287 447 conditione
1313 409 1390 447 ulla
1418 409 1466 448 sit
1481 411 1593 458 (560)

63 474 255 512 collatum.
309 468 516 511 Pluflmum
552 473 651 511 enim
689 473 860 516 interest.
895 487 970 524 qua
998 474 1206 520 occasione,
1234 487 1299 524 per
1326 487 1432 525 quos,
1459 477 1495 512 et
1522 487 1596 525 qua

63 538 279 577 conditione
307 537 487 576 beneficia
517 538 774 576 conferantur.
828 539 906 576 Aut
940 538 1040 575 enim
1070 538 1248 575 beneficia
1277 538 1412 575 collata
1440 552 1595 590 respon-

63 604 152 642 dent
187 616 316 641 eorum
354 602 557 648 vocationi,
592 603 632 640 in
660 616 753 654 quos
783 607 871 640 sunt
900 603 1048 646 collata,
1075 608 1187 653 atque
1213 602 1266 640 ita
1294 603 1441 657 demum
1469 603 1505 640 in
1534 608 1593 641 to·

59 673 136 707 tam
174 669 282 706 etiam
321 667 531 705 Ecclesiam
568 667 792 727 redundant,
829 689 879 697 —
917 672 1085 706 autnon
1113 667 1354 719 respondent,
1380 668 1526 706 etiamsi
1554 669 1593 706 in

62 737 179 770 totam
206 731 414 770 Ecclesiam
442 731 654 769 redundare
680 731 838 782 possint.
888 734 965 770 Aut
993 732 1092 769 enim
1120 745 1162 770 ea
1190 732 1388 770 occasione
1416 733 1592 771 collatum

59 800 116 835 est
145 796 378 842 beneficium,
405 800 448 834 ut
476 796 513 834 et
540 796 605 847 qui
632 796 726 833 illud
757 796 917 834 contulit
945 795 982 834 et
1009 796 1048 833 in
1076 809 1171 847 quos
1200 796 1377 834 collatum
1405 801 1473 840 est,
1501 797 1592 834 utri·

60 874 131 912 que
167 862 306 912 pariter
343 860 380 899 id
416 861 601 912 imprimis
637 861 878 912 quaesierint,
913 865 954 898 ut
990 861 1159 910 legitima
1195 874 1321 899 earum
1358 861 1397 899 in
1425 861 1594 900 Ecclesia

60 926 300 964 vocationum
328 926 473 964 functio
503 930 798 977 promoveretur,
825 926 905 964 sine
926 926 1070 977 'quibus
1097 927 1163 963 illa
1191 939 1310 977 neque
1338 930 1438 964 recte
1455 927 1593 976 guber-

58 991 153 1035 nari,
182 1003 298 1041 neque
328 990 533 1029 consistere
559 990 670 1028 facile
696 995 833 1042 posset,
859 1012 910 1020 —
938 995 1000 1029 aut
1027 1004 1128 1037 sane,
1155 992 1220 1042 qui
1248 991 1470 1030 beneficium
1499 1004 1589 1029 con-

59 1054 159 1102 tulit,
186 1054 297 1092 aliam
326 1054 501 1092 habuisse
530 1054 648 1093 videri
676 1059 797 1106 potest
825 1055 1043 1093 conferendi
1071 1055 1172 1093 illius
1200 1056 1448 1095 occasionem.
1492 1056 1594 1094 Rur-

59 1131 141 1157 sum
188 1118 231 1156 de
274 1118 412 1170 pietate
457 1119 547 1166 eius,
592 1121 657 1170 qui
702 1119 922 1156 beneficium
970 1119 1143 1164 contulit,
1186 1125 1251 1158 aut
1290 1125 1436 1159 constat
1471 1121 1595 1172 plane,

56 1189 121 1221 aut
157 1183 248 1222 adeo
287 1195 362 1221 non
399 1187 561 1229 constat,
593 1188 634 1221 ut
670 1183 860 1221 diversum
887 1184 1015 1222 multis
1044 1185 1277 1234 argumentis
1306 1185 1435 1235 colligi
1461 1185 1593 1237 possit.

57 1248 263 1294 Postremo,
306 1253 370 1286 aut
414 1248 621 1298 gratuitum
663 1261 743 1286 esse
790 1249 871 1286 vult
920 1248 1153 1296 beneficium,
1191 1250 1256 1301 qui
1292 1250 1383 1288 illud
1423 1251 1596 1295 contulit,

55 1317 119 1352 aut
163 1313 274 1352 certis
308 1313 402 1351 illud
440 1313 588 1363 legibus
626 1313 842 1364 adstringit.
897 1313 1004 1352 Haec
1041 1314 1159 1363 igitur
1196 1315 1323 1352 omnia
1357 1315 1594 1353 observanda

57 1392 137 1417 esse
166 1379 346 1416 docentur
374 1377 414 1416 in
443 1377 614 1417 Ecclesia
641 1378 682 1416 in
709 1378 756 1416 iis
786 1379 989 1425 beneficiis,
1016 1392 1176 1430 quorum
1205 1380 1358 1418 nomine
1385 1380 1593 1418 instituun-

55 1449 117 1483 tur
149 1443 320 1495 publicae
357 1443 662 1494 supplicationes.
717 1443 851 1482 Latere
878 1446 989 1493 (561)
1017 1444 1117 1482 enim
1146 1444 1207 1482 hic
1235 1445 1341 1492 solet,
1371 1449 1411 1483 ut
1440 1445 1591 1490 dicitur,

57 1507 126 1545 sub
154 1519 383 1557 unoquoque
410 1506 535 1557 lapide
563 1506 744 1558 scorpius.

107 1574 143 1610 3.
198 1570 375 1609 Monetur
412 1570 582 1608 Ecclesia
620 1570 666 1608 de
701 1570 900 1608 occasione
938 1571 1068 1609 collati
1107 1571 1292 1617 beneficii,
1328 1586 1396 1623 pro
1434 1585 1508 1624 quo
1536 1577 1592 1611 est

56 1634 229 1673 instituta
257 1634 494 1686 supplicatio,
521 1648 637 1686 eaque
665 1635 768 1672 omni
797 1635 986 1673 Ecclesiae
1015 1635 1227 1686 exponitur.
1283 1636 1343 1683 Et,
1374 1637 1404 1674 si
1433 1641 1592 1683 constet,

55 1699 125 1737 hac
160 1698 357 1736 occasione
392 1698 572 1736 collatum
605 1711 685 1736 esse
723 1698 957 1743 beneficium,
996 1703 1034 1737 ut
1072 1699 1241 1750 quaesita
1280 1699 1327 1738 sit
1364 1700 1411 1737 ab
1440 1713 1496 1746 eo,
1524 1700 1588 1751 qui

53 1764 148 1803 illud
187 1763 361 1808 contulit,
399 1763 456 1801 via
494 1776 536 1801 ac
563 1764 660 1801 ratio
685 1764 933 1815 promovendi
960 1764 1167 1813 legitimam
1194 1764 1233 1802 in
1264 1765 1434 1803 Ecclesia
1461 1764 1587 1804 earum

55 1828 293 1866 vocationum
321 1828 565 1874 functionem,
595 1828 675 1866 sine
701 1828 838 1879 quibus
866 1828 930 1866 illa
960 1841 1078 1880 neque
1103 1829 1307 1879 gubernari
1342 1835 1440 1868 recte
1468 1844 1587 1881 neque

54 1892 163 1931 facile
208 1892 413 1931 consistere
455 1892 587 1944 possit,
633 1893 916 1931 commendatur
961 1893 1110 1931 occasio
1155 1894 1235 1946 ipsa
1282 1894 1353 1932 toti
1397 1895 1588 1933 Ecclesiae

54 1956 181 1995 collati
215 1956 315 1996 illius
344 1956 527 2003 beneficii,
556 1961 595 1995 ut
623 1957 671 1996 ad
697 1957 951 1995 ardentiorem
979 1971 1046 2009 pro
1073 1958 1139 1996 illo
1167 1959 1373 2008 gratiarum
1401 1959 1586 1997 actionem

53 2020 247 2060 excitetur.
302 2022 398 2059 Sunt
443 2021 555 2067 enim,
585 2015 640 2059 ¹ut
676 2020 757 2059 Deo
792 2022 970 2072 gratiora,
1006 2022 1060 2060 ita
1093 2023 1205 2061 etiam
1240 2024 1361 2073 magis
1398 2024 1588 2071 diuturna,

54 2098 147 2136 quae
181 2098 201 2123 e
236 2085 345 2123 bonis
382 2085 551 2125 fontibus
586 2090 825 2136 promanant,
854 2091 889 2124 et
917 2086 1076 2138 proinde
1103 2087 1311 2126 maioribus
1338 2088 1449 2127 etiam
1478 2102 1584 2140 prae-

55 2150 188 2196 coniis,
224 2149 384 2202 denique
420 2155 456 2189 et
488 2150 621 2200 gratiis
659 2151 866 2189 maioribus
896 2152 1023 2202 digna,
1050 2166 1163 2204 quam
1191 2167 1286 2204 quae
1313 2154 1466 2192 aliunde
1493 2155 1586 2192 alio-

54 2213 120 2266 qui
146 2218 411 2266 provenerunt.
459 2214 499 2252 Si
529 2228 614 2252 vero
645 2215 689 2253 de
717 2215 901 2253 eiusmodi
928 2216 1126 2254 occasione
1154 2218 1280 2254 collati
1308 2217 1480 2256 beneficii
1508 2233 1586 2258 non

55 2283 214 2326 constet,
249 2283 362 2331 atque
395 2278 488 2318 adeo
527 2279 643 2318 videri
680 2280 790 2318 etiam
820 2280 952 2332 possit,
979 2294 1056 2319 non
1084 2294 1200 2332 usque
1227 2282 1318 2320 adeo
1349 2282 1448 2320 bona
1475 2297 1585 2322 occa-

55 2343 160 2382 sione
210 2344 386 2382 collatum
432 2357 512 2382 esse
559 2344 794 2388 beneficium,
841 2357 906 2396 pro
944 2358 1019 2396 quo
1054 2350 1109 2384 est
1144 2345 1319 2384 instituta
1352 2348 1590 2399 supplicatio,

55 2407 352 2446 commendanda
399 2408 644 2446 nihilominus
689 2414 744 2447 est
791 2409 946 2447 Domini
983 2408 1052 2447 Dei
1096 2410 1264 2461 potentia
1302 2410 1515 2461 benignitas
1550 2420 1588 2452 et

54 2472 301 2524 providentia,
327 2472 394 2524 qui
420 2474 532 2521 (562)
561 2473 744 2511 malorum
772 2473 886 2511 etiam
913 2474 1121 2520 hominnm,
1151 2474 1312 2526 denique
1339 2481 1376 2514 et
1402 2481 1584 2527 tyranno-

56 2550 138 2575 rum
167 2537 406 2576 autoritatem
435 2537 482 2575 ad
511 2537 701 2576 Ecclesiae
729 2551 819 2576 suae
848 2539 988 2577 bonum
1016 2538 1208 2590 publicum
1238 2540 1432 2580 deflectere
1449 2547 1585 2594 potest,

56 2603 136 2640 vult
162 2607 198 2641 et
226 2603 364 2654 optime
392 2602 508 2641 novit.
564 2603 742 2652 Agendae
778 2608 865 2642 sunt
901 2604 999 2642 enim
1037 2604 1179 2654 gratiae
1207 2605 1286 2644 Deo
1313 2620 1380 2658 pro
1409 2609 1585 2647 omnibus

57 2667 257 2714 beneficiis,
283 2681 347 2720 per
375 2682 470 2720 quae
498 2668 610 2706 modo
638 2669 798 2718 gloriam
827 2669 896 2707 Dei
924 2671 1138 2720 promoveri
1167 2676 1324 2719 constet,
1354 2673 1430 2711 sive
1458 2688 1500 2712 ea
1519 2688 1583 2726 per

57 2732 262 2779 veritatem,
298 2738 340 2771 ut
375 2733 514 2771 Paulus
550 2733 613 2779 ait,
651 2733 728 2771 sive
765 2747 828 2785 per
855 2735 1156 2786 qualemcunque
1183 2737 1425 2776 occasionem
1454 2741 1585 2778 confe-

55 2800 194 2836 rantur.
224 2797 296 2834 Sed
325 2798 511 2836 monenda
540 2802 595 2836 est
622 2797 805 2842 Ecclesia,
833 2799 1011 2837 maiorem
1039 2799 1293 2839 adhibendam
1320 2815 1398 2840 esse
1422 2803 1581 2853 diligen·

54 2861 145 2899 tiam
172 2875 215 2900 ac
243 2863 547 2907 sollicitudinem,
578 2876 632 2909 ne,
661 2863 873 2901 istiusmodi
904 2864 1094 2902 beneficiis
1121 2865 1251 2912 illecti,
1270 2864 1482 2906 transverse
1502 2875 1566 2907 tan

56 2923 151 2973 dem,
177 2925 390 2964 intermissa
419 2926 624 2964 officiorum
653 2932 864 2966 nostrorum
893 2927 934 2966 in
962 2927 1130 2966 Ecclesia
1161 2942 1260 2976 cura,
1286 2943 1454 2979 agamur.
