1830 3147
182 161 231 198 82

187 284 280 317 cere,
306 283 374 309 nec
410 282 576 320 unquam
614 273 740 307 coetus
777 267 1033 307 Ecclesiastici
1068 267 1265 314 habentur,
1298 266 1338 305 in
1376 265 1512 318 quibus
1547 264 1718 304 Ecclesia

188 350 265 375 non
294 336 436 386 aliquid
464 348 509 372 ex
537 335 651 380 verbo
682 335 751 372 Dei
780 329 957 372 doccatur
982 335 1023 382 ¹).
1054 333 1126 370 Sed
1154 332 1335 370 ordinarii
1362 331 1553 369 Ecclesiae
1580 336 1722 375 coetus,

191 402 320 439 diebus
367 400 577 437 Dominicis
620 413 663 437 ac
709 399 830 437 Pestis
876 398 1177 444 solemnioribus,
1222 397 1302 435 bini
1347 397 1552 434 habenturz
1589 408 1721 446 nempe

185 465 360 503 matutini
396 464 542 502 circiter
580 464 708 501 horam
746 477 884 502 nonam
919 467 1005 501 ante
1054 461 1247 499 meridiem
1290 465 1326 499 et
1359 459 1720 512 pomeridianscir-

187 530 276 566 citer
305 529 480 566 horama
509 528 663 566 meridie
692 528 905 566 secundam.
944 527 1042 565 Aliis
1071 538 1157 564 vero
1186 525 1317 563 diebus
1343 539 1408 576 per
1436 523 1719 570 hebdomadem,

185 595 224 632 in
253 594 446 631 Gallorum
477 594 646 631 Ecclesia
675 593 744 640 bis,
782 606 914 644 nempe
948 592 1079 630 diebus
1116 591 1250 629 Martis
1286 598 1323 629 et
1359 591 1474 634 Iovis,
1512 590 1720 627 Germano-

183 672 265 695 rum
293 660 378 706 (59)
420 663 539 695 autem
570 657 760 695 Ecclesiae
788 657 901 695 semel
928 657 1112 694 duntaxat
1148 659 1299 706 propter
1335 655 1471 692 latinas
1499 653 1721 705 praelectio-

187 737 252 762 nes
287 724 352 772 (de
378 724 515 774 quibus
550 724 709 773 postea).
746 736 877 774 nempe
906 722 1037 760 diebus
1066 722 1179 767 Iovis‚
1208 725 1335 758 coetus
1362 718 1621 757 Ecclesiastici
1646 731 1723 756 una

184 801 267 825 cum
298 789 375 825 suis
403 787 651 825 concionibus
680 787 876 825 habentur.

235 853 368 903 Neque
396 865 482 890 vero
510 851 739 889 frustulatim
766 851 1002 902 explicantur
1030 849 1233 900 scripturae
1251 848 1289 886 in
1311 847 1569 890 concionibus.
1588 859 1720 898 quem-

182 917 384 954 admodum
420 917 458 954 in
498 916 670 967 Papismo
706 915 788 953 fieri
823 915 1027 958 consuevit,
1067 915 1130 952 ubi
1165 914 1406 952 detruncatae
1442 913 1620 951 historiae
1655 916 1720 950 aut

180 983 255 1019 loci
301 982 504 1032 scripturae
549 994 820 1031 nonnunquam
858 981 938 1018 sine
975 979 1094 1031 capite
1127 984 1163 1017 et
1201 979 1318 1017 cauda
1363 979 1416 1016 ita
1460 981 1721 1030 proponuntur

180 1046 335 1097 popule,
374 1054 412 1083 ut
447 1059 566 1097 neque
603 1058 657 1091 ea,
684 1058 779 1096 quae
813 1049 1088 1096 proponuntur,
1127 1044 1217 1082 satis
1252 1048 1500 1094 exponantur,
1535 1047 1582 1089 ct,
1624 1055 1720 1093 quae

180 1124 255 1149 non
291 1117 565 1162 proponuntur,
600 1110 839 1159 negligantur
875 1109 1013 1161 passim
1043 1122 1162 1160 neque
1191 1122 1353 1159 unquam
1389 1109 1465 1146 fere
1501 1121 1625 1145 coram
1649 1119 1719 1158 po-

180 1176 267 1226 pulo
296 1175 544 1223 attingantur.
588 1173 711 1212 Multo
742 1173 865 1211 minus
893 1177 1015 1210 autem
1045 1173 1256 1210 formantur
1285 1172 1485 1209 conciones
1513 1185 1557 1208 ex
1586 1170 1720 1208 huma-

181 1240 240 1277 nis
286 1239 553 1277 traditionibus
587 1244 651 1276 aut
689 1238 856 1276 historiis
894 1237 1256 1288 Philosophorumvc
1301 1236 1471 1286 argutiis,
1516 1235 1579 1274 sed
1624 1235 1720 1273 liber

181 1304 317 1355 aliquis
354 1304 525 1341 Biblicus
562 1304 695 1341 veteris
723 1308 787 1341 aut
815 1303 904 1340 novi
933 1302 1165 1340 Testamenti
1209 1302 1256 1339 ab
1284 1301 1394 1339 initio
1421 1314 1539 1352 usque
1567 1300 1613 1338 ad
1643 1301 1720 1338 cal-

182 1382 260 1406 cem
297 1368 528 1406 enarrandus
566 1368 737 1414 sumitur,
773 1381 818 1405 cx
851 1380 925 1418 quo
963 1367 1060 1404 libro
1099 1366 1257 1416 singulis
1295 1365 1543 1403 concionibus
1570 1368 1717 1402 tantum

181 1433 418 1484 praelegitur,
454 1437 634 1484 quantum
674 1431 868 1470 commode
893 1431 1006 1469 unius
1034 1431 1148 1468 horae
1174 1430 1372 1468 intervallo
1398 1429 1626 1480 populariter
1653 1442 1719 1467 ex-

181 1499 312 1549 plicari
338 1502 475 1549 potest,
501 1499 555 1536 sic
585 1502 623 1536 ut
651 1503 686 1535 et
714 1497 854 1549 percipi
881 1497 1006 1534 omnia
1035 1501 1070 1534 et
1099 1496 1249 1533 retineri
1276 1495 1388 1533 etiam
1416 1495 1525 1533 facile
1546 1495 1715 1546 possint3

183 1576 257 1614 qua
292 1576 382 1601 sane
418 1563 457 1600 in
501 1576 539 1600 re
574 1563 721 1600 fructus
758 1562 926 1600 omnium
965 1561 1191 1599 concionum
1227 1560 1388 1598 maxima
1424 1573 1468 1598 ex
1496 1565 1600 1611 parte
1628 1573 1719 1598 eon-

183 1630 295 1669 sistit.

235 1695 436 1733 Dominico
482 1695 597 1744 igitur
642 1694 775 1745 quovis
823 1694 882 1731 die
923 1707 1031 1731 mane
1067 1697 1154 1730 ante
1191 1692 1319 1730 horam
1370 1705 1507 1730 nonam
1543 1691 1719 1730 convenit

187 1760 472 1809 Ec-(60)clesia‚
509 1760 636 1811 ibique
675 1759 848 1796 Minister
885 1757 1030 1795 circiter
1060 1757 1188 1794 horam
1218 1770 1354 1794 nonam
1384 1757 1602 1794 conscendit
1630 1770 1718 1806 sug-

185 1831 332 1874 gestum
369 1829 405 1863 et
444 1829 530 1863 ante
566 1825 690 1862 omnia
717 1824 923 1861 Ecclesiam
952 1822 997 1860 ad
1026 1822 1253 1873 precandum
1292 1821 1395 1859 hisce
1430 1825 1495 1859 aut
1532 1821 1717 1859 similibus

185 1891 306 1929 verbis
334 1891 481 1929 invitat.

242 1953 518 2003 nPosteaquam
546 1951 586 1989 in
614 1950 686 1987 hoc
713 1950 764 1987 ita
793 1949 865 1987 huc
894 1949 1133 1994 convenistis,
1161 1948 1287 1985 dilecti
1313 1948 1351 1985 in
1380 1947 1544 1985 Domino
1564 1949 1717 1986 fratres!

187 2022 228 2056 ut
263 2031 308 2056 ex
346 2018 459 2055 verbo
500 2016 569 2054 Dei
598 2016 644 2053 ad
673 2016 831 2053 salutem
860 2018 1019 2052 vestram
1047 2012 1312 2055 instituamini‚
1339 2013 1467 2051 divina
1495 2013 1605 2051 nobis
1632 2017 1719 2050 ante

186 2083 311 2120 omnia
347 2082 468 2131 gratia
507 2080 741 2131 imploranda
776 2082 845 2125 est,
883 2083 926 2116 ut
963 2078 999 2116 et
1037 2091 1104 2127 ego
1143 2077 1244 2115 aliud
1283 2077 1377 2115 nihil
1414 2077 1580 2122 doceam,
1607 2090 1717 2128 quam

187 2161 314 2199 puram
345 2147 448 2184 verbi
476 2146 532 2183 sui
560 2145 781 2190 doctrinam,
809 2144 845 2182 et
875 2157 939 2182 vos
968 2144 1068 2181 illam
1098 2156 1186 2181 cunr
1209 2144 1334 2181 fructu
1362 2143 1472 2181 etiam
1502 2142 1580 2181 eius
1604 2143 1717 2180 bene-

187 2213 272 2249 ficio
301 2211 429 2249 audire
457 2210 622 2262 possitis.

239 2341 468 2379 Precatio
498 2344 608 2377 ante
636 2338 930 2376 concionem.

245 2488 262 2505 a
275 2470 384 2508 Pater
411 2473 537 2507 noster
566 2469 752 2507 coelestis!
784 2467 889 2505 cuius
926 2468 984 2504 lex
1018 2466 1166 2516 integra
1203 2470 1268 2512 est,
1305 2465 1448 2503 animas
1486 2468 1716 2510 convertens,

191 2534 445 2571 testimonium
488 2545 615 2570 verum
654 2530 894 2582 suppeditans
930 2530 1112 2580 imperitis
1141 2529 1360 2580 sapientiam
1396 2531 1432 2564 et
1468 2527 1595 2564 oculos
1630 2541 1716 2578 par-

192 2600 361 2638 vulorum
389 2597 608 2634 illuminans
629 2595 674 2643 ἓ),
701 2595 917 2646 suppliciter
945 2598 980 2631 te
1008 2607 1154 2631 oramus
1181 2606 1248 2644 pro
1276 2597 1339 2652 tua
1367 2592 1545 2629 immensa
1573 2593 1717 2630 miseri-

191 2663 329 2708 cordia,
365 2666 406 2698 ut
435 2674 562 2698 coecas
599 2660 739 2711 alioqui
767 2662 909 2696 mentes
938 2662 1084 2695 nostras
1113 2657 1272 2708 Spiritus
1300 2655 1418 2693 sancti
1444 2656 1499 2693 tui
1527 2656 1607 2694 luce
1633 2657 1714 2694 illu-

191 2733 309 2766 strare
345 2724 521 2774 digneris,
558 2728 596 2761 ut
632 2724 751 2772 legem
788 2726 955 2760 sanctam
982 2726 1080 2759 tuam
1110 2726 1147 2759 et
1172 2725 1270 2758 recte
1301 2719 1508 2768 intelligere
1545 2724 1580 2758 et
1606 2720 1718 2758 intel-

191 2795 321 2831 lectam
367 2789 571 2841 exprimere
611 2788 721 2825 etiam
771 2801 835 2838 per
873 2799 1019 2824 omnem
1056 2787 1168 2824 vitam
1204 2790 1369 2824 nostram
1413 2785 1609 2836 possimus,
1664 2784 1715 2822 Et

233 2921 258 2958 ¹)
283 2918 297 2949 l
324 2917 396 2948 Cor.
422 2916 470 2948 14.
555 2917 582 2954 2)
605 2914 688 2946 Psal.
715 2915 762 2948 19,
