1830 3147
811 111 879 147 685
1337 112 1399 162 [A.
1425 113 1471 150 D.
1497 115 1607 164 1553]

82 229 171 261 mus,
204 218 246 254 ut
271 216 384 263 Regia
416 216 585 254 Maiestas
619 230 682 265 pro
714 230 778 254 sua
809 219 942 266 pietate
973 221 1077 267 aequi
1102 220 1256 268 bonique
1280 221 1464 261 consulere
1489 222 1610 270 digne-

83 285 154 321 tur,
181 290 270 324 quae
295 290 358 314 nos
384 289 445 325 pro
472 279 584 313 nostri
611 291 692 325 erga
717 279 897 315 Christum
924 280 1126 325 Dominum,
1152 282 1285 329 Regem
1302 295 1423 330 regum
1441 284 1612 330 omnium,

81 339 228 386 eiusque
263 338 451 375 Ecclesiam
485 339 670 375 ministerii
711 340 778 377 fide
810 353 944 377 summa
968 354 1047 378 cum
1074 342 1297 380 observantia
1321 344 1452 381 dicturi
1477 358 1611 382 sumus.

80 401 133 436 Ac
166 399 328 447 primurn,
353 399 644 446 quemadmodum
668 402 800 448 gratias
825 402 960 449 egimus
986 403 1168 439 Maiestati
1201 404 1345 451 Regiae,
1378 405 1431 441 ita
1455 409 1492 442 et
1516 419 1611 443 nuuc

81 461 197 497 denuo
222 462 368 508 agimus,
394 461 490 508 quod
517 462 627 498 vicem
644 466 844 500 nostrarum
862 463 1094 501 Ecclesiarum
1111 465 1300 503 clementer
1317 466 1482 512 indoleat,
1500 469 1611 515 quod-

81 534 151 569 que
177 521 276 558 nobis
300 522 343 558 ad
368 522 570 570 Papismum
596 536 667 560 non
692 524 836 573 relapsis
861 525 1074 572 gratuletur.
1117 527 1249 564 Causas
1275 541 1378 576 porro
1404 530 1523 576 negati
1548 543 1610 567 no-

80 584 165 620 stris
190 583 356 620 Ecclesiis
389 583 520 631 publici
546 584 684 622 illarum
710 587 896 623 ministerii
921 588 958 623 in
983 587 1114 635 Anglia
1138 590 1319 625 nobiscum
1336 590 1448 627 adhuc
1465 603 1610 640 perpen-

78 644 251 688 deramus,
287 645 347 681 sed
379 658 450 682 non
483 647 686 693 putavimus
720 659 759 683 ac
791 660 836 684 ne
868 661 962 685 nunc
997 648 1139 696 quidem
1164 653 1340 698 putamus,
1366 654 1509 689 nostrae
1533 652 1612 689 illas

79 706 309 754 postulationi
350 708 449 745 iuxta
484 708 627 745 verbum
669 709 735 745 Dei
768 709 898 757 opponi
931 723 1032 758 posse
1066 715 1130 747 aut
1164 712 1270 748 etiam
1312 712 1448 757 debere,
1482 713 1524 750 ab
1567 726 1610 751 eo

78 769 282 816 praesertim
309 770 417 817 Rege,
443 772 505 818 qui
530 783 567 807 se
593 784 662 807 non
689 773 760 807 tam
787 771 907 807 mundi
933 771 1111 816 iudicium,
1138 785 1242 820 quam
1269 773 1366 810 verbi
1392 774 1513 811 Divini
1530 775 1609 812 doc-

77 831 206 866 trinam
231 832 350 878 potius
376 833 476 879 sequi
502 832 591 869 velle
618 833 815 880 profitetur,
842 836 878 869 et
904 833 947 869 de
977 834 1078 870 cuius
1096 835 1229 882 pietate
1247 848 1286 872 ac
1303 836 1472 884 singulari
1490 837 1609 874 studio

77 893 318 940 propagandae
343 893 454 930 indies
481 894 589 941 magis
614 906 653 930 ac
680 894 786 941 magis
813 907 915 930 verae
941 895 1121 942 religionis
1148 897 1280 944 optima
1313 909 1474 945 quaeque
1507 899 1609 935 nobis

77 967 211 1002 semper
227 955 475 1002 pollicebamur
500 969 538 992 ac
564 968 658 992 nunc
683 956 789 992 etiam
815 955 1032 1004 pollicemur.
1079 958 1163 994 Non
1188 961 1354 1006 putamus
1379 963 1499 996 autem
1524 960 1607 996 haec

78 1015 178 1051 nobis
203 1017 252 1052 ita
277 1017 482 1063 opponenda
507 1029 581 1053 esse
606 1019 748 1064 propter
773 1029 894 1053 causas
919 1018 1010 1053 infra
1033 1019 1191 1066 scriptas.
1240 1018 1411 1063 Primum,
1438 1020 1533 1066 quod
1548 1033 1606 1056 va-

77 1076 182 1112 rietas
208 1078 480 1113 ceremoniarum
508 1091 578 1114 non
604 1078 733 1121 obstet,
774 1078 964 1125 quominus
991 1092 1111 1115 omnes
1136 1079 1243 1116 verbo
1271 1080 1337 1116 Dei
1364 1082 1437 1118 siut
1461 1094 1606 1120 consen-

76 1143 211 1181 taneae,
236 1138 339 1174 modo
364 1141 406 1174 ut
431 1139 620 1175 secundum
655 1139 770 1175 sontes
797 1140 894 1176 verbi
920 1140 1043 1176 Divini
1068 1141 1110 1177 ad
1135 1141 1409 1179 aedificationem
1435 1143 1606 1181 Ecclesia-

78 1211 155 1235 rum
182 1200 429 1244 instituantur,
455 1200 631 1247 semelque
656 1200 854 1244 institutae,
881 1202 1021 1248 quoties
1047 1202 1082 1238 id
1111 1202 1166 1239 vel
1188 1202 1367 1250 religionis
1386 1205 1609 1250 incrementa,

80 1259 136 1296 vel
160 1260 397 1297 Ecclesiarum
423 1262 624 1304 necessitas,
650 1260 707 1297 vel
724 1262 829 1297 etiam
849 1262 986 1298 utilitas
1002 1262 1197 1309 postulant,
1217 1272 1453 1311 repurgentur
1469 1271 1607 1304 muten-

76 1324 137 1357 tur
162 1334 201 1358 ac
220 1321 455 1369 corrigantur.
506 1322 590 1358 Non
616 1323 707 1358 enim
733 1322 909 1359 Ecclesiae
937 1323 1097 1359 serviunt
1122 1325 1326 1361 ceremoniis
1352 1326 1388 1361 in
1414 1326 1607 1374 Evangelio

76 1383 219 1427 Christi,
244 1383 303 1419 sed
329 1384 543 1420 ceremoniae
568 1384 745 1421 Ecclesiis.
795 1384 862 1420 Est
887 1384 979 1420 enim
1007 1384 1180 1421 Dominus
1205 1385 1299 1422 filius
1324 1387 1474 1424 hominis
1499 1389 1604 1426 etiam

76 1445 217 1481 Sabbati
236 1445 370 1492 (Lucae
384 1445 433 1491 6).
459 1445 575 1490 Quare
593 1457 663 1480 non
680 1445 883 1492 putavimus
901 1445 1046 1492 primam
1064 1446 1183 1493 negati
1202 1446 1301 1483 nobis
1321 1448 1507 1484 ministerii
1524 1461 1605 1486 cau-

74 1518 147 1542 sam
173 1505 299 1542 merito
324 1505 424 1541 nobis
451 1506 579 1552 opponi
605 1517 705 1553 posse
729 1509 792 1541 aut
817 1506 923 1542 etiam
965 1506 1101 1549 debere,
1143 1507 1204 1543 sed
1229 1508 1469 1555 cogitabamus
1495 1510 1606 1546 Maie-

75 1569 202 1602 statem
221 1566 366 1613 Regiam
392 1565 649 1613 postulaturam
676 1578 762 1609 esse,
788 1569 830 1602 ut
855 1569 996 1602 nostrae
1021 1568 1257 1603 caeremoniae
1282 1581 1362 1604 cum
1388 1569 1503 1616 Regni
1529 1570 1606 1607 eius

73 1627 275 1664 ceremoniis
309 1626 461 1663 conferri
491 1632 645 1674 possent,
672 1630 707 1662 et
733 1638 803 1673 qua
827 1631 928 1674 parte
952 1626 1040 1663 aliae
1065 1627 1142 1663 aliis
1167 1628 1327 1675 puriores
1353 1633 1472 1666 essent
1509 1631 1603 1679 plus-

74 1701 142 1736 que
174 1688 422 1724 aedificationis
456 1687 580 1723 habere
613 1700 655 1723 ex
697 1688 803 1723 verbo
830 1688 896 1724 Dei
922 1688 1175 1732 iudicarentur,
1200 1689 1264 1726 hac
1290 1694 1389 1738 parte
1413 1691 1502 1729 aliae
1526 1693 1604 1729 aliis

73 1751 248 1794 cederent,
284 1752 459 1797 quatenus
492 1749 526 1785 id
551 1761 630 1785 cum
656 1761 738 1796 pace
764 1749 999 1786 Ecclesiarum
1025 1750 1100 1786 fieri
1124 1756 1255 1798 posset,
1280 1755 1344 1788 aut
1369 1753 1491 1790 saltem
1516 1755 1604 1792 aliae

72 1812 157 1849 alias
174 1811 217 1848 ad
235 1814 374 1859 tempus
392 1810 595 1846 tolerarent.
622 1810 750 1857 Neque
767 1811 971 1857 putavimus
997 1811 1143 1859 Regiam
1170 1812 1393 1850 Maiestatem
1410 1814 1447 1850 iu
1465 1827 1504 1852 ea
1521 1828 1598 1853 sen·

73 1873 186 1909 tentia
213 1885 297 1916 esse,
323 1874 366 1907 ut
391 1876 547 1918 receptas
572 1871 677 1907 semel
702 1872 914 1908 ceremonias
940 1885 1121 1919 nunquam
1146 1873 1295 1920 amplius
1322 1876 1502 1923 repurgari
1529 1889 1600 1913 ma-

73 1934 127 1980 gis
158 1945 196 1969 ae
230 1933 340 1979 magis
373 1931 491 1975 vellet,
525 1935 709 1979 propterea
742 1932 836 1979 quod
862 1933 968 1969 verbo
995 1933 1063 1969 Dei
1088 1940 1340 1972 consentaneae
1365 1941 1492 1973 essent.
1542 1938 1602 1974 Fit

75 1995 166 2031 enim
192 2007 262 2030 non
298 2006 388 2037 raro,
422 1996 464 2029 ut
498 1994 580 2029 dum
614 1993 714 2029 initio
740 1994 985 2030 restituuntur
1010 1994 1186 2032 Ecclesiae
1212 1996 1325 2033 multa
1349 1999 1602 2045 permittantur

73 2056 177 2092 etiam
204 2056 305 2091 iuxta
330 2055 474 2091 verbum
501 2054 567 2090 Dei
592 2059 734 2102 propter
769 2055 942 2092 Ecclesiae
968 2055 1079 2092 veluti
1105 2057 1287 2093 infantiam
1305 2059 1491 2105 quandam,
1509 2073 1599 2108 quae

74 2125 190 2154 tamen
223 2121 356 2165 postea,
390 2117 489 2152 iuxta
522 2116 610 2151 idem
638 2116 752 2163 ipsum
779 2117 923 2153 verbum
951 2117 1029 2161 Dei,
1055 2118 1206 2156 retinere
1230 2132 1297 2156 non
1325 2119 1417 2164 licet,
1443 2121 1478 2158 id
1503 2123 1599 2169 quod

75 2177 109 2214 in
135 2190 203 2214 usu
227 2177 501 2214 circumcisionis
527 2176 592 2212 sub
617 2177 798 2224 Apostolis
823 2178 908 2225 ipsis
935 2178 1065 2214 factum
1092 2179 1260 2215 videmus.
1287 2180 1340 2216 Ut
1365 2182 1456 2217 enim
1482 2183 1600 2231 inepte

75 2238 155 2285 quis
180 2238 294 2274 cibum
322 2237 469 2274 solidum
498 2238 693 2274 infantibus
719 2238 899 2282 obtrudat,
926 2239 976 2274 ita
1002 2251 1073 2274 non
1101 2240 1216 2275 minus
1240 2239 1358 2288 inepte
1383 2242 1487 2278 etiam
1504 2243 1600 2279 adul-

74 2301 120 2336 tis
155 2299 206 2336 lac
239 2306 409 2348 perpetuo
441 2312 503 2347 pro
536 2299 615 2336 cibo
641 2301 774 2336 offerat.
823 2300 925 2346 Quod
950 2313 1034 2336 vero
1059 2300 1100 2336 ad
1126 2301 1319 2348 periculum
1345 2304 1601 2350 perturbandae

73 2361 342 2408 tranquillitatis
368 2361 527 2408 publicae
562 2365 705 2410 propter
740 2361 1012 2398 ceremoniarum
1039 2362 1244 2399 varietatem
1269 2364 1412 2408 attinet,
1438 2378 1508 2402 non
1534 2379 1597 2414 pu·

72 2423 225 2458 tavimus
259 2434 298 2458 ac
332 2434 375 2458 nc
409 2435 500 2458 nunc
536 2422 675 2469 quidem
714 2426 891 2470 putamus,
918 2422 1140 2458 Maiestatem
1166 2423 1311 2470 Regiam
1337 2426 1599 2462 aestimaturam

71 2494 146 2518 esse
179 2481 351 2529 publicam
377 2481 490 2528 Regni
517 2482 571 2517 sni
598 2481 891 2528 tranquillitatem
918 2494 960 2517 ex
985 2482 1258 2518 ceremoniarum
1286 2483 1512 2521 humanarum
1538 2489 1596 2523 ob-

71 2544 281 2586 servatione,
315 2556 393 2579 cum
426 2543 532 2578 huius
557 2543 693 2579 consilii
730 2543 845 2579 fontes
879 2555 1053 2590 nusquam
1090 2544 1124 2578 in
1152 2543 1342 2591 Scripturis
1368 2547 1597 2593 reperiantur,

71 2604 142 2640 imo
176 2617 259 2640 vero
294 2605 397 2640 etiam
425 2603 736 2651 reprehendantur,
763 2604 869 2650 idque
895 2616 935 2639 eo
960 2603 1076 2638 minus
1102 2604 1315 2651 putavimus,
1341 2606 1436 2652 quod
1461 2611 1597 2644 nostra-

71 2675 148 2700 rum
182 2665 454 2701 ceremoniarum
481 2664 718 2700 diversitatem
745 2664 788 2700 ad
815 2665 977 2701 maiorem
1003 2664 1115 2701 adhuc
1139 2665 1258 2702 cultus
1297 2666 1408 2704 divini
1433 2681 1597 2717 repurga-

73 2726 202 2763 tionem
230 2739 300 2763 non
325 2726 451 2763 leviter
477 2725 671 2762 conducere
696 2726 949 2770 existimemus,
975 2725 1009 2761 id
1035 2726 1129 2772 quod
1156 2726 1191 2762 in
1217 2727 1342 2775 Regno
1367 2729 1500 2777 alioqui
1524 2733 1596 2767 An-

72 2785 160 2832 gliae
184 2800 244 2834 per
270 2794 409 2823 nostras
435 2786 607 2823 Ecclesias
633 2786 770 2823 abunde
796 2790 849 2823 cst
875 2786 1099 2823 declaratum.
1140 2787 1239 2823 Nihil
1265 2788 1330 2825 sibi
1355 2802 1375 2825 a
1399 2791 1597 2838 tranquilli-

73 2847 157 2882 tatis
183 2847 448 2894 perturbatione
475 2847 653 2883 metuebat
679 2847 803 2891 losias,
829 2860 890 2883 rex
915 2847 1189 2892 laudatissimus,
1215 2848 1298 2884 duni
1324 2857 1478 2898 receptas
1504 2865 1596 2888 anno

71 2911 196 2944 octavo
221 2910 345 2945 aetatis
377 2921 460 2946 suae
494 2909 705 2946 ceremonias
731 2908 783 2944 bis
808 2913 918 2955 atque
944 2909 1070 2945 iterum
1096 2911 1288 2956 corrigeret
1313 2924 1352 2961 ac
1379 2917 1595 2963 repurgarct,
