1830 3147
224 88 285 135 [A.
313 87 357 123 1).
383 87 493 133 1554]
954 88 1022 126 704·

224 195 332 230 vatim
358 194 462 231 etiam
488 205 627 229 manere
651 193 804 242 possitis.
844 194 924 240 Quo
949 196 1051 242 pacto
1078 196 1170 231 enim
1195 195 1475 233 Ecclesiasticam
1501 208 1620 233 eorum
1646 199 1749 234 socie-

223 257 332 291 tatem
364 255 420 291 vel
446 255 619 303 expetatis
645 254 798 299 obsecro,
824 256 881 292 vel
906 256 1011 293 etiam
1036 258 1233 304 agnoscatis
1259 260 1321 293 aut
1347 257 1480 301 feratis,
1518 258 1579 304 qui
1606 271 1668 294 vos
1692 272 1751 294 au-

221 316 295 352 dire
327 329 397 352 non
424 315 615 363 dignentur
641 318 677 352 et
702 316 787 352 diris
812 330 894 353 mox
920 318 1081 354 omnibus
1107 318 1314 363 devoveant,
1340 319 1407 354 nisi
1432 318 1502 354 illis
1527 319 1690 367 protinus
1715 321 1752 356 in

219 377 480 414 condemnanda
513 382 630 413 vestra
655 378 809 425 ipsorum
835 378 994 415 doctrina
1019 380 1268 424 assentiamini,
1294 383 1357 416 aut
1382 382 1477 416 certe
1501 393 1565 416 vos
1589 381 1752 417 assentiri

219 437 403 474 simuletis.
452 438 623 485 Equidem
659 438 744 474 nihil
779 439 981 475 dubitamus
1012 440 1113 476 aliter
1138 440 1244 487 longe
1268 441 1312 477 ad
1336 454 1399 477 vos
1426 441 1534 478 fuisse
1559 442 1751 489 scripturos

219 498 360 535 Fratres
400 498 481 534 illos
514 511 715 535 communes
748 502 900 543 nostros,
935 501 965 536 si
998 501 1084 547 quid
1109 501 1213 536 huius
1247 514 1290 537 ex
1323 501 1450 538 vestris
1481 501 1611 537 litteris
1647 501 1750 537 intel-

218 561 397 597 lexissent.
447 560 583 597 Deinde
595 574 753 597 veremur
780 561 895 605 etiam,
928 575 972 598 ne
998 563 1093 609 quod
1119 563 1261 598 Fratres
1287 563 1339 598 illi
1363 564 1454 600 circa
1478 564 1614 599 rituum
1639 563 1749 599 varie-

218 624 327 658 tatem
361 621 403 658 ad
436 621 673 658 infirmitatem
716 622 890 669 quandam
925 636 988 671 pro
1015 636 1077 659 sua
1102 623 1273 660 modestia
1296 624 1465 668 referunt,
1491 636 1581 671 quae
1605 636 1626 659 a
1650 623 1749 660 vobis

216 682 379 718 videlicet
403 682 548 729 perferri
573 682 708 726 debeat,
733 683 770 719 id
797 683 889 719 sorte
914 684 957 720 ad
982 684 1208 731 pertinaciam
1233 685 1365 732 potius,
1391 698 1470 721 cum
1495 685 1582 721 mira
1599 684 1748 732 quadam

215 743 414 791 arrogantia
448 745 484 779 et
516 744 730 791 gravissimis
765 748 944 792 praeterea
977 745 1082 781 etiam
1108 745 1329 793 praeiudiciis
1367 747 1600 790 coniunctam,
1625 746 1749 782 referri

215 817 285 841 non
318 805 491 842 immerito
524 806 646 852 possit.
695 806 780 843 Non
815 812 869 842 est
901 807 1127 851 infirmitatis,
1154 807 1252 843 nulla
1276 807 1453 854 colloquia
1478 807 1665 854 nullasque
1689 807 1747 843 ad-

214 865 425 901 monitiones
466 865 653 902 admittere
687 866 789 910 velle,
831 869 949 914 atque,
984 868 1026 904 iis
1059 881 1129 904 non
1156 868 1327 912 admissis,
1353 881 1471 904 omnes
1496 880 1579 916 prae
1604 880 1641 904 se
1665 881 1746 904 con-

214 928 370 962 temnere
410 938 449 962 ac
482 926 666 963 devovere.
716 927 811 973 Quin
847 930 882 964 et
915 928 952 975 in
985 929 1178 965 retinendis
1212 929 1546 977 propugnandisque
1579 929 1748 966 eiusmodi

213 987 353 1030 ritibus,
387 999 476 1033 quos
510 988 608 1024 verbi
644 988 768 1023 Divini
793 989 1012 1026 authoritate
1037 1002 1108 1026 non
1135 990 1212 1026 dico
1237 989 1465 1037 comprobari,
1491 990 1552 1026 sed
1576 1003 1620 1026 ne
1645 1003 1748 1026 excu-

209 1049 280 1085 sari
305 1048 447 1096 quidem
471 1049 545 1085 ullo
571 1049 674 1085 modo
700 1062 801 1097 posse
826 1053 981 1094 constat,
1006 1051 1075 1087 imo
1101 1064 1197 1095 vero,
1224 1064 1284 1099 per
1310 1064 1399 1098 quos
1424 1051 1536 1087 lucem
1562 1051 1751 1098 Euangelii

208 1110 321 1159 palam
357 1109 547 1154 obscurari,
575 1113 738 1146 naturam
763 1123 804 1147 ac
839 1111 1047 1159 dignitatem
1074 1112 1268 1149 Sacerdotii
1294 1113 1426 1149 Christi
1451 1112 1663 1157 labefactari,
1689 1126 1746 1149 su-

210 1171 454 1218 perstitionem
479 1171 522 1206 ad
547 1170 781 1207 idololatriam
807 1175 1023 1219 spectantem
1048 1172 1094 1208 ali
1121 1177 1157 1209 et
1181 1173 1342 1220 puriores
1368 1173 1540 1209 Ecclesias
1567 1174 1602 1209 in
1622 1186 1748 1220 graves

211 1232 427 1280 suspiciones
448 1232 566 1268 vocari
592 1231 763 1276 videmus,
788 1254 835 1260 —-
860 1232 897 1268 in
922 1233 1116 1269 retinendis
1148 1234 1292 1280 inquam
1318 1247 1356 1269 ac
1381 1234 1640 1282 propugnandis
1666 1247 1746 1270 cum

208 1292 418 1340 praeiudicio
459 1292 670 1336 istiusmodi,
705 1292 778 1328 sive
813 1293 904 1336 istic,
941 1294 1015 1329 sive
1048 1294 1130 1329 alibi
1163 1294 1303 1337 ritibus,
1335 1295 1507 1331 nescimus
1532 1308 1577 1330 an
1601 1295 1743 1331 infirmi-

212 1353 297 1389 tatis
330 1353 389 1396 sit,
422 1353 554 1388 nullam
589 1353 731 1389 omnino
758 1353 999 1400 impuritatem
1033 1354 1123 1390 velle
1159 1367 1304 1402 quoquo
1340 1355 1442 1391 modo
1474 1368 1672 1402 agnoscere,
1706 1368 1746 1392 ac

212 1426 256 1450 ne
283 1413 371 1450 ferre
396 1413 537 1460 quidem
561 1413 636 1449 ullo
662 1413 775 1457 modo,
802 1417 844 1449 ut
870 1415 1057 1462 quisquam
1082 1415 1172 1450 alius
1197 1415 1291 1451 illam
1318 1418 1484 1461 agnoscat
1500 1418 1607 1462 atque
1625 1429 1744 1452 omnes

213 1474 298 1511 adeo
334 1474 511 1510 fanatismi
536 1475 653 1511 nescio
679 1474 780 1511 cuius
805 1475 944 1522 publice
970 1476 1210 1520 condemnare,
1244 1476 1447 1522 quicunque
1472 1475 1549 1511 illas
1574 1488 1645 1512 non
1672 1488 1745 1523 per-

214 1535 294 1571 inde
332 1536 525 1571 retinerent
559 1548 598 1571 ac
633 1538 906 1582 propugnarent.
955 1536 1052 1572 Haec
1088 1548 1171 1571 sane
1204 1535 1305 1572 nobis
1330 1538 1431 1571 extra
1465 1536 1576 1572 omnis
1601 1536 1744 1571 infirmi-

213 1595 299 1632 tatis
323 1598 431 1644 septa,
458 1608 548 1643 quae
573 1608 592 1631 a
618 1595 717 1632 vobis
744 1596 886 1642 quidem
912 1596 992 1632 istic
1018 1596 1164 1644 perferri
1189 1596 1324 1640 debeat,
1341 1596 1459 1644 posita
1476 1609 1550 1632 esse
1566 1596 1743 1640 videntur,

214 1669 328 1703 neque
360 1656 460 1692 vobis
494 1658 635 1692 autores
670 1669 744 1692 esse
769 1656 951 1700 vellemus,
977 1659 1019 1693 ut
1044 1656 1152 1693 ullam
1177 1669 1257 1692 cum
1283 1657 1414 1693 talibus
1451 1657 1653 1694 societatem
1678 1658 1743 1694 Ec-

214 1718 452 1762 clesiasticam,
487 1731 558 1753 non
592 1717 669 1754 dico
701 1717 877 1754 Ecclesiae
902 1719 983 1754 istic
1008 1721 1150 1754 nostrae
1175 1719 1277 1754 iuxta
1300 1721 1459 1766 receptos
1484 1720 1574 1755 ritus
1599 1720 1744 1756 institu-

214 1779 322 1823 tione,
355 1779 414 1815 sed
447 1778 521 1814 ulla
553 1778 657 1814 etiam
698 1778 837 1826 publica
862 1779 1079 1826 professione
1104 1783 1166 1815 aut
1191 1779 1453 1815 consociatione
1476 1780 1742 1816 attestaremini.

214 1840 282 1875 Sed
322 1852 440 1887 pacem
474 1852 553 1875 cum
591 1838 752 1875 omnibus
788 1840 929 1875 interim
963 1840 1044 1876 istic
1077 1839 1176 1876 vobis
1209 1840 1398 1876 habendam
1437 1852 1511 1876 esse
1544 1840 1742 1885 suademus,

214 1901 390 1946 quatenus
415 1912 478 1935 vos
503 1900 541 1935 in
566 1903 704 1935 vestrae
728 1899 808 1935 fidei
834 1900 1054 1936 consessione
1071 1900 1221 1936 tolerare
1239 1899 1367 1936 volunt
1385 1902 1427 1947 3).
1452 1901 1579 1947 Neque
1596 1901 1678 1937 haec
1691 1904 1742 1937 ta-

214 1975 292 1998 men
334 1962 384 1997 ita
421 1974 441 1997 a
473 1961 573 1997 vobis
605 1961 714 2008 accipi
747 1961 922 2005 volumus,
955 1964 997 1997 ut
1036 1962 1161 1998 horum
1194 1974 1284 2009 quae
1315 1962 1552 1997 recensuimus
1586 1962 1742 1998 omnium

214 2023 386 2071 hospitem
410 2023 492 2058 istic
517 2022 709 2058 Ecclesiam
736 2023 881 2069 eiusque
917 2023 1101 2059 Ministros
1126 2035 1186 2070 per
1212 2036 1275 2059 nos
1301 2022 1466 2058 accusari·
1481 2022 1626 2070 putetis.
1664 2023 1742 2059 Nos

214 2086 354 2120 tantum
380 2095 699 2126 commemoramus,
726 2095 816 2129 quae
839 2082 944 2118 istinc
970 2081 1013 2118 ad
1038 2095 1101 2118 nos
1127 2084 1210 2118 sunt
1233 2081 1371 2130 prolata
1410 2084 1445 2117 et
1471 2094 1559 2128 quae
1584 2081 1667 2118 alibi
1692 2082 1741 2129 ip-

215 2145 318 2181 simet
343 2145 479 2192 experti
504 2157 645 2180 sumus:
672 2146 708 2179 et
734 2143 875 2190 quidem
900 2143 994 2191 apud
1019 2156 1089 2186 eos,
1117 2144 1179 2190 qui
1205 2143 1347 2179 eandem
1374 2143 1579 2185 doctrinam,
1606 2145 1642 2178 et
1667 2155 1742 2179 eos-

216 2205 292 2241 dem
325 2205 416 2240 ritus
450 2217 528 2240 cum
561 2204 698 2251 hospite
730 2204 810 2240 istic
842 2204 997 2240 Ecclesia
1023 2204 1179 2240 retinent
1215 2216 1253 2239 ac
1287 2205 1522 2251 propugnant.
1570 2203 1742 2250 Optamus

215 2265 355 2301 interim
390 2277 478 2300 vana
512 2277 597 2308 esse,
630 2277 720 2311 quae
752 2264 856 2301 istinc
881 2264 1053 2308 audimus,
1079 2267 1187 2312 atque
1212 2265 1348 2300 utinam
1373 2276 1437 2300 vos
1461 2264 1530 2312 ipsi
1554 2276 1643 2300 vana
1668 2276 1742 2301 esse

216 2326 454 2374 eomperiatis!
505 2326 691 2362 Postremo
717 2329 835 2362 autem
861 2327 1045 2369 nescimus,
1071 2339 1116 2362 an
1141 2339 1203 2374 pro
1228 2326 1374 2373 privatis
1399 2325 1479 2361 istic
1503 2325 1651 2372 hospitis
1677 2325 1742 2361 Ec·
1766 2332 1772 2334 ’

215 2388 339 2425 clesiae
371 2387 532 2424 membris
565 2387 714 2423 habendi
739 2388 828 2431 sitis,
855 2387 884 2423 si
908 2387 1117 2435 peculiarem
1142 2391 1294 2424 vestram
1319 2387 1510 2424 Ecclesiam
1535 2386 1742 2423 instituatis.

215 2450 305 2486 Sane
330 2449 484 2485 Ecclesia
506 2448 650 2485 institui
674 2462 746 2485 non
771 2451 889 2496 potest
914 2449 989 2485 sine
1012 2448 1154 2496 publico
1179 2461 1243 2484 suo
1268 2448 1463 2484 ministerio
1498 2448 1642 2494 eiusque
1677 2447 1739 2482 mi-

216 2510 348 2553 nistris,
375 2510 450 2545 sine
473 2509 613 2557 publico
639 2510 723 2546 item
748 2522 786 2545 ac
811 2509 981 2557 peculiari
1005 2512 1110 2546 coetu
1135 2522 1211 2553 suo,
1236 2514 1278 2545 ut
1303 2521 1367 2545 vos
1392 2508 1532 2555 quidem
1558 2520 1636 2543 eum
1659 2507 1740 2543 istic

217 2575 359 2619 propter
394 2571 534 2618 linguae
566 2571 772 2607 varietatem
805 2570 991 2606 instituere
1024 2570 1174 2606 velletis.
1223 2570 1274 2605 At
1306 2581 1389 2605 vero
1415 2569 1479 2604 hoc
1503 2580 1572 2603 non
1599 2570 1663 2610 est,
1689 2567 1740 2603 ita

218 2645 286 2667 vos
306 2631 435 2678 hospiti
459 2630 633 2667 Ecclesiae
657 2631 748 2667 vell:
773 2630 961 2677 adiungere
986 2633 1028 2666 ut
1052 2643 1115 2678 pro
1140 2630 1286 2678 privatis
1320 2629 1490 2665 duntaxat
1515 2627 1609 2663 illius
1635 2640 1740 2663 mem-

218 2692 291 2728 bris
315 2692 519 2735 habeamini,
553 2692 612 2728 sed
637 2694 692 2728 est
715 2691 835 2739 potius
860 2691 1033 2738 publicam
1066 2691 1150 2728 istic
1185 2689 1569 2747 eamque-peculiarem
1595 2688 1741 2724 societa—

219 2755 290 2789 tem
316 2752 564 2799 publicumque
589 2752 685 2789 illius
711 2753 947 2789 ministerium
973 2751 1090 2796 ordiri,
1126 2752 1225 2788 cuius
1252 2751 1412 2799 equidem
1437 2749 1578 2785 nomine
1610 2752 1646 2785 et
1678 2750 1741 2785 mi-

220 2812 323 2849 nistri
355 2813 463 2849 vestri
494 2825 613 2849 omncs
638 2815 674 2850 et
699 2816 820 2850 coetus
845 2812 930 2849 adeo
957 2815 1073 2850 vester
1096 2813 1294 2857 universus,
1320 2824 1390 2848 non
1416 2812 1487 2846 tam
1511 2810 1649 2857 privato
1673 2810 1741 2845 iam

220 2874 380 2921 amplius,
412 2886 517 2920 quam
551 2874 691 2921 publico
725 2875 845 2922 potius
876 2874 955 2911 loco
989 2874 1169 2910 habendus
1194 2874 1273 2917 erit,
1306 2877 1494 2918 vestraque
1527 2872 1617 2908 ratio
1642 2871 1743 2917 longe
