1830 3147
180 131 229 168 52

184 241 288 280 verbi
316 244 352 278 et
380 241 707 277 Sacramentorum
735 238 944 278 ministerio
968 238 1082 290 inque
1109 237 1328 290 disciplinae
1346 238 1436 276 item
1456 238 1640 287 Eccle-(C
1661 239 1722 286 1¹³)

187 306 358 344 siasticae
387 318 454 343 usu
491 304 622 350 nihilo,
650 317 761 355 quain
787 305 923 355 reliqui
951 305 1137 351 Seniores,
1163 305 1341 342 maiorem
1369 304 1514 342 obtinet
1542 304 1724 342 autorita-

188 376 274 416 tem,
303 370 367 408 sed
394 370 428 408 ei
453 369 607 421 perinde
634 375 744 420 atque
771 370 835 408 alii
864 382 992 407 omnes
1014 369 1204 407 subiectus
1225 373 1292 408 est.
1321 368 1382 415 Et,
1406 368 1721 420 quemadmodum

183 436 263 487 ipse
298 448 364 487 pro
401 434 602 473 ministerii
636 434 694 473 sui
729 435 875 473 ratione
910 434 1070 472 aliorum
1100 447 1225 472 curam
1261 434 1370 484 gerit,
1406 434 1458 471 ita
1487 447 1524 471 se
1553 433 1719 472 vicissim

183 500 295 538 etiam
331 499 490 538 aliorum
528 512 636 537 curae
673 499 713 537 in
747 499 851 538 verbi
881 498 1007 536 Divini
1035 498 1248 536 obedientia
1277 502 1312 536 et
1342 498 1561 549 disciplinae
1591 498 1721 536 obser-

185 564 333 602 vatione
370 563 567 603 submittit.
623 565 816 602 Praeterea
853 578 939 602 vero
976 564 1015 601 in
1052 577 1094 601 eo
1123 563 1203 614 ipso
1232 563 1355 614 priore
1384 563 1580 601 Seniorum
1610 563 1724 601 simul

185 629 353 667 omnium
382 628 512 667 ordine
541 629 859 680 Superintendens
884 629 977 680 ipse,
1005 641 1048 666 ac
1077 627 1179 666 verbi
1211 627 1378 665 Ministri
1407 641 1559 674 ommes,
1591 632 1721 679 postea

182 707 292 744 quam
330 707 351 731 a
377 693 532 745 reliquis
562 694 781 732 Senioribus
809 693 999 744 totiusque
1026 692 1217 730 Ecclesiae
1245 706 1400 730 assensu
1428 693 1537 730 electi
1567 692 1719 737 fuerint,

182 758 372 796 Maiestati
403 758 605 807 Regiac—
623 758 727 796 iuxta
755 757 947 807 Privilegii
976 754 1324 808 dispositionem¹-—
1335 770 1399 807 per
1424 757 1621 795 Ministros
1645 756 1721 794 Ec-

178 823 310 860 clesiae
338 822 554 868 offeruntur,
580 828 622 860 ut
650 822 767 871 Regia
794 822 897 873 prius
924 821 1126 859 autoritate
1149 812 1416 872 approbentur,
1435 834 1547 871 quam
1568 821 1719 871 publice

178 901 243 926 suo
280 887 488 926 ministerio
527 901 652 925 coram
689 887 857 925 Ecclesia
898 887 1185 935 inaugurentur.
1240 885 1389 936 Reliqui
1427 899 1512 923 vero
1550 886 1722 923 Seniores

178 966 318 996 omnes,
356 952 515 990 Diaconi
551 953 653 997 item,
689 957 724 990 et
762 953 792 989 si
830 953 894 1003 qui
934 956 1019 990 sunt
1048 952 1112 989 alii
1141 950 1322 996 Ministri,
1350 951 1428 988 sola
1460 951 1655 988 Seniorum
1686 955 1722 989 et

178 1017 367 1055 Ecclesiae
394 1017 596 1054 autoritate
613 1038 661 1045 —
681 1030 724 1055 ex
754 1016 870 1066 Regio
900 1016 1048 1054 indulto
1069 1037 1120 1044 —
1138 1015 1372 1053 asciscuntur
1400 1020 1434 1052 et
1454 1015 1719 1054 instituuntur.

180 1081 293 1119 Quod
331 1094 418 1119 vcro
456 1081 501 1118 ad
540 1081 804 1119 Ministrorum
840 1081 877 1118 in
916 1080 1073 1130 singulis
1110 1079 1308 1117 ordinibus
1346 1079 1577 1117 functionem
1608 1083 1721 1130 atque

180 1147 340 1183 officium
368 1146 514 1191 attinet,
540 1146 577 1183 id
607 1150 727 1184 totum
755 1146 795 1184 in
824 1146 1070 1184 concionibus
1097 1145 1172 1182 illis
1201 1145 1410 1195 expositum
1432 1145 1604 1191 habetur,
1626 1157 1721 1195 quae

177 1215 264 1248 ante
294 1209 555 1248 Ministrorum
584 1210 806 1248 electionem
835 1211 932 1248 circa
959 1210 1136 1262 publicas
1164 1209 1356 1247 Ecclesiae
1381 1222 1521 1260 preces,
1550 1209 1621 1246 hoc
1650 1222 1720 1246 no-

176 1276 277 1313 minc
304 1276 507 1322 institutas,
535 1276 662 1314 haberi
693 1277 827 1322 solent,
855 1276 900 1314 de
927 1290 999 1327 qua
1027 1275 1101 1314 iam
1129 1275 1273 1326 alioqui
1301 1275 1349 1323 (G
1380 1276 1438 1323 2³)
1467 1274 1578 1313 etiam
1605 1274 1716 1312 nobis

179 1340 376 1378 (licendum
407 1342 491 1379 erit.
1476 1341 1478 1343 ’

306 1471 356 1496 DE
387 1470 677 1497 MJNIsTRORUM
711 1470 929 1497 ELECTICNE
960 1470 1147 1507 E'rAQUAE
1178 1469 1301 1496 ILLAM
1333 1468 1611 1497 PRAECEDANT.

233 1601 347 1640 CUM
380 1601 550 1639 Ecclesia
586 1614 661 1639 uno
700 1601 827 1652 aliquo
865 1606 929 1639 aut
966 1601 1138 1652 pluribus
1169 1600 1357 1639 Ministris
1385 1614 1478 1652 opus
1507 1600 1631 1645 habet,
1659 1599 1719 1637 in-

182 1667 315 1705 dicitur
351 1667 543 1718 publicum
580 1666 759 1704 ieiunium
798 1667 869 1705 toti
906 1666 1109 1711 Ecclesiae,
1146 1666 1461 1717 constituiturque
1490 1665 1567 1703 dies
1596 1669 1719 1703 certus

181 1745 245 1783 per
267 1732 453 1769 Seniores
486 1731 629 1782 publici
657 1731 767 1769 huius
793 1731 923 1769 ieiunii
951 1735 986 1769 et
1012 1744 1165 1782 precum
1192 1730 1430 1782 publicarum
1457 1731 1496 1768 in
1527 1729 1719 1775 Ecclesia,

183 1810 226 1834 ac
264 1797 392 1834 diebus
430 1797 572 1848 aliquot
601 1801 709 1834 antea
738 1810 756 1833 e
785 1801 964 1846 suggestu
991 1797 1061 1834 toti
1087 1797 1226 1847 populo
1256 1795 1515 1841 denunciatur,
1544 1799 1597 1840 ut,
1626 1808 1719 1845 qua·

182 1868 291 1900 tenus
325 1861 406 1899 fieri
441 1864 574 1912 potest,
611 1865 691 1898 tota
729 1860 898 1898 Ecclesia
932 1873 974 1898 eo
1003 1861 1084 1911 ipso
1114 1861 1174 1898 die
1202 1860 1406 1898 constituto
1438 1859 1648 1905 conveniat,
1675 1872 1719 1896 ac

184 1926 389 1964 Dominum
425 1913 569 1969 summo
608 1925 732 1963 studio
760 1930 870 1976 atque
897 1925 1103 1963 attentione
1130 1925 1246 1962 animi
1275 1937 1417 1962 summa
1445 1937 1511 1974 pro
1542 1922 1717 1960 fidelibus

184 1991 366 2028 ministris
402 1990 583 2039 eligendis
620 1994 802 2041 precetur.
857 1990 945 2041 Ipso
983 1993 1105 2028 autem
1140 1989 1215 2027 iam
1241 1988 1372 2026 ieiunii
1400 2001 1443 2025 ac
1470 2000 1620 2039 precum
1648 1986 1720 2033 die,

184 2055 251 2092 ubi
288 2054 455 2092 Ecclesia
492 2055 636 2092 circiter
674 2055 804 2092 horam
840 2068 978 2092 nonam
1016 2055 1202 2100 convenit,
1237 2058 1322 2106 post
1351 2054 1587 2092 decantatum
1614 2054 1720 2091 Psal-

188 2132 290 2156 mum
317 2120 491 2170 aliquem,
516 2119 564 2157 ad
592 2119 663 2156 hoc
691 2119 907 2157 institutum
934 2119 1193 2171 pertinentem.
1222 2119 1382 2157 habetur
1410 2118 1557 2169 publica
1581 2117 1719 2156 concio

187 2197 250 2234 per
278 2185 505 2230 ministrum,
532 2184 570 2221 in
600 2198 672 2235 qua
701 2185 790 2223 haec
818 2185 1056 2236 potissimum
1087 2185 1206 2236 capita
1235 2188 1456 2223 tractantur.

240 2249 406 2287 Primum
434 2250 655 2296 ostenditur,
683 2263 747 2288 cur
774 2249 813 2287 in
835 2250 1097 2289 Ministrorum
1126 2251 1318 2295 electione,
1347 2249 1659 2301 quemadmodum
1678 2249 1718 2287 in

188 2314 270 2351 aliis
305 2314 466 2365 publicis
503 2318 536 2352 et
563 2314 741 2364 gravibus
771 2314 960 2353 Ecclesiae
988 2315 1287 2359 necessitatibus,
1316 2313 1509 2365 publicum
1536 2313 1717 2350 ieiunium

189 2383 224 2415 et
250 2379 419 2428 publicas
446 2379 579 2429 pre-(C
608 2381 730 2428 2¹›)0es
758 2378 906 2417 institui
934 2384 1115 2431 oporteat.
1170 2379 1374 2424 Nimirum,
1403 2383 1441 2416 ut
1469 2377 1719 2415 ministerium

187 2442 309 2492 ipsum
344 2442 593 2480 Ecclesiarum
631 2456 706 2481 non
734 2448 789 2481 est
817 2443 980 2481 humana
1008 2445 1096 2487 ulla,
1126 2444 1188 2482 scd
1217 2443 1355 2481 Divina
1383 2443 1492 2493 plane
1519 2441 1722 2488 institutio,

190 2507 241 2544 ita
270 2511 304 2544 et
332 2507 495 2544 ministri
522 2507 649 2545 fideles
677 2520 720 2544 ac
745 2507 798 2558 pii
828 2508 929 2545 nulla
960 2509 1120 2546 bumana
1148 2508 1332 2546 industria
1360 2506 1602 2557 prudentiave
1628 2507 1721 2552 sola,

190 2570 253 2607 sed
290 2570 471 2618 singulari
507 2570 577 2608 Dei
615 2571 806 2616 beneficio,
843 2571 1033 2609 Ecclesiae
1073 2573 1272 2610 donantur.
1328 2571 1494 2621 Cumque
1532 2570 1652 2607 omnis
1679 2570 1720 2607 in

190 2634 357 2672 Ecclesia
402 2646 594 2672 successus
631 2648 674 2673 ex
711 2635 848 2672 Divina
886 2635 1123 2674 ordinatione
1160 2650 1180 2674 a
1220 2635 1481 2674 Ministrorum
1519 2635 1591 2672 fide
1630 2647 1718 2671 cura

186 2711 230 2736 ac
257 2699 393 2750 pietate
421 2699 580 2736 maxima
608 2700 684 2737 fere
711 2713 755 2738 ex
781 2704 886 2750 parte
914 2701 1153 2751 propendeat,
1189 2714 1307 2751 neque
1335 2701 1423 2737 item
1451 2699 1602 2737 aliunde
1635 2700 1718 2750 plus

189 2763 236 2800 sit
264 2762 418 2813 periculi
445 2763 515 2800 toti
544 2763 743 2809 Ecclesiae,
781 2777 891 2814 quam
920 2764 966 2801 ab
997 2764 1186 2816 hypocrisi
1214 2764 1441 2814 negligentia
1469 2769 1504 2801 et
1530 2763 1721 2814 impietate

188 2827 465 2871 ministrorum,
502 2840 644 2878 nosque
679 2830 739 2876 (ut
767 2828 954 2876 homines)
984 2842 1058 2867 non
1087 2829 1273 2880 possimus
1301 2842 1375 2866 non
1406 2841 1547 2879 semper
1575 2827 1655 2865 falli
1683 2831 1718 2865 et

184 2892 311 2930 fallere
342 2913 386 2921 ·-
416 2892 641 2930 tutissimum
671 2905 762 2937 csse,
791 2898 831 2929 ut
859 2893 895 2930 in
927 2893 1182 2931 ministrorum
1213 2892 1392 2930 electione
1421 2905 1566 2930 summo
1595 2892 1718 2929 studio
