1830 3147
1549 98 1621 136 111

132 212 220 251 Hoc
254 226 367 265 porro
406 211 474 250 Dei
510 214 663 262 pactum
700 210 1081 262 sacramentalemque
1117 210 1219 249 illius
1254 210 1294 249 in
1325 209 1622 249 Circumcisione

79 278 381 317 obfirmationem
419 281 532 328 atque
573 276 877 324 obsignationem
914 275 1206 327 haudquaquam
1240 276 1406 314 abolevit
1449 276 1621 314 Christus

79 343 266 382 Dominus
300 343 340 380 in
369 354 435 379 sua
464 341 647 386 Ecclesia,
674 341 820 378 etiamsi
847 340 1016 391 typicum
1045 341 1353 379 Circumcisionis
1381 341 1618 387 elementum,

78 413 272 446 externam
314 407 470 457 inquam
519 405 704 456 praeputii
748 405 986 451 accisionem,
1012 418 1130 455 aquae
1166 406 1314 443 lavacro
1353 409 1620 444 commutatam

78 487 157 511 essc
195 473 383 510 videamus
424 473 465 518 ¹),
494 476 546 517 ut,
586 470 684 521 quod
725 471 813 508 olim
851 471 1077 521 promissum
1115 471 1383 521 expectabatur
1420 471 1543 509 adhuc
1579 473 1616 508 in

80 539 231 576 Christo
260 544 426 582 venturo,
455 536 493 573 id
522 536 595 573 iam
625 537 662 574 in
692 537 773 588 ipso
804 536 971 574 exhibito
1001 535 1220 586 praestitum
1250 536 1542 574 cumulatissime
1559 536 1617 574 in-

75 603 301 653 telligamus.
341 600 496 651 Alioqui
531 601 667 638 Paulus
696 606 731 638 et
760 605 917 638 veterem
946 600 1168 645 Ecclesiam,
1198 614 1291 651 quac
1321 601 1617 639 circumcideba-

75 673 149 712 tur,
186 667 254 705 sub
301 667 426 718 typica
471 665 524 704 rei
570 666 719 704 futurae
755 665 1045 703 adumbratione
1082 665 1325 717 baptizatum,
1362 671 1397 704 et
1434 680 1502 704 nos
1529 667 1619 705 item

78 733 143 784 qui
179 732 424 783 baptizamur,
470 731 655 782 completo
692 730 763 768 iam
794 731 832 768 in
861 731 972 768 nobis
999 744 1065 781 per
1095 731 1284 769 Christum
1314 731 1621 770 Circumcisionis

77 796 224 848 typicae
253 797 440 846 mysteriO,
471 795 713 833 circumcisos
751 809 830 833 esse
858 795 977 834 docet.
1011 795 1134 834 Multo
1161 795 1286 833 minus
1314 800 1434 834 autem
1463 797 1623 835 arctavit

78 862 251 900 Christus
288 861 473 899 Dominus
511 861 674 898 foederis
711 861 830 898 divini
867 874 955 911 erga
992 874 1062 899 nos
1099 861 1260 911 gratiam
1289 861 1325 898 in
1356 875 1422 899 sua
1450 862 1623 900 Ecclesia

75 941 163 978 prae
208 926 372 964 Ecclesia
412 926 571 972 Israelis,
609 939 692 963 cum
727 939 801 963 una
839 926 888 964 sit
926 940 1068 977 semper
1104 926 1308 978 eademque
1336 927 1521 964 catholica
1549 927 1620 965 Dei

77 991 245 1030 Ecclesia
274 995 310 1029 et
338 1005 453 1028 unuin
483 991 571 1029 item
600 1000 710 1042 atque
738 991 836 1029 idern
866 997 1058 1029 aeternum
1089 991 1159 1029 Dei
1187 991 1319 1029 foedus
1346 991 1385 1029 in
1413 991 1491 1030 illa.
1532 992 1620 1030 Quo

76 1071 165 1095 sane
193 1056 343 1094 nomine
373 1056 545 1094 Christus
575 1056 759 1094 Dominus
786 1056 827 1094 in
858 1056 1032 1094 Abrahae
1062 1056 1200 1094 semine
1222 1061 1392 1094 censetur
1412 1060 1448 1094 et
1469 1070 1537 1094 nos
1555 1070 1622 1109 per

75 1122 182 1159 illum
210 1135 350 1168 omnes,
379 1121 695 1173 quemadmodum
724 1122 862 1160 Paulus
891 1124 1003 1171 (130)
1023 1122 1131 1160 docet
1151 1124 1197 1170 Ξ).
1229 1121 1300 1159 Sed
1329 1122 1463 1159 foedus
1484 1123 1622 1173 ipsum,

75 1186 173 1238 quod
220 1191 328 1224 antea
361 1185 406 1223 ad
445 1186 546 1224 solos
582 1186 745 1224 Iudaeos
784 1182 1020 1238 peculiariter
1057 1186 1271 1238 pertinebat
1311 1187 1622 1225 Circumcisionis

73 1252 305 1295 testimonio,
340 1256 561 1303 protensum
598 1257 653 1289 est
689 1265 753 1303 per
791 1252 981 1290 Christum
1019 1252 1227 1290 Dominum
1263 1252 1301 1290 in
1337 1266 1466 1290 omnes
1503 1253 1620 1290 totius

74 1317 177 1355 orbis
229 1322 410 1355 terrarum
447 1306 576 1367 gentes
615 1317 801 1368 Baptismi
846 1318 1096 1363 institutione,
1135 1318 1188 1356 sic
1225 1322 1265 1356 ut
1302 1317 1621 1368 quemadmodum

72 1382 110 1420 in
145 1382 295 1420 Israelis
332 1382 423 1420 olim
461 1382 629 1419 Ecclesia
666 1381 767 1420 Deus
805 1387 930 1434 aperte
967 1387 1126 1420 testatus
1162 1387 1229 1429 est,
1271 1396 1321 1427 se,
1358 1396 1435 1420 non
1472 1386 1620 1421 tantum

71 1446 297 1493 adultorum,
344 1446 406 1484 sed
444 1446 555 1484 etiam
592 1447 795 1484 infantium
834 1446 955 1484 Deum
992 1460 1071 1485 csse
1099 1449 1145 1494 ³),
1180 1469 1232 1476 —
1268 1448 1319 1485 ita
1368 1452 1403 1485 et
1444 1447 1621 1486 ’Christus

32 1518 39 1524 ‘
74 1511 259 1548 Dominus
296 1512 335 1548 in
373 1525 439 1548 sua
478 1524 579 1548 nuuc
619 1511 789 1549 Ecclesia
825 1512 989 1549 infantes
1027 1516 1177 1550 nostros
1222 1512 1295 1550 sibi
1332 1512 1477 1563 placere
1505 1517 1618 1564 atque

74 1575 121 1613 ad
158 1589 196 1613 se
231 1575 414 1627 pertinere
450 1580 620 1614 testetur.
674 1575 721 1612 Id
761 1576 860 1627 quod
897 1583 933 1614 et
970 1577 1052 1614 aliis
1089 1577 1219 1615 multis
1246 1578 1340 1616 locis
1369 1583 1403 1615 et
1433 1578 1617 1630 imprimis

73 1641 166 1691 apud
216 1640 387 1678 Marcum
434 1654 605 1691 expresse
652 1641 810 1691 legimus
858 1655 937 1693 cap.
984 1645 1044 1686 10,
1088 1642 1133 1679 ad
1173 1642 1274 1680 hunc
1313 1643 1476 1682 modum.
1534 1662 1552 1678 n
1568 1645 1618 1682 Et

72 1706 278 1744 attulerunt
321 1706 365 1743 ad
423 1719 504 1743 eum
552 1706 728 1751 infantes,
773 1711 814 1744 ut
866 1707 952 1745 illos
999 1711 1219 1758 capesseret.
1288 1708 1471 1760 Discipuli
1527 1723 1613 1747 vero

73 1771 325 1821 obiurgabant
362 1772 464 1822 ipsos
493 1771 695 1809 infantium
724 1778 943 1821 gestatores.
999 1773 1043 1810 Id
1072 1787 1185 1824 porro
1214 1787 1297 1812 cum
1328 1775 1480 1812 vidisset
1508 1776 1614 1813 Iesus

71 1835 225 1885 indigne
253 1836 339 1873 tulit
367 1842 401 1873 et
428 1837 482 1873 ait
509 1836 555 1873 ad
584 1836 809 1888 discipulos:
851 1838 971 1875 Sinite
998 1838 1161 1880 infantes
1191 1840 1314 1877 venile
1343 1840 1390 1877 ad
1420 1854 1477 1878 me
1505 1845 1539 1878 et
1568 1855 1614 1879 ne

69 1900 265 1951 prohibete
290 1900 388 1941 illos,
416 1900 547 1937 talium
577 1904 633 1939 est
661 1901 760 1945 enim
788 1915 946 1951 regnum
975 1902 1058 1941 Dei.
1116 1906 1236 1941 Amen
1265 1904 1348 1942 dico
1382 1905 1501 1950 vobis,
1529 1906 1613 1957 qui-

73 1978 217 2016 cunque
254 1978 331 2003 non
365 1966 548 2016 acceperit
585 1967 758 2016 Regnum
797 1967 877 2014 Dei,
909 1969 1222 2019 queamdmodum
1253 1970 1390 2016 infans,
1417 1970 1613 2022 haudqua-

70 2042 183 2080 quam
211 2028 440 2078 ingredietur
468 2029 576 2068 illud.
632 2031 680 2068 Et
710 2043 793 2069 cum
823 2032 909 2070 illos
938 2033 976 2070 iu
1005 2033 1110 2071 ulvas
1139 2034 1358 2086 accepisset,
1386 2036 1519 2086 positis
1548 2049 1612 2074 su-

71 2107 134 2144 per
163 2106 225 2130 eos
253 2094 428 2131 manibus
458 2094 651 2132 benedixit
678 2095 795 2134 illis''.

122 2157 181 2195 Ex
219 2158 358 2195 Christi
396 2157 551 2197 Domini
579 2164 613 2197 et
642 2160 764 2198 verbis
795 2161 894 2199 hisce
922 2168 957 2199 et
985 2163 1154 2214 exemplo
1190 2164 1428 2214 perspicuum
1456 2170 1522 2213 est,
1550 2166 1610 2205 in-

70 2224 191 2261 fantes
226 2223 259 2260 ei
295 2228 423 2272 gratos
460 2225 570 2272 (131)
600 2229 710 2275 atquc
738 2231 909 2277 acceptos
947 2240 1026 2264 esse
1062 2227 1101 2265 in
1138 2241 1204 2265 sua
1243 2229 1422 2274 Ecclesia,
1460 2236 1495 2269 et
1523 2245 1610 2283 pro-

70 2287 154 2324 inde
191 2287 275 2324 illos
314 2300 395 2324 cum
434 2287 478 2324 ad
518 2288 648 2326 foedus
688 2289 809 2340 ipsum
842 2290 911 2327 Dei
941 2291 1148 2338 nobiscum,
1180 2298 1257 2330 tum
1287 2294 1400 2332 etiam
1429 2296 1472 2332 ad
1504 2297 1611 2346 signa

68 2352 184 2403 ipsius
211 2366 232 2389 a
262 2352 410 2389 Christo
440 2353 613 2390 instituta
642 2355 892 2404 proculdubio
922 2355 1117 2405 pertinere.
1174 2357 1268 2394 Cum
1293 2358 1411 2408 igitur
1440 2360 1612 2400 Christus

71 2417 251 2454 Dominus
280 2417 318 2453 in
347 2430 412 2457 sua
435 2417 604 2454 Ecclesia
632 2417 868 2469 Baptismum
897 2420 1114 2466 instituerit,
1144 2425 1182 2459 ut
1211 2427 1306 2460 essct
1331 2423 1480 2473 signum
1501 2431 1611 2477 atque

69 2481 356 2530 obsignaculum
394 2480 512 2518 divini
550 2486 701 2532 propter
729 2496 766 2520 se
795 2483 955 2521 foederis
984 2485 1194 2532 nobiscum,
1222 2491 1405 2537 quatenus
1433 2503 1521 2528 sane
1548 2504 1612 2529 eos

65 2559 207 2590 omnes,
234 2545 281 2583 ad
318 2559 412 2597 quos
450 2546 509 2583 ius
538 2546 678 2597 alioqui
707 2560 749 2584 ac
778 2547 1030 2586 ministerium
1059 2549 1258 2600 Euangelii
1286 2551 1406 2602 ipsius
1436 2568 1608 2606 quoquo-

67 2611 178 2648 modo
215 2611 386 2662 pcrtinet,
425 2612 461 2648 iu
503 2625 639 2649 nomen
675 2612 795 2650 Patris
841 2618 877 2651 et
906 2614 994 2652 Filii
1021 2620 1057 2652 et
1086 2616 1249 2666 Spiritus
1277 2619 1397 2656 sancti
1428 2620 1609 2671 baptizari

68 2676 184 2721 iubet,
201 2697 251 2703 —
277 2675 447 2726 equidem
477 2676 716 2726 perspicuum
744 2682 810 2723 est,
838 2678 1001 2716 infantes
1031 2684 1180 2718 nostros
1209 2680 1254 2718 ad
1283 2681 1518 2733 Baptismum
1546 2699 1611 2736 per

68 2741 272 2778 Ecclesiam
303 2740 424 2778 offerri
455 2754 536 2778 cum
566 2741 719 2792 publica
746 2743 824 2780 eius
862 2744 1115 2793 gratulatione
1151 2750 1187 2783 et
1215 2746 1261 2783 ab
1290 2747 1392 2785 illius
1424 2748 1611 2789 Ministris

110 2869 132 2907 ¹)
159 2867 263 2898 colos.
287 2868 315 2898 2.
508 2869 533 2907 Ξ)
561 2868 629 2899 Gal.
654 2868 682 2899 3.
708 2844 866 2901 Hebre..2
1059 2870 1085 2910 3)
1110 2871 1226 2903 Matth.
1251 2872 1300 2903 28.
1328 2873 1428 2916 Ephe.
1452 2875 1481 2909 3.
