1830 3147
809 102 877 137 643
1333 102 1394 149 [A.
1422 101 1466 139 D.
1493 102 1604 149 1550]

73 211 201 248 abest
225 214 268 247 ut
292 222 397 258 opera
422 209 638 246 Mai-chionis
663 208 802 246 Alberti
826 219 888 262 rex
916 210 960 256 Ι3)
987 208 1116 256 Anglie
1141 208 1198 244 uti
1223 208 1321 246 velit.
1356 208 1610 246 Praeterea

73 275 146 308 est
171 272 257 308 huc
281 271 493 314 allatum,
519 270 556 306 in
582 270 753 318 Hispania
779 270 891 318 parari
916 282 1077 317 magnam
1103 269 1248 307 classem
1275 270 1468 318 missasque
1493 283 1534 306 eo
1567 270 1610 306 ab

74 332 202 369 Cesare
227 344 346 369 omnes
370 331 546 367 machinas
570 330 608 366 in
633 331 820 368 Germania
844 330 977 379 pridem
1001 334 1161 378 acceptas
1185 332 1229 367 ad
1253 331 1495 367 instruendam
1520 330 1606 367 clas-

74 404 147 428 sem
181 392 296 428 illam:
331 392 420 428 hanc
453 391 598 428 classem
632 392 762 427 metuit
786 391 824 428 in
849 404 886 428 se
910 392 1002 427 strui
1026 391 1168 439 Anglia.
1217 391 1301 428 Sed
1326 392 1410 428 alii
1435 393 1606 440 putant

72 456 198 491 contra
214 453 412 490 Maritimas
436 452 603 490 civitates
619 465 694 490 eam
710 452 851 497 instrui,
877 452 995 501 quod
1019 452 1172 501 ipsum
1198 455 1243 490 et
1268 466 1348 501 ego
1373 453 1518 493 credo.
1543 453 1608 492 Et

73 517 229 551 metuo
262 527 312 551 ne
347 514 462 562 quid
486 517 592 550 ante
617 514 810 562 hyemem
834 514 971 551 etiam
997 514 1102 558 fiat,
1128 515 1247 563 quod
1273 515 1399 554 forte
1423 530 1510 554 non
1536 530 1602 554 ex-

46 579 292 623 ·pectatur
318 578 376 624 ¹⁴).
424 576 522 613 Nos
547 575 618 613 hic
643 575 805 613 divino
831 575 1068 613 beneficio
1102 577 1366 624 peregrinis
1397 579 1606 616 omnibus

73 639 323 676 Ecclesiam
359 638 709 686 impetravimus
733 640 794 685 ⁴⁵),
827 650 923 674 cum
959 637 1193 675 libertate
1225 638 1510 676 instituendi
1544 653 1607 677 ce·

72 700 304 737 remonias
337 702 523 736 nostras
558 701 603 736 et
635 698 926 746 disciplinam
952 698 1334 736 Ecclesiasticam
1361 701 1493 738 iuxta
1517 714 1606 738 ver-

72 763 171 799 bum
197 761 282 798 Dei
307 763 352 798 et
377 760 708 809 Apostolorum
735 760 1123 797 observationem.
1151 761 1268 798 Huic
1285 761 1527 800 Ecclesiae
1544 777 1609 802 me

72 824 168 860 Rex
209 835 422 871 praeesse
464 821 635 866 voluit,
676 822 837 869 itaque
877 824 1083 858 nostrum
1126 822 1442 860 ministerium
1476 825 1609 863 brevi

72 898 150 933 per
193 884 276 921 Dei
317 884 512 930 gratiam
554 882 792 920 ordiemur.
841 883 1138 930 Peragentur
1177 896 1303 920 sacra
1344 886 1493 922 omnia
1523 887 1606 924 lin·

72 959 157 993 gua
193 945 459 982 Germanica
495 948 540 981 et
575 943 773 989 Gallica,
808 944 925 991 quod
961 944 1039 981 hae
1064 944 1272 981 nationes
1297 949 1405 983 sunt
1430 948 1500 984 hic
1525 949 1607 986 fre-

74 1007 424 1055 quentissimae,
467 1005 631 1053 quibus
665 1005 744 1042 alii
782 1018 960 1053 quoque
995 1006 1253 1053 adiungere
1290 1020 1335 1044 se
1370 1012 1608 1056 poterunt.

72 1068 129 1104 Et
154 1080 385 1116 speramus
411 1067 695 1114 frequentem
720 1066 816 1103 fore
840 1069 1041 1103 nostram
1067 1066 1174 1104 hanc
1191 1067 1461 1114 Ecclesiam,
1480 1083 1606 1117 quam

73 1129 281 1176 equidem
316 1129 385 1165 ita
421 1127 678 1164 instituere
703 1126 966 1164 conabimur
991 1140 1067 1175 per
1093 1128 1180 1164 Dei
1204 1129 1416 1175 gratiam,
1441 1134 1492 1167 ut
1518 1132 1610 1168 nul-

71 1190 131 1227 lis
156 1193 314 1239 postea
337 1189 674 1226 mutationibus
700 1201 808 1236 opus
834 1189 1011 1233 habeat,
1037 1201 1182 1236 neque
1206 1190 1609 1230 illiusinstitutio

72 1251 209 1289 facile
244 1263 318 1288 eos
351 1250 586 1294 offendat,
619 1250 698 1297 qui
733 1250 819 1286 sibi
852 1249 977 1286 verbi
1004 1250 1160 1286 Divini
1186 1252 1444 1290 autoritate
1469 1255 1602 1290 satis-

73 1313 182 1350 fieri
213 1313 466 1362 patientur.
513 1311 616 1357 Alia
652 1311 734 1347 iam
769 1324 857 1348 non
890 1311 1121 1356 habemus,
1155 1312 1245 1348 nisi
1279 1313 1398 1360 quod
1432 1327 1511 1362 ego
1546 1329 1607 1353 me

72 1373 373 1413 celsitudinis
406 1375 513 1410 tuae
547 1372 820 1410 clementiae
856 1374 999 1409 totum
1033 1385 1197 1409 summa
1228 1385 1321 1410 cum
1362 1374 1604 1413 observan-

73 1437 137 1474 tia
161 1434 409 1473 commendo
442 1437 485 1471 et
519 1434 657 1471 Deum
690 1446 848 1482 precor
882 1436 933 1470 ut
969 1433 1100 1470 nobis
1133 1435 1255 1470 tuam
1290 1435 1606 1474 celsitudinem

73 1500 117 1534 et
150 1497 249 1534 eius
282 1495 499 1532 familiam
533 1499 707 1539 servet,
742 1495 964 1542 gubernet
997 1497 1040 1532 et
1074 1499 1242 1544 augeat
1275 1509 1356 1545 pro
1390 1497 1502 1535 bona
1536 1512 1606 1537 vo-

72 1558 257 1595 luntate
298 1569 396 1602 sua,
428 1556 479 1592 ad
504 1556 574 1593 sui
597 1556 790 1592 nominis
815 1555 1004 1602 gloriam
1029 1558 1073 1592 et
1097 1556 1325 1594 Ecclesiae
1349 1560 1603 1606 protectio-

73 1632 180 1657 nem.
228 1620 376 1656 Amen.
425 1617 691 1654 Londini19
717 1616 834 1653 Iulii
858 1618 984 1653 Anno
1010 1617 1116 1654 1550.

119 1681 234 1718 Tuae
267 1679 546 1718 Celsitudini
579 1678 940 1716 Illustrissimae
972 1677 1160 1716 Domino
1194 1691 1284 1715 meo
1309 1679 1606 1718 clementissi-

74 1755 140 1779 mo
165 1741 514 1779 addictissimus
539 1740 740 1778 servitor
1001 1738 1171 1778 Ioannes
1195 1740 1217 1776 a
1241 1740 1362 1778 Lasco
1388 1755 1434 1779 m.
1459 1755 1512 1791 pr.

119 1855 144 1894 ¹)
173 1854 220 1886 M.
249 1854 281 1886 S.
310 1853 360 1885 em·
382 1855 446 1884 tam
470 1852 570 1893 (notis
592 1852 749 1892 secretis).
792 1851 820 1892 2)
844 1851 895 1884 Cf.
918 1862 968 1893 ep.
992 1852 1040 1884 65.
1065 1863 1096 1884 n.
1118 1853 1147 1884 3.
1193 1852 1220 1892 ³)
1244 1853 1290 1886 M.
1313 1854 1345 1886 S.
1367 1853 1461 1896 b‘·ph‚
1486 1855 1524 1887 de
1543 1866 1607 1898 quo

74 1920 172 1951 supra
200 1909 260 1951 Ep.
291 1909 340 1940 63.
372 1919 403 1940 11.
439 1908 467 1940 3.
511 1909 539 1948 ⁴)
573 1908 621 1939 M.
657 1907 689 1940 S.
723 1907 789 1948 ipse
811 1918 877 1938 rer.
920 1908 947 1947 ⁵)
972 1907 1071 1938 Plane
1095 1918 1211 1939 novum
1236 1912 1293 1947 cst,
1317 1909 1402 1950 quod
1426 1909 1477 1941 hic
1499 1913 1605 1943 tamen

75 1965 138 1996 fide
162 1964 258 2006 digno
280 1966 362 1996 teste
386 1964 546 2002 docemur,
569 1963 659 1996 Edw.
679 1963 734 1995 VI.
747 1963 919 2005 imperium
930 1962 1110 1995 Romanum
1126 1963 1286 1997 ambiisse.
1308 1965 1336 2005 G)
1361 1965 1410 1998 Cf.
1425 1965 1609 2006 LANGENN,

76 2030 107 2053 o.
130 2019 151 2052 l.
174 2020 204 2052 l.
228 2020 298 2058 541,
328 2022 361 2051 et
390 2030 469 2061 quae
499 2019 584 2051 infra
606 2019 638 2051 in
668 2019 735 2050 vita
757 2018 849 2050 Lasci
872 2018 1029 2061 prolixius
1052 2018 1091 2050 dc
1113 2022 1234 2051 secreta
1256 2019 1316 2052 hac
1340 2020 1432 2052 Lasei
1455 2021 1607 2054 missione

76 2075 233 2108 dicentur.
258 2077 286 2116 ⁷)
310 2076 356 2108 M.
381 2077 412 2108 S.
423 2075 585 2114 arbitram,
598 2075 632 2107 in
644 2075 818 2118 apograph.
835 2075 1129 2112 arbit1-ament0res;
1152 2076 1282 2108 idcirco
1300 2078 1332 2108 ct
1348 2077 1423 2118 quia
1434 2088 1544 2120 praep.
1551 2089 1612 2120 per

73 2132 110 2164 in
133 2134 247 2164 neutro
270 2132 439 2174 reperitur,
463 2132 586 2163 conieci
610 2131 694 2173 quod
718 2131 751 2163 in
773 2134 873 2164 textu.
916 2132 944 2172 ⁸)
968 2131 1034 2162 Pax
1060 2131 1198 2163 Galliam
1222 2132 1306 2164 inter
1329 2135 1361 2164 et
1384 2133 1531 2174 Angliam
1555 2146 1612 2177 pu-

71 2188 155 2220 blice
178 2187 319 2220 Londini
342 2187 546 2230 promulgata
569 2190 617 2219 est
639 2188 679 2219 29
702 2187 815 2219 Martii
839 2188 931 2219 1549.
969 2188 1007 2219 In
1031 2188 1178 2220 articulis
1201 2188 1262 2220 hoc
1285 2191 1411 2220 tantum
1435 2189 1606 2222 discrimen

73 2244 216 2282 observo,
247 2243 332 2284 quod
361 2243 458 2284 vulgo
492 2253 547 2274 rex
581 2243 704 2274 Galliae
727 2243 857 2275 nonnisi
879 2243 1016 2281 400,000
1039 2247 1266 2276 coronatorum
1291 2245 1323 2276 in
1346 2248 1451 2278 totum
1475 2247 1608 2280 solvisse

73 2301 205 2342 legitur:
227 2299 328 2331 Lasco
352 2299 432 2330 dicit
454 2298 599 2338 600‚000.
622 2299 673 2331 Cf.
695 2299 851 2337 ΒυΒΝΕΤ,
875 2310 904 2332 ο.
927 2299 949 2332 l.
971 2299 1016 2332 ΙΙ.
1039 2300 1112 2332 222.
1135 2301 1162 2340 ⁹)
1185 2300 1236 2332 Sc.
1254 2300 1451 2335 Elisabetha.
1477 2303 1517 2343 ¹⁰)
1535 2304 1604 2336 Iam

74 2367 182 2388 mense
215 2355 383 2388 Februarii
413 2354 508 2386 huius
543 2354 618 2386 anni
651 2354 725 2386 Dux
755 2354 985 2388 Sommersethi
1019 2366 1146 2387 carcere
1169 2355 1323 2388 liberatus
1347 2361 1378 2389 et
1401 2359 1464 2390 fine
1486 2360 1606 2391 mensis

74 2412 174 2445 Mart.
205 2411 239 2442 in
267 2410 403 2453 gratiam
433 2410 517 2452 apud
546 2421 653 2452 regem
676 2410 822 2452 regisque
844 2410 1024 2448 consilium,
1048 2410 1074 2441 si
1098 2411 1325 2443 Warwickium
1349 2413 1498 2456 excipias,
1522 2415 1612 2446 resti-

73 2470 174 2501 tutus.
218 2467 262 2508 ¹⁰)
292 2467 448 2499 Albrecht
481 2466 628 2498 Marchio
661 2466 1205 2508 Brandenburgo-Kulmbachensis.
1248 2467 1380 2506 Rumor,
1409 2472 1446 2500 nt
1479 2470 1608 2503 videtur

76 2533 205 2566 sparsus
229 2526 307 2560 erat,
332 2533 403 2554 eum
427 2522 510 2554 inter
533 2521 712 2553 foederatos
736 2524 921 2564 cooptatum
945 2532 1022 2560 esse,
1045 2525 1076 2554 et
1099 2526 1231 2554 eventns
1255 2534 1283 2555 a.
1304 2524 1386 2556 1553
1399 2525 1476 2556 satis
1489 2525 1608 2565 docuit,

76 2581 231 2621 qnantum
270 2589 380 2610 rumor
419 2577 474 2609 ille
514 2577 622 2609 efficax
663 2580 747 2610 esset
787 2577 826 2609 ad
866 2578 1044 2610 maritimas
1087 2579 1233 2611 civitates
1270 2582 1392 2612 terrore
1430 2583 1608 2623 percutien-

78 2634 144 2666 das.
190 2634 232 2673 Η)
256 2633 425 2666 Cornelius
448 2633 620 2675 Duplicius
643 2633 854 2676 Schepperus,
878 2633 1025 2665 Caesaris
1048 2645 1065 2666 a
1088 2634 1232 2666 consiliis
1255 2634 1411 2677 rebusque
1435 2637 1606 2670 maritimis

75 2691 268 2731 praefectus.
312 2690 362 2722 Cf.
395 2690 494 2721 vitam
524 2689 592 2720 eius
616 2699 634 2720 a
666 2689 793 2720 Barone
823 2689 870 2722 St.
900 2688 1020 2721 Genois
1049 2690 1265 2732 conscriptam
1298 2702 1328 2723 ο.
1356 2691 1378 2723 l.
1422 2692 1465 2732 ¹²)
1490 2693 1605 2732 Maria,

77 2745 211 2786 posthac
233 2745 354 2786 regina,
378 2755 458 2787 qnae
482 2745 560 2776 satis
584 2744 662 2776 dure
686 2745 926 2777 custodiebatur
954 2746 994 2777 ob
1018 2745 1110 2777 cath.
1134 2746 1191 2778 rel.
1215 2757 1366 2781 amorem.
1411 2748 1608 2782 Commemo-

77 2801 168 2830 ratur
189 2800 349 2842 expeditio
372 2800 428 2832 illa
451 2800 626 2842 Scheppcri
650 2800 803 2838 Bonum,
827 2800 872 2832 Η.
894 2800 926 2834 d.
948 2801 970 2833 l.
996 2801 1069 2843 Reff.
1093 2812 1129 2832 en
1154 2802 1249 2844 Anyl.
1271 2803 1317 2836 ΙΙ.
1341 2814 1372 2846 p.
1395 2805 1467 2837 261.
1500 2806 1540 2844 ¹³)
1558 2806 1605 2838 M.

78 2854 110 2888 S.
133 2855 208 2896 reqi‚
255 2856 296 2895 ¹⁴)
321 2855 441 2888 Classis
464 2855 521 2887 illa
544 2855 603 2887 hoe
627 2866 710 2887 anno
734 2867 835 2898 neque
860 2857 891 2888 in
916 2857 1065 2898 Angliam
1090 2868 1191 2900 neque
1215 2859 1246 2890 in
1275 2860 1382 2893 marit.
1405 2860 1511 2893 Germ.
1534 2861 1609 2892 eivi-

74 2912 155 2942 tates
177 2910 273 2943 missa
296 2916 354 2944 est.
399 2912 440 2951 ¹⁴⁹³)
464 2911 525 2943 Per
548 2911 642 2943 edict.
666 2911 730 2945 dat.
753 2912 794 2944 24
817 2912 903 2945 Iulii.

1345 2969 1413 3006 41*
