1830 3147
154 110 216 159 [A.
241 110 288 147 D.
315 110 426 159 1551]
837 127 846 142 =
890 111 961 148 654

153 219 188 255 N
192 231 235 255 on
262 221 425 267 putaram
452 219 555 262 enim,
581 221 618 255 te
642 219 724 256 istic
747 219 848 255 illum
874 219 1054 256 editurum
1079 233 1168 265 esse,
1190 233 1271 257 cum
1295 222 1399 257 tanto
1423 221 1579 268 tempore
1595 222 1688 268 apud

153 294 208 318 1118
232 285 371 329 praeter
398 293 507 317 meam
534 281 675 317 interim
701 280 923 317 voluntatem
949 281 1161 320 delituisset.
1200 282 1325 318 Adieci
1349 281 1402 318 illi
1426 294 1533 317 unam
1559 294 1578 318 8
1603 282 1688 318 meis

153 343 312 391 epistolis
345 343 464 380 eadem
499 342 542 379 de
575 355 613 379 re
645 345 729 379 ante
754 356 815 380 sex
838 356 950 381 annos
983 344 1161 392 scriptam,
1193 347 1235 380 ut
1268 343 1449 380 doctrinae
1480 356 1688 380 consensum

152 408 352 449 attestarer,
379 418 495 453 neque
520 404 656 449 dubito,
690 405 756 442 tibi
782 405 865 443 haec
891 406 1008 443 omnia
1031 406 1169 443 reddita
1193 419 1277 443 esse.
1327 406 1432 452 Quod
1455 406 1499 443 ad
1522 406 1689 443 domesti-

152 478 235 503 cum
270 466 408 503 Coenae
442 466 636 504 dominicae
669 479 773 502 usum
805 467 948 511 attinet,
980 480 1045 504 1105
1070 467 1127 504 1110
1151 480 1171 504 a
1196 467 1306 512 vobis,
1331 470 1374 504 ut
1399 471 1500 516 puto,
1524 480 1597 504 non
1621 466 1691 504 dis-

153 527 340 571 sentimus,
374 527 435 564 sed
460 528 625 565 docemus
661 527 843 564 vobiscum
875 528 911 564 in
948 541 1076 566 coenae
1099 541 1168 565 usu
1194 529 1373 577 publicum
1399 531 1540 566 coetum
1566 531 1602 565 et
1626 541 1689 576 pu-

153 588 280 625 blicam
306 588 483 626 Ecclesiae
507 589 798 626 convocationem
824 590 968 637 requiri,
994 589 1167 637 siquidem
1191 590 1227 626 id
1252 591 1327 627 fieri
1351 591 1475 639 possit.
1513 590 1592 634 Sed,
1609 602 1689 627 cum

151 652 216 687 aut
240 663 313 687 non
337 649 421 687 licet
445 653 509 687 aut
534 663 606 687 non
631 656 686 687 est
711 663 754 687 ex
779 663 849 687 usu
873 650 1015 699 publico
1041 651 1219 688 Ecclesiae
1242 651 1382 700 publice
1405 652 1443 688 in
1468 664 1579 687 unum
1608 663 1692 688 eon·

153 712 274 749 venire
299 712 370 748 toti
394 711 572 748 Ecclesiae
605 711 648 748 ad
673 724 802 748 coenae
827 725 943 756 usum,
969 725 1041 749 non
1066 725 1234 760 negamus
1261 713 1397 749 Coenae
1421 725 1526 749 usum
1551 711 1690 759 aliquot

153 773 322 810 fratribus
347 773 450 809 illum
475 773 741 822 postulantibus
767 780 805 810 et
829 775 995 821 privatim
1021 774 1324 818 convenientibus,
1351 773 1510 823 exemplo
1536 774 1690 822 Aposto-

152 834 267 871 lorum
292 847 418 882 panem
443 847 504 882 per
529 834 651 871 domos
678 834 928 882 frangentium,
954 835 1058 872 modo
1083 848 1127 872 ne
1152 835 1226 872 ulla
1242 835 1449 871 adhibeatur
1472 834 1690 882 superstitio,

153 898 190 933 et
222 896 385 944 privatus
415 895 477 932 ille
508 895 680 932 eiusmodi
706 908 793 932 usus
827 909 898 932 nou
940 899 1137 933 remoretur
1169 909 1284 944 neque
1316 896 1479 933 obscuret
1509 895 1690 944 publicum

154 956 251 992 illius
277 968 382 991 usum
408 955 509 992 illum
548 956 584 992 111
610 956 752 1003 publico
779 957 892 993 totius
918 956 1096 994 Ecclesiae
1121 960 1237 994 coetu.
1286 957 1434 1005 Alioqui
1458 957 1610 994 Paulum
1636 957 1691 994 hic

154 1018 319 1066 protinus
353 1022 390 1055 et
422 1031 486 1055 nos
519 1018 683 1055 audimus
720 1019 806 1059 'An
832 1032 904 1056 non
929 1019 1064 1056 habetis
1091 1020 1213 1057 domos
1238 1020 1282 1056 ad
1308 1019 1502 1056 edendum”
1528 1018 1693 1067 absitque

154 1082 197 1116 ut
229 1092 306 1124 1105,
340 1079 437 1127 (111οᾶ
470 1079 684 1117 dominicum
718 1084 784 1125 est,
825 1085 870 1118 ut
903 1081 1024 1129 inquit
1058 1082 1342 1131 Chrysostomus,
1375 1082 1554 1130 privatum
1579 1081 1692 1118 facere

154 1140 314 1178 velimus.

201 1201 305 1248 Quod
337 1201 380 1238 ad
414 1202 617 1239 Florianum
637 1204 666 1251 3)
700 1202 800 1239 illum
834 1203 976 1248 attinet,
1011 1203 1234 1241 vehementer
1270 1203 1382 1248 dolce,
1418 1208 1454 1241 te
1485 1215 1629 1251 quoque
1653 1203 1688 1239 in

154 1274 276 1299 eorum
301 1275 447 1299 numero
474 1275 559 1308 esse,
585 1276 675 1311 quos
700 1263 760 1300 ille
784 1263 860 1311 pios
887 1267 923 1300 et
947 1270 1088 1302 sanctos
1114 1264 1209 1301 viros
1243 1264 1419 1313 hypocrisi
1454 1277 1518 1301 sua
1552 1263 1691 1301 fefellit.

155 1323 308 1360 Facilius
334 1323 408 1361 fero
434 1323 530 1372 quod
554 1337 610 1361 me
635 1323 774 1369 fefellit,
800 1324 860 1361 sed
886 1324 982 1372 quod
1006 1325 1050 1362 ad
1076 1325 1246 1362 fallendos
1271 1325 1357 1362 alios
1383 1338 1460 1362 meo
1497 1326 1544 1362 sit
1560 1325 1691 1362 abusus

154 1386 306 1430 nomine,
332 1385 484 1434 denique
509 1389 544 1422 et
569 1399 647 1422 mea
670 1399 788 1431 manu,
815 1387 851 1423 id
875 1387 961 1424 mihi
978 1387 1088 1435 magis
1106 1387 1214 1432 dolet,
1233 1401 1339 1436 quam
1357 1393 1399 1425 ut
1416 1387 1532 1425 dicere
1549 1388 1690 1436 possim.

152 1447 256 1494 Quod
291 1460 374 1485 vero
407 1450 444 1487 te
476 1460 620 1496 quoque
652 1449 934 1495 circumvenerit,
967 1450 1123 1487 omnium
1157 1451 1307 1487 maxime
1337 1454 1382 1487 ut
1422 1463 1545 1487 verum
1580 1450 1691 1487 fatear

150 1509 265 1547 doleo.

201 1571 279 1619 Ego
312 1584 397 1609 vero
430 1572 499 1609 iam
533 1585 554 1609 a
578 1572 721 1610 biennio
752 1577 788 1610 et
812 1572 961 1621 amplius
986 1572 1074 1609 nihil
1097 1572 1140 1609 ab
1164 1571 1227 1609 illo
1252 1571 1379 1620 accepi,
1405 1584 1521 1620 neque
1551 1571 1612 1608 ubi
1644 1571 1693 1608 sit

153 1632 244 1669 scire
285 1645 440 1681 possum,
473 1632 642 1681 aliudque
671 1646 743 1670 non
774 1633 944 1682 suspicor,
979 1646 1086 1682 quam
1121 1633 1216 1681 quod
1248 1646 1284 1670 se
1314 1632 1445 1670 alicubi
1475 1632 1513 1669 in
1549 1635 1691 1669 antrum

154 1695 247 1732 forte
279 1696 513 1732 monasticum
544 1695 710 1740 detrusit,
744 1695 887 1732 tametsi
912 1708 1028 1743 neque
1053 1695 1158 1731 huius
1184 1695 1378 1743 quidquam
1403 1695 1487 1732 scio.
1536 1694 1593 1731 Ex
1616 1707 1693 1732 mea

153 1757 268 1805 patria
292 1769 393 1794 nemo
420 1756 615 1804 quidquam
640 1756 683 1793 de
708 1756 769 1794 illo
794 1757 838 1793 ad
863 1770 917 1794 me
943 1757 1077 1801 scribit,
1102 1759 1146 1793 ut
1178 1756 1249 1794 illic
1275 1769 1355 1794 eum
1380 1769 1467 1801 esse,
1492 1756 1595 1805 plane
1621 1768 1692 1792 non

157 1821 291 1867 putem.
319 1819 398 1863 Sed,
424 1819 491 1856 etsi
516 1819 579 1855 ubi
603 1818 663 1856 ille
689 1820 738 1856 sit
763 1832 907 1867 prorsus
934 1820 1097 1863 nesciam,
1125 1831 1240 1867 neque
1266 1819 1458 1866 quidquam
1483 1818 1526 1855 ab
1551 1818 1612 1854 illo
1630 1821 1693 1855 aut

155 1880 240 1916 mihi
281 1883 345 1917 aut
386 1880 452 1917 tibi
493 1882 557 1916 aut
598 1880 677 1916 aliis
718 1880 825 1917 etiam
868 1881 1123 1928 expectandum
1164 1893 1238 1917 esse
1278 1879 1428 1924 credam,
1462 1892 1526 1928 ego
1560 1883 1691 1924 tamen,

153 1946 383 1990 posteaquam
410 1941 447 1977 in
474 1941 626 1978 nominis
652 1941 719 1978 mei
743 1942 892 1989 gratiam
917 1944 1059 1979 tantum
1083 1942 1121 1978 in
1145 1942 1246 1978 illum
1273 1942 1478 1979 beneficium
1495 1941 1693 1986 contulisti,

156 2015 317 2050 magnam
351 2002 417 2039 tibi
452 2003 560 2040 habeo
592 2003 754 2051 gratiam,
788 2006 824 2040 et
857 2004 893 2039 in
927 2017 982 2041 me
1014 2004 1050 2040 id
1083 2006 1199 2041 totum
1229 2004 1290 2040 abs
1317 2007 1354 2041 te
1378 2016 1441 2051 pro
1467 2006 1532 2040 tua
1556 2004 1692 2040 virtute

155 2064 325 2101 collatum
360 2077 435 2101 esse
460 2064 592 2112 putabo
628 2064 790 2112 daboque
825 2077 979 2113 operam,
1003 2070 1046 2102 ut
1072 2065 1137 2102 sub
1163 2066 1338 2102 nundinas
1362 2064 1692 2102 Francofordienses

153 2126 231 2170 tibi,
264 2127 319 2163 vir
346 2127 584 2164 sanctissime!
613 2127 773 2164 satisfiat.
822 2127 918 2164 Nolo
945 2127 1048 2172 enim,
1073 2130 1116 2164 ut
1141 2127 1206 2163 tibi
1232 2127 1347 2163 fraudi
1377 2127 1426 2163 sit
1457 2128 1562 2163 etiam
1588 2127 1692 2163 fucus

152 2187 227 2236 ipse
267 2187 335 2224 mei
380 2188 541 2232 nominis,
575 2187 653 2232 tibi,
687 2188 844 2236 inquam,
878 2201 983 2236 quem
1018 2201 1082 2236 ego
1117 2201 1190 2225 non
1222 2188 1291 2225 alio
1324 2201 1429 2236 quam
1461 2188 1572 2236 patris
1613 2188 1690 2225 loeo

151 2262 231 2287 amo
265 2262 413 2287 veneror
447 2253 483 2287 et
519 2249 608 2287 colo.
667 2250 836 2297 Quintam
871 2254 969 2287 tuam
1004 2250 1179 2288 Decadem
1203 2264 1276 2288 non
1309 2251 1412 2287 licuit
1442 2250 1612 2287 hactenus
1637 2262 1689 2286 re-

153 2323 236 2347 vera
269 2313 383 2347 totam
418 2311 608 2360 perlegere,
643 2311 704 2348 sed
738 2324 829 2360 quae
861 2312 932 2359 legi
967 2312 1083 2349 omnia
1113 2312 1263 2361 placent,
1299 2315 1336 2349 et
1368 2324 1432 2360 pro
1463 2311 1565 2349 donis
1590 2312 1624 2348 in
1653 2313 1689 2348 te

151 2371 291 2408 collatis
316 2373 447 2420 gratias
473 2385 540 2420 ago
567 2373 721 2409 Domino
748 2373 825 2409 Deo
850 2375 986 2410 nostro.

197 2433 296 2480 Quae
327 2434 486 2470 Bucerus
518 2436 600 2471 ante
626 2436 773 2471 mortem
799 2433 841 2471 de
866 2447 904 2471 re
930 2434 1206 2471 Sacramentaria
1238 2447 1374 2472 mecum
1408 2434 1520 2482 egerit
1553 2445 1689 2481 egoque

149 2494 203 2530 illi
228 2495 476 2543 responderim,
503 2508 597 2532 nuuc
623 2508 695 2532 non
720 2495 848 2532 habeo:
881 2499 967 2532 suut
993 2497 1084 2532 euim
1110 2496 1202 2544 apud
1228 2497 1274 2534 D.
1301 2496 1600 2540 Cantuariensem,
1625 2494 1687 2541 qui

151 2568 244 2593 1111110
277 2557 358 2594 111110
393 2556 491 2594 abest
509 2559 551 2605 4).
607 2557 680 2594 Ubi
713 2570 855 2594 rursum
889 2558 1054 2601 habuero,
1085 2558 1261 2607 descripta
1293 2558 1336 2595 ad
1370 2561 1407 2595 te
1437 2557 1688 2594 transmittam.

151 2617 351 2662 Miraberis,
385 2621 440 2654 sat
474 2618 559 2662 scio,
592 2618 653 2655 ubi
686 2619 885 2667 perlegeris.
935 2620 1065 2668 Scripsi
1090 2620 1134 2656 ad
1159 2623 1196 2656 te
1221 2633 1331 2668 nuper
1356 2620 1398 2678 de
1423 2616 1601 2661 Musculo,
1626 2616 1687 2652 Bi-

151 2677 310 2715 bliandro
336 2682 372 2715 et
398 2679 624 2724 Castellione,
650 2679 680 2716 si
706 2679 884 2727 quomodo
909 2680 1029 2716 induci
1054 2681 1204 2728 possint,
1230 2686 1273 2718 ut
1297 2681 1365 2717 huc
1382 2680 1537 2716 veniant.
1585 2677 1685 2714 Idem

151 2751 237 2776 vero
263 2742 299 2775 et
324 2752 417 2775 1111110
443 2740 606 2788 optarim,
632 2740 693 2777 sed
719 2741 836 2785 audio,
863 2753 979 2788 neque
1004 2741 1172 2779 Musculo
1198 2754 1313 2789 neque
1337 2739 1538 2776 Bibliandro
1563 2741 1688 2775 nostro

151 2799 268 2844 licere,
300 2802 343 2836 ut
369 2800 433 2836 hoc
460 2800 604 2838 faciant.
652 2801 730 2848 Ego
756 2814 839 2837 sane
865 2800 1015 2849 optarim
1039 2801 1122 2838 illos
1148 2802 1277 2844 adesse,
1303 2799 1375 2844 sed,
1400 2799 1430 2835 si
1455 2799 1490 2834 id
1514 2799 1589 2835 fieri
1615 2811 1686 2835 non

151 2863 282 2909 potest,
317 2860 442 2896 saltem
475 2859 518 2896 da
551 2873 703 2908 operam,
736 2861 831 2910 quod
863 2862 899 2897 in
932 2864 969 2898 te
1003 2864 1068 2906 est,
1102 2864 1144 2898 ut
1170 2860 1418 2898 Castellionem
1450 2861 1487 2896 et
1525 2858 1685 2896 Coelium

152 2921 341 2960 Curionem
361 2922 390 2969 ὅ)
419 2920 472 2958 hic
497 2920 622 2957 habere
646 2922 832 2969 possimus.
866 2921 903 2958 Si
929 2920 972 2958 de
997 2921 1138 2958 illorum
1164 2921 1281 2959 animo
1306 2920 1368 2958 hac
1384 2918 1421 2956 in
1439 2920 1540 2967 parte
1557 2918 1687 2956 certior
