<?xml version="1.0" encoding="UTF-8"?>
<!DOCTYPE html PUBLIC "-//W3C//DTD XHTML 1.0 Transitional//EN"
    "http://www.w3.org/TR/xhtml1/DTD/xhtml1-transitional.dtd">
<html xmlns="http://www.w3.org/1999/xhtml" xml:lang="en" lang="en">
 <head>
  <title>
</title>
<meta http-equiv="Content-Type" content="text/html;charset=utf-8" />
  <meta name='ocr-system' content='tesseract 3.04.00' />
  <meta name='ocr-capabilities' content='ocr_page ocr_carea ocr_par ocr_line ocrx_word'/>
</head>
<body>
  <div class='ocr_page' id='page_1' title='image "./operatameditaqua02lask_0111.png"; bbox 0 0 1830 3147; ppageno 0'>
   <div class='ocr_carea' id='block_1_1' title="bbox 1579 165 1624 201">
    <p class='ocr_par' dir='ltr' id='par_1_1' title="bbox 1579 165 1624 201">
     <span class='ocr_line' id='line_1_1' title="bbox 1579 165 1624 201; baseline 0 0"><span class='ocrx_word' id='word_1_1' title='bbox 1579 165 1624 201; x_wconf 84' lang='lat'>93</span> 
     </span>
    </p>
   </div>
   <div class='ocr_carea' id='block_1_2' title="bbox 91 271 1635 2846">
    <p class='ocr_par' dir='ltr' id='par_1_2' title="bbox 91 271 1635 2846">
     <span class='ocr_line' id='line_1_2' title="bbox 95 271 1622 323; baseline 0.002 -14"><span class='ocrx_word' id='word_1_2' title='bbox 95 284 172 309; x_wconf 92' lang='lat' dir='ltr'>non</span> <span class='ocrx_word' id='word_1_3' title='bbox 209 284 352 323; x_wconf 86' lang='lat' dir='ltr'>semper</span> <span class='ocrx_word' id='word_1_4' title='bbox 378 284 458 310; x_wconf 92' lang='lat' dir='ltr'>esse</span> <span class='ocrx_word' id='word_1_5' title='bbox 485 271 658 318; x_wconf 88' lang='lat' dir='ltr'>sollicita,</span> <span class='ocrx_word' id='word_1_6' title='bbox 687 272 750 310; x_wconf 90' lang='lat' dir='ltr'>sed</span> <span class='ocrx_word' id='word_1_7' title='bbox 778 275 946 311; x_wconf 89' lang='lat' dir='ltr'>mutuam</span> <span class='ocrx_word' id='word_1_8' title='bbox 974 272 1072 311; x_wconf 88' lang='lat' dir='ltr'>inter</span> <span class='ocrx_word' id='word_1_9' title='bbox 1100 286 1178 312; x_wconf 86' lang='lat' dir='ltr'>sese</span> <span class='ocrx_word' id='word_1_10' title='bbox 1204 272 1366 312; x_wconf 88' lang='lat' dir='ltr'>invicem</span> <span class='ocrx_word' id='word_1_11' title='bbox 1396 287 1522 312; x_wconf 87' lang='lat' dir='ltr'>curam</span> <span class='ocrx_word' id='word_1_12' title='bbox 1550 275 1622 312; x_wconf 85' lang='lat' dir='ltr'>alia</span> 
     </span>
     <span class='ocr_line' id='line_1_3' title="bbox 92 336 1620 387; baseline 0.002 -14"><span class='ocrx_word' id='word_1_13' title='bbox 92 349 159 387; x_wconf 91' lang='lat' dir='ltr'>pro</span> <span class='ocrx_word' id='word_1_14' title='bbox 197 336 279 374; x_wconf 90' lang='lat' dir='ltr'>aliis</span> <span class='ocrx_word' id='word_1_15' title='bbox 317 336 468 381; x_wconf 89' lang='lat' dir='ltr'>habent,</span> <span class='ocrx_word' id='word_1_16' title='bbox 496 349 637 387; x_wconf 87' lang='lat' dir='ltr'>nosque</span> <span class='ocrx_word' id='word_1_17' title='bbox 664 349 792 375; x_wconf 89' lang='lat' dir='ltr'>omnes</span> <span class='ocrx_word' id='word_1_18' title='bbox 820 351 896 375; x_wconf 85' lang='lat' dir='ltr'>una</span> <span class='ocrx_word' id='word_1_19' title='bbox 923 350 1008 375; x_wconf 91' lang='lat' dir='ltr'>cum</span> <span class='ocrx_word' id='word_1_20' title='bbox 1036 338 1174 376; x_wconf 86' lang='lat' dir='ltr'>nostris</span> <span class='ocrx_word' id='word_1_21' title='bbox 1199 338 1410 376; x_wconf 86' lang='lat' dir='ltr'>infantibus</span> <span class='ocrx_word' id='word_1_22' title='bbox 1437 339 1476 377; x_wconf 87' lang='lat' dir='ltr'>in</span> <span class='ocrx_word' id='word_1_23' title='bbox 1504 352 1620 377; x_wconf 90' lang='lat' dir='ltr'>unum</span> 
     </span>
     <span class='ocr_line' id='line_1_4' title="bbox 93 400 1627 454; baseline 0.002 -16"><span class='ocrx_word' id='word_1_24' title='bbox 93 405 203 451; x_wconf 89' lang='lat' dir='ltr'>atque</span> <span class='ocrx_word' id='word_1_25' title='bbox 230 400 327 438; x_wconf 89' lang='lat' dir='ltr'>idem</span> <span class='ocrx_word' id='word_1_26' title='bbox 357 400 497 438; x_wconf 83' lang='lat' dir='ltr'>Christi</span> <span class='ocrx_word' id='word_1_27' title='bbox 524 400 680 439; x_wconf 87' lang='lat' dir='ltr'>Domini</span> <span class='ocrx_word' id='word_1_28' title='bbox 709 414 843 453; x_wconf 90' lang='lat' dir='ltr'>corpus</span> <span class='ocrx_word' id='word_1_29' title='bbox 871 402 1013 452; x_wconf 82' lang='lat' dir='ltr'><strong>Spiritu</strong></span> <span class='ocrx_word' id='word_1_30' title='bbox 1050 408 1179 440; x_wconf 90' lang='lat' dir='ltr'>sancto</span> <span class='ocrx_word' id='word_1_31' title='bbox 1216 407 1346 441; x_wconf 83' lang='lat' dir='ltr'>autore</span> <span class='ocrx_word' id='word_1_32' title='bbox 1381 403 1627 454; x_wconf 82' lang='lat' dir='ltr'>baptizemur,</span> 
     </span>
     <span class='ocr_line' id='line_1_5' title="bbox 91 465 1628 519; baseline 0.001 -17"><span class='ocrx_word' id='word_1_33' title='bbox 91 465 325 516; x_wconf 88' lang='lat' dir='ltr'>perspicuum</span> <span class='ocrx_word' id='word_1_34' title='bbox 353 469 421 509; x_wconf 90' lang='lat' dir='ltr'>est,</span> <span class='ocrx_word' id='word_1_35' title='bbox 449 477 573 502; x_wconf 87' lang='lat' dir='ltr'>curam</span> <span class='ocrx_word' id='word_1_36' title='bbox 602 465 805 503; x_wconf 87' lang='lat' dir='ltr'>infantium</span> <span class='ocrx_word' id='word_1_37' title='bbox 832 466 870 503; x_wconf 89' lang='lat' dir='ltr'>in</span> <span class='ocrx_word' id='word_1_38' title='bbox 902 465 1082 511; x_wconf 82' lang='lat' dir='ltr'>Ecclesia,</span> <span class='ocrx_word' id='word_1_39' title='bbox 1117 474 1357 518; x_wconf 77' lang='lat' dir='ltr'>posteaquam</span> <span class='ocrx_word' id='word_1_40' title='bbox 1389 472 1475 505; x_wconf 90' lang='lat' dir='ltr'>sunt</span> <span class='ocrx_word' id='word_1_41' title='bbox 1504 468 1628 519; x_wconf 88' lang='lat' dir='ltr'>bapti·</span> 
     </span>
     <span class='ocr_line' id='line_1_6' title="bbox 94 530 1627 584; baseline 0.003 -17"><span class='ocrx_word' id='word_1_42' title='bbox 94 530 179 576; x_wconf 83' lang='lat' dir='ltr'>zati,</span> <span class='ocrx_word' id='word_1_43' title='bbox 206 530 253 568; x_wconf 88' lang='lat' dir='ltr'>ad</span> <span class='ocrx_word' id='word_1_44' title='bbox 280 534 396 567; x_wconf 89' lang='lat' dir='ltr'>totam</span> <span class='ocrx_word' id='word_1_45' title='bbox 425 530 644 574; x_wconf 84' lang='lat' dir='ltr'>Ecclesiam,</span> <span class='ocrx_word' id='word_1_46' title='bbox 672 530 854 581; x_wconf 81' lang='lat' dir='ltr'>imprimis</span> <span class='ocrx_word' id='word_1_47' title='bbox 883 544 967 568; x_wconf 92' lang='lat' dir='ltr'>vero</span> <span class='ocrx_word' id='word_1_48' title='bbox 997 531 1043 568; x_wconf 92' lang='lat' dir='ltr'>ad</span> <span class='ocrx_word' id='word_1_49' title='bbox 1062 535 1233 582; x_wconf 87' lang='lat' dir='ltr'>parentes</span> <span class='ocrx_word' id='word_1_50' title='bbox 1246 532 1413 583; x_wconf 87' lang='lat' dir='ltr'>ipsorum</span> <span class='ocrx_word' id='word_1_51' title='bbox 1430 533 1627 584; x_wconf 87' lang='lat' dir='ltr'>pertinere.</span> 
     </span>
     <span class='ocr_line' id='line_1_7' title="bbox 96 595 1630 646; baseline 0.003 -14"><span class='ocrx_word' id='word_1_52' title='bbox 96 595 144 634; x_wconf 89' lang='lat' dir='ltr'>Et</span> <span class='ocrx_word' id='word_1_53' title='bbox 180 608 238 633; x_wconf 88' lang='lat' dir='ltr'>res</span> <span class='ocrx_word' id='word_1_54' title='bbox 272 596 353 646; x_wconf 87' lang='lat' dir='ltr'>ipsa</span> <span class='ocrx_word' id='word_1_55' title='bbox 381 595 502 640; x_wconf 86' lang='lat' dir='ltr'>docet,</span> <span class='ocrx_word' id='word_1_56' title='bbox 530 595 625 632; x_wconf 87' lang='lat' dir='ltr'>nihil</span> <span class='ocrx_word' id='word_1_57' title='bbox 652 600 727 632; x_wconf 89' lang='lat' dir='ltr'>tam</span> <span class='ocrx_word' id='word_1_58' title='bbox 755 608 833 633; x_wconf 86' lang='lat' dir='ltr'>esse</span> <span class='ocrx_word' id='word_1_59' title='bbox 861 596 953 633; x_wconf 91' lang='lat' dir='ltr'>utile</span> <span class='ocrx_word' id='word_1_60' title='bbox 980 608 1023 633; x_wconf 87' lang='lat' dir='ltr'>ac</span> <span class='ocrx_word' id='word_1_61' title='bbox 1051 597 1300 634; x_wconf 86' lang='lat' dir='ltr'>necessarium</span> <span class='ocrx_word' id='word_1_62' title='bbox 1328 600 1399 635; x_wconf 86' lang='lat' dir='ltr'>toti</span> <span class='ocrx_word' id='word_1_63' title='bbox 1426 598 1630 643; x_wconf 81' lang='lat' dir='ltr'>Ecclesiae,</span> 
     </span>
     <span class='ocr_line' id='line_1_8' title="bbox 94 659 1628 711; baseline 0.003 -15"><span class='ocrx_word' id='word_1_64' title='bbox 94 673 205 711; x_wconf 90' lang='lat' dir='ltr'>quam</span> <span class='ocrx_word' id='word_1_65' title='bbox 236 664 274 697; x_wconf 90' lang='lat' dir='ltr'>ut</span> <span class='ocrx_word' id='word_1_66' title='bbox 299 659 405 710; x_wconf 87' lang='lat' dir='ltr'>pueri</span> <span class='ocrx_word' id='word_1_67' title='bbox 430 660 546 710; x_wconf 88' lang='lat' dir='ltr'>ipsius</span> <span class='ocrx_word' id='word_1_68' title='bbox 574 664 672 697; x_wconf 88' lang='lat' dir='ltr'>recte</span> <span class='ocrx_word' id='word_1_69' title='bbox 699 660 737 697; x_wconf 90' lang='lat' dir='ltr'>in</span> <span class='ocrx_word' id='word_1_70' title='bbox 771 661 928 698; x_wconf 83' lang='lat' dir='ltr'>Domino</span> <span class='ocrx_word' id='word_1_71' title='bbox 958 661 1213 700; x_wconf 79' lang='lat' dir='ltr'>instituantur.</span> <span class='ocrx_word' id='word_1_72' title='bbox 1243 662 1334 699; x_wconf 84' lang='lat' dir='ltr'>Abit</span> <span class='ocrx_word' id='word_1_73' title='bbox 1361 663 1460 700; x_wconf 89' lang='lat' dir='ltr'>enim</span> <span class='ocrx_word' id='word_1_74' title='bbox 1487 662 1527 701; x_wconf 91' lang='lat' dir='ltr'>in</span> <span class='ocrx_word' id='word_1_75' title='bbox 1546 675 1628 700; x_wconf 88' lang='lat' dir='ltr'>mo-</span> 
     </span>
     <span class='ocr_line' id='line_1_9' title="bbox 95 724 1630 779; baseline 0.003 -17"><span class='ocrx_word' id='word_1_76' title='bbox 95 738 151 762; x_wconf 88' lang='lat' dir='ltr'>res</span> <span class='ocrx_word' id='word_1_77' title='bbox 187 725 276 771; x_wconf 85' lang='lat' dir='ltr'>fere,</span> <span class='ocrx_word' id='word_1_78' title='bbox 312 724 413 775; x_wconf 91' lang='lat' dir='ltr'>quod</span> <span class='ocrx_word' id='word_1_79' title='bbox 447 724 486 762; x_wconf 93' lang='lat' dir='ltr'>in</span> <span class='ocrx_word' id='word_1_80' title='bbox 522 725 680 776; x_wconf 81' lang='lat' dir='ltr'>pueritia</span> <span class='ocrx_word' id='word_1_81' title='bbox 710 725 876 771; x_wconf 86' lang='lat' dir='ltr'>discitur,</span> <span class='ocrx_word' id='word_1_82' title='bbox 905 725 1090 777; x_wconf 81' lang='lat' dir='ltr'>habetque</span> <span class='ocrx_word' id='word_1_83' title='bbox 1120 727 1298 764; x_wconf 87' lang='lat' dir='ltr'>momenti</span> <span class='ocrx_word' id='word_1_84' title='bbox 1336 727 1535 778; x_wconf 91' lang='lat' dir='ltr'>plurimum</span> <span class='ocrx_word' id='word_1_85' title='bbox 1565 740 1630 779; x_wconf 91' lang='lat' dir='ltr'>per</span> 
     </span>
     <span class='ocr_line' id='line_1_10' title="bbox 94 789 1630 831; baseline 0.003 -5"><span class='ocrx_word' id='word_1_86' title='bbox 94 802 241 827; x_wconf 86' lang='lat' dir='ltr'>omnem</span> <span class='ocrx_word' id='word_1_87' title='bbox 278 789 390 827; x_wconf 91' lang='lat' dir='ltr'>vitam</span> <span class='ocrx_word' id='word_1_88' title='bbox 420 793 585 827; x_wconf 89' lang='lat' dir='ltr'>nostram</span> <span class='ocrx_word' id='word_1_89' title='bbox 614 794 714 828; x_wconf 88' lang='lat' dir='ltr'>recta</span> <span class='ocrx_word' id='word_1_90' title='bbox 744 790 927 828; x_wconf 84' lang='lat' dir='ltr'>educatio.</span> <span class='ocrx_word' id='word_1_91' title='bbox 985 791 1056 829; x_wconf 85' lang='lat' dir='ltr'>Sed</span> <span class='ocrx_word' id='word_1_92' title='bbox 1085 791 1252 829; x_wconf 89' lang='lat' dir='ltr'>omnium</span> <span class='ocrx_word' id='word_1_93' title='bbox 1279 792 1440 830; x_wconf 81' lang='lat' dir='ltr'>maxime</span> <span class='ocrx_word' id='word_1_94' title='bbox 1467 806 1536 831; x_wconf 93' lang='lat' dir='ltr'>nos</span> <span class='ocrx_word' id='word_1_95' title='bbox 1563 806 1630 831; x_wconf 82' lang='lat' dir='ltr'>ex-</span> 
     </span>
     <span class='ocr_line' id='line_1_11' title="bbox 93 854 1631 906; baseline 0.003 -15"><span class='ocrx_word' id='word_1_96' title='bbox 93 855 206 892; x_wconf 87' lang='lat' dir='ltr'>citare</span> <span class='ocrx_word' id='word_1_97' title='bbox 242 854 374 892; x_wconf 89' lang='lat' dir='ltr'>merito</span> <span class='ocrx_word' id='word_1_98' title='bbox 411 854 559 893; x_wconf 85' lang='lat' dir='ltr'>deberet</span> <span class='ocrx_word' id='word_1_99' title='bbox 596 855 640 892; x_wconf 89' lang='lat' dir='ltr'>ad</span> <span class='ocrx_word' id='word_1_100' title='bbox 679 855 839 893; x_wconf 89' lang='lat' dir='ltr'>fideliter</span> <span class='ocrx_word' id='word_1_101' title='bbox 874 860 909 894; x_wconf 89' lang='lat' dir='ltr'>et</span> <span class='ocrx_word' id='word_1_102' title='bbox 944 855 1143 906; x_wconf 86' lang='lat' dir='ltr'>diligenter</span> <span class='ocrx_word' id='word_1_103' title='bbox 1187 856 1436 895; x_wconf 88' lang='lat' dir='ltr'>instituendos</span> <span class='ocrx_word' id='word_1_104' title='bbox 1479 862 1631 896; x_wconf 89' lang='lat' dir='ltr'>nostros</span> 
     </span>
     <span class='ocr_line' id='line_1_12' title="bbox 95 920 1632 972; baseline 0.003 -15"><span class='ocrx_word' id='word_1_105' title='bbox 95 920 232 957; x_wconf 90' lang='lat' dir='ltr'>liberos</span> <span class='ocrx_word' id='word_1_106' title='bbox 267 920 307 957; x_wconf 91' lang='lat' dir='ltr'>in</span> <span class='ocrx_word' id='word_1_107' title='bbox 342 921 429 968; x_wconf 86' lang='lat'>(86)</span> <span class='ocrx_word' id='word_1_108' title='bbox 467 933 552 958; x_wconf 88' lang='lat' dir='ltr'>vera</span> <span class='ocrx_word' id='word_1_109' title='bbox 589 920 771 970; x_wconf 86' lang='lat' dir='ltr'>religione</span> <span class='ocrx_word' id='word_1_110' title='bbox 799 921 964 970; x_wconf 84' lang='lat' dir='ltr'>dignitas</span> <span class='ocrx_word' id='word_1_111' title='bbox 991 921 1072 972; x_wconf 86' lang='lat' dir='ltr'>ipsa</span> <span class='ocrx_word' id='word_1_112' title='bbox 1108 925 1258 960; x_wconf 88' lang='lat' dir='ltr'>nostrae</span> <span class='ocrx_word' id='word_1_113' title='bbox 1294 922 1462 960; x_wconf 87' lang='lat' dir='ltr'>omnium</span> <span class='ocrx_word' id='word_1_114' title='bbox 1499 923 1632 961; x_wconf 88' lang='lat' dir='ltr'>simul-</span> 
     </span>
     <span class='ocr_line' id='line_1_13' title="bbox 95 984 1632 1035; baseline 0.003 -13"><span class='ocrx_word' id='word_1_115' title='bbox 95 997 167 1035; x_wconf 88' lang='lat' dir='ltr'>que</span> <span class='ocrx_word' id='word_1_116' title='bbox 202 988 237 1022; x_wconf 91' lang='lat' dir='ltr'>et</span> <span class='ocrx_word' id='word_1_117' title='bbox 271 988 485 1023; x_wconf 88' lang='lat' dir='ltr'>nostrorum</span> <span class='ocrx_word' id='word_1_118' title='bbox 521 984 723 1022; x_wconf 84' lang='lat' dir='ltr'>infantium</span> <span class='ocrx_word' id='word_1_119' title='bbox 759 998 843 1023; x_wconf 91' lang='lat' dir='ltr'>cum</span> <span class='ocrx_word' id='word_1_120' title='bbox 882 985 1033 1024; x_wconf 87' lang='lat' dir='ltr'>Christo</span> <span class='ocrx_word' id='word_1_121' title='bbox 1070 986 1236 1024; x_wconf 91' lang='lat' dir='ltr'>Domino</span> <span class='ocrx_word' id='word_1_122' title='bbox 1273 987 1564 1026; x_wconf 86' lang='lat' dir='ltr'>consociationis</span> <span class='ocrx_word' id='word_1_123' title='bbox 1591 988 1632 1026; x_wconf 90' lang='lat' dir='ltr'>in</span> 
     </span>
     <span class='ocr_line' id='line_1_14' title="bbox 98 1049 1631 1103; baseline 0.003 -17"><span class='ocrx_word' id='word_1_124' title='bbox 98 1062 252 1101; x_wconf 87' lang='lat' dir='ltr'>corpore</span> <span class='ocrx_word' id='word_1_125' title='bbox 287 1053 324 1086; x_wconf 91' lang='lat' dir='ltr'>et</span> <span class='ocrx_word' id='word_1_126' title='bbox 360 1049 544 1098; x_wconf 82' lang='lat' dir='ltr'>sanguine</span> <span class='ocrx_word' id='word_1_127' title='bbox 577 1050 707 1100; x_wconf 90' lang='lat' dir='ltr'>ipsius,</span> <span class='ocrx_word' id='word_1_128' title='bbox 734 1050 780 1088; x_wconf 91' lang='lat' dir='ltr'>ad</span> <span class='ocrx_word' id='word_1_129' title='bbox 809 1064 934 1101; x_wconf 87' lang='lat' dir='ltr'>quam,</span> <span class='ocrx_word' id='word_1_130' title='bbox 959 1055 1002 1089; x_wconf 91' lang='lat' dir='ltr'>ut</span> <span class='ocrx_word' id='word_1_131' title='bbox 1030 1051 1172 1089; x_wconf 91' lang='lat' dir='ltr'>dictum</span> <span class='ocrx_word' id='word_1_132' title='bbox 1202 1056 1269 1096; x_wconf 88' lang='lat' dir='ltr'>est,</span> <span class='ocrx_word' id='word_1_133' title='bbox 1296 1052 1631 1103; x_wconf 85' lang='lat' dir='ltr'>Paedobaptismus</span> 
     </span>
     <span class='ocr_line' id='line_1_15' title="bbox 96 1114 1634 1168; baseline 0.003 -16"><span class='ocrx_word' id='word_1_134' title='bbox 96 1115 175 1166; x_wconf 89' lang='lat' dir='ltr'>ipse</span> <span class='ocrx_word' id='word_1_135' title='bbox 219 1119 367 1152; x_wconf 88' lang='lat' dir='ltr'>nostros</span> <span class='ocrx_word' id='word_1_136' title='bbox 411 1114 521 1152; x_wconf 85' lang='lat' dir='ltr'>etiam</span> <span class='ocrx_word' id='word_1_137' title='bbox 567 1115 731 1153; x_wconf 86' lang='lat' dir='ltr'>infantes</span> <span class='ocrx_word' id='word_1_138' title='bbox 768 1115 922 1153; x_wconf 89' lang='lat' dir='ltr'>omnino</span> <span class='ocrx_word' id='word_1_139' title='bbox 969 1116 1154 1168; x_wconf 86' lang='lat' dir='ltr'>pertinere</span> <span class='ocrx_word' id='word_1_140' title='bbox 1189 1121 1356 1156; x_wconf 86' lang='lat' dir='ltr'>testatur.</span> <span class='ocrx_word' id='word_1_141' title='bbox 1410 1118 1634 1156; x_wconf 86' lang='lat' dir='ltr'>Profitemur</span> 
     </span>
     <span class='ocr_line' id='line_1_16' title="bbox 95 1179 1632 1230; baseline 0.002 -12"><span class='ocrx_word' id='word_1_142' title='bbox 95 1179 408 1230; x_wconf 89' lang='lat' dir='ltr'>Paedobaptismo</span> <span class='ocrx_word' id='word_1_143' title='bbox 437 1184 566 1218; x_wconf 88' lang='lat' dir='ltr'>nostro</span> <span class='ocrx_word' id='word_1_144' title='bbox 594 1180 757 1219; x_wconf 87' lang='lat' dir='ltr'>infantes</span> <span class='ocrx_word' id='word_1_145' title='bbox 785 1185 936 1219; x_wconf 86' lang='lat' dir='ltr'>nostros</span> <span class='ocrx_word' id='word_1_146' title='bbox 964 1195 1044 1219; x_wconf 91' lang='lat' dir='ltr'>esse</span> <span class='ocrx_word' id='word_1_147' title='bbox 1070 1181 1238 1220; x_wconf 88' lang='lat' dir='ltr'>membra</span> <span class='ocrx_word' id='word_1_148' title='bbox 1267 1182 1420 1227; x_wconf 88' lang='lat' dir='ltr'>Christi,</span> <span class='ocrx_word' id='word_1_149' title='bbox 1446 1196 1525 1221; x_wconf 91' lang='lat' dir='ltr'>esse</span> <span class='ocrx_word' id='word_1_150' title='bbox 1551 1183 1632 1220; x_wconf 86' lang='lat' dir='ltr'>foe-</span> 
     </span>
     <span class='ocr_line' id='line_1_17' title="bbox 99 1243 1634 1298; baseline 0.002 -16"><span class='ocrx_word' id='word_1_151' title='bbox 99 1245 259 1290; x_wconf 86' lang='lat' dir='ltr'>deratos,</span> <span class='ocrx_word' id='word_1_152' title='bbox 303 1243 469 1295; x_wconf 81' lang='lat' dir='ltr'>adeoque</span> <span class='ocrx_word' id='word_1_153' title='bbox 505 1247 541 1282; x_wconf 89' lang='lat' dir='ltr'>et</span> <span class='ocrx_word' id='word_1_154' title='bbox 576 1244 674 1282; x_wconf 87' lang='lat' dir='ltr'>filios</span> <span class='ocrx_word' id='word_1_155' title='bbox 710 1244 780 1282; x_wconf 92' lang='lat' dir='ltr'>Dei</span> <span class='ocrx_word' id='word_1_156' title='bbox 806 1245 846 1283; x_wconf 90' lang='lat' dir='ltr'>in</span> <span class='ocrx_word' id='word_1_157' title='bbox 875 1245 1038 1284; x_wconf 88' lang='lat' dir='ltr'>Christo.</span> <span class='ocrx_word' id='word_1_158' title='bbox 1095 1246 1197 1284; x_wconf 76' lang='lat' dir='ltr'>Quid</span> <span class='ocrx_word' id='word_1_159' title='bbox 1227 1251 1479 1298; x_wconf 86' lang='lat' dir='ltr'>praetexemus</span> <span class='ocrx_word' id='word_1_160' title='bbox 1505 1247 1634 1297; x_wconf 87' lang='lat' dir='ltr'>igitur,</span> 
     </span>
     <span class='ocr_line' id='line_1_18' title="bbox 99 1307 1633 1362; baseline 0.003 -17"><span class='ocrx_word' id='word_1_161' title='bbox 99 1308 300 1360; x_wconf 89' lang='lat' dir='ltr'>quominus</span> <span class='ocrx_word' id='word_1_162' title='bbox 327 1308 427 1346; x_wconf 89' lang='lat' dir='ltr'>inter</span> <span class='ocrx_word' id='word_1_163' title='bbox 454 1307 595 1346; x_wconf 84' lang='lat' dir='ltr'>Christi</span> <span class='ocrx_word' id='word_1_164' title='bbox 623 1308 778 1347; x_wconf 89' lang='lat' dir='ltr'>Domini</span> <span class='ocrx_word' id='word_1_165' title='bbox 804 1312 841 1347; x_wconf 91' lang='lat' dir='ltr'>et</span> <span class='ocrx_word' id='word_1_166' title='bbox 860 1309 930 1347; x_wconf 92' lang='lat' dir='ltr'>Dei</span> <span class='ocrx_word' id='word_1_167' title='bbox 949 1314 1223 1362; x_wconf 87' lang='lat' dir='ltr'>contemptores</span> <span class='ocrx_word' id='word_1_168' title='bbox 1244 1323 1461 1350; x_wconf 85' lang='lat' dir='ltr'>censeamur</span> <span class='ocrx_word' id='word_1_169' title='bbox 1481 1311 1524 1360; x_wconf 87' lang='lat'>¹),</span> <span class='ocrx_word' id='word_1_170' title='bbox 1542 1311 1633 1349; x_wconf 90' lang='lat' dir='ltr'>dum</span> 
     </span>
     <span class='ocr_line' id='line_1_19' title="bbox 98 1371 1635 1426; baseline 0.002 -16"><span class='ocrx_word' id='word_1_171' title='bbox 98 1376 163 1411; x_wconf 89' lang='lat' dir='ltr'>aut</span> <span class='ocrx_word' id='word_1_172' title='bbox 199 1372 341 1410; x_wconf 88' lang='lat' dir='ltr'>nullam</span> <span class='ocrx_word' id='word_1_173' title='bbox 378 1371 659 1423; x_wconf 88' lang='lat' dir='ltr'>propemodum,</span> <span class='ocrx_word' id='word_1_174' title='bbox 695 1377 759 1410; x_wconf 84' lang='lat' dir='ltr'>aut</span> <span class='ocrx_word' id='word_1_175' title='bbox 797 1372 956 1411; x_wconf 89' lang='lat' dir='ltr'>nimium</span> <span class='ocrx_word' id='word_1_176' title='bbox 984 1377 1080 1412; x_wconf 88' lang='lat' dir='ltr'>certe</span> <span class='ocrx_word' id='word_1_177' title='bbox 1106 1377 1254 1412; x_wconf 87' lang='lat' dir='ltr'>tenuem</span> <span class='ocrx_word' id='word_1_178' title='bbox 1285 1387 1409 1412; x_wconf 89' lang='lat' dir='ltr'>curam</span> <span class='ocrx_word' id='word_1_179' title='bbox 1438 1374 1558 1426; x_wconf 90' lang='lat' dir='ltr'>(quod</span> <span class='ocrx_word' id='word_1_180' title='bbox 1587 1373 1635 1412; x_wconf 83' lang='lat' dir='ltr'>ad</span> 
     </span>
     <span class='ocr_line' id='line_1_20' title="bbox 98 1437 1631 1486; baseline 0.001 -10"><span class='ocrx_word' id='word_1_181' title='bbox 98 1438 321 1477; x_wconf 85' lang='lat' dir='ltr'>Divinorum</span> <span class='ocrx_word' id='word_1_182' title='bbox 365 1437 641 1476; x_wconf 88' lang='lat' dir='ltr'>institutionem</span> <span class='ocrx_word' id='word_1_183' title='bbox 685 1438 836 1486; x_wconf 83' lang='lat' dir='ltr'>attinet)</span> <span class='ocrx_word' id='word_1_184' title='bbox 871 1438 1126 1477; x_wconf 85' lang='lat' dir='ltr'>membrorum</span> <span class='ocrx_word' id='word_1_185' title='bbox 1164 1439 1306 1478; x_wconf 87' lang='lat' dir='ltr'>Christi</span> <span class='ocrx_word' id='word_1_186' title='bbox 1341 1439 1631 1486; x_wconf 85' lang='lat' dir='ltr'>foederatorum,</span> 
     </span>
     <span class='ocr_line' id='line_1_21' title="bbox 96 1502 1630 1558; baseline 0.001 -17"><span class='ocrx_word' id='word_1_187' title='bbox 96 1503 263 1554; x_wconf 79' lang='lat' dir='ltr'>adeoque</span> <span class='ocrx_word' id='word_1_188' title='bbox 297 1506 334 1540; x_wconf 87' lang='lat' dir='ltr'>et</span> <span class='ocrx_word' id='word_1_189' title='bbox 369 1502 532 1540; x_wconf 91' lang='lat' dir='ltr'>filiorum</span> <span class='ocrx_word' id='word_1_190' title='bbox 570 1502 638 1540; x_wconf 91' lang='lat' dir='ltr'>Dei</span> <span class='ocrx_word' id='word_1_191' title='bbox 674 1502 884 1558; x_wconf 79' lang='lat' dir='ltr'>habemus?</span> <span class='ocrx_word' id='word_1_192' title='bbox 938 1504 1011 1541; x_wconf 85' lang='lat' dir='ltr'>Res</span> <span class='ocrx_word' id='word_1_193' title='bbox 1047 1504 1216 1554; x_wconf 88' lang='lat' dir='ltr'>profecto</span> <span class='ocrx_word' id='word_1_194' title='bbox 1245 1505 1396 1553; x_wconf 85' lang='lat' dir='ltr'>gravior</span> <span class='ocrx_word' id='word_1_195' title='bbox 1423 1509 1489 1551; x_wconf 88' lang='lat' dir='ltr'>est,</span> <span class='ocrx_word' id='word_1_196' title='bbox 1518 1517 1630 1556; x_wconf 89' lang='lat' dir='ltr'>quam</span> 
     </span>
     <span class='ocr_line' id='line_1_22' title="bbox 96 1566 1630 1619; baseline 0.001 -13"><span class='ocrx_word' id='word_1_197' title='bbox 96 1568 282 1619; x_wconf 87' lang='lat' dir='ltr'>plerisque</span> <span class='ocrx_word' id='word_1_198' title='bbox 309 1566 488 1605; x_wconf 82' lang='lat' dir='ltr'>videatur.</span> <span class='ocrx_word' id='word_1_199' title='bbox 515 1567 566 1605; x_wconf 89' lang='lat' dir='ltr'>Et</span> <span class='ocrx_word' id='word_1_200' title='bbox 593 1571 716 1605; x_wconf 87' lang='lat' dir='ltr'>tamen</span> <span class='ocrx_word' id='word_1_201' title='bbox 744 1568 881 1618; x_wconf 89' lang='lat' dir='ltr'>passim</span> <span class='ocrx_word' id='word_1_202' title='bbox 910 1568 1053 1618; x_wconf 83' lang='lat' dir='ltr'>negligi</span> <span class='ocrx_word' id='word_1_203' title='bbox 1081 1569 1248 1606; x_wconf 91' lang='lat' dir='ltr'>videmus</span> <span class='ocrx_word' id='word_1_204' title='bbox 1275 1573 1442 1608; x_wconf 85' lang='lat' dir='ltr'>teneram</span> <span class='ocrx_word' id='word_1_205' title='bbox 1470 1574 1630 1607; x_wconf 87' lang='lat' dir='ltr'>aetatem</span> 
     </span>
     <span class='ocr_line' id='line_1_23' title="bbox 99 1630 1631 1684; baseline 0.002 -15"><span class='ocrx_word' id='word_1_206' title='bbox 99 1632 201 1670; x_wconf 86' lang='lat' dir='ltr'>illam</span> <span class='ocrx_word' id='word_1_207' title='bbox 236 1632 275 1669; x_wconf 90' lang='lat' dir='ltr'>in</span> <span class='ocrx_word' id='word_1_208' title='bbox 312 1630 524 1668; x_wconf 90' lang='lat' dir='ltr'>divinorum</span> <span class='ocrx_word' id='word_1_209' title='bbox 560 1630 810 1672; x_wconf 84' lang='lat' dir='ltr'>institutione.</span> <span class='ocrx_word' id='word_1_210' title='bbox 837 1633 1049 1684; x_wconf 87' lang='lat' dir='ltr'>multosque</span> <span class='ocrx_word' id='word_1_211' title='bbox 1077 1632 1257 1679; x_wconf 90' lang='lat' dir='ltr'>videmus,</span> <span class='ocrx_word' id='word_1_212' title='bbox 1283 1633 1360 1684; x_wconf 88' lang='lat' dir='ltr'>qui,</span> <span class='ocrx_word' id='word_1_213' title='bbox 1387 1634 1557 1683; x_wconf 89' lang='lat' dir='ltr'>neglecta</span> <span class='ocrx_word' id='word_1_214' title='bbox 1583 1635 1631 1672; x_wconf 94' lang='lat' dir='ltr'>li-</span> 
     </span>
     <span class='ocr_line' id='line_1_24' title="bbox 98 1694 1632 1744; baseline 0.001 -11"><span class='ocrx_word' id='word_1_215' title='bbox 98 1697 270 1734; x_wconf 87' lang='lat' dir='ltr'>berorum</span> <span class='ocrx_word' id='word_1_216' title='bbox 308 1708 460 1733; x_wconf 87' lang='lat' dir='ltr'>suorum</span> <span class='ocrx_word' id='word_1_217' title='bbox 494 1694 600 1743; x_wconf 89' lang='lat' dir='ltr'>(dum</span> <span class='ocrx_word' id='word_1_218' title='bbox 642 1695 878 1743; x_wconf 87' lang='lat' dir='ltr'>adolescunt)</span> <span class='ocrx_word' id='word_1_219' title='bbox 914 1696 954 1734; x_wconf 88' lang='lat' dir='ltr'>in</span> <span class='ocrx_word' id='word_1_220' title='bbox 990 1696 1101 1734; x_wconf 93' lang='lat' dir='ltr'>rebus</span> <span class='ocrx_word' id='word_1_221' title='bbox 1138 1696 1275 1735; x_wconf 88' lang='lat' dir='ltr'>divinis</span> <span class='ocrx_word' id='word_1_222' title='bbox 1310 1697 1558 1744; x_wconf 88' lang='lat' dir='ltr'>institutione,</span> <span class='ocrx_word' id='word_1_223' title='bbox 1587 1698 1632 1736; x_wconf 90' lang='lat' dir='ltr'>de</span> 
     </span>
     <span class='ocr_line' id='line_1_25' title="bbox 100 1758 1632 1811; baseline 0.001 -14"><span class='ocrx_word' id='word_1_224' title='bbox 100 1758 363 1797; x_wconf 84' lang='lat' dir='ltr'>coacervandis</span> <span class='ocrx_word' id='word_1_225' title='bbox 391 1758 574 1796; x_wconf 85' lang='lat' dir='ltr'>duntaxat</span> <span class='ocrx_word' id='word_1_226' title='bbox 601 1758 736 1809; x_wconf 90' lang='lat' dir='ltr'>opibus</span> <span class='ocrx_word' id='word_1_227' title='bbox 778 1759 1060 1811; x_wconf 89' lang='lat' dir='ltr'>honoribusque</span> <span class='ocrx_word' id='word_1_228' title='bbox 1087 1760 1237 1798; x_wconf 90' lang='lat' dir='ltr'>illorum</span> <span class='ocrx_word' id='word_1_229' title='bbox 1265 1760 1419 1799; x_wconf 86' lang='lat' dir='ltr'>solliciti</span> <span class='ocrx_word' id='word_1_230' title='bbox 1444 1774 1524 1799; x_wconf 86' lang='lat' dir='ltr'>esse</span> <span class='ocrx_word' id='word_1_231' title='bbox 1551 1774 1632 1799; x_wconf 90' lang='lat' dir='ltr'>ma-</span> 
     </span>
     <span class='ocr_line' id='line_1_26' title="bbox 95 1823 1631 1874; baseline 0.001 -12"><span class='ocrx_word' id='word_1_232' title='bbox 95 1824 190 1869; x_wconf 89' lang='lat' dir='ltr'>lunt,</span> <span class='ocrx_word' id='word_1_233' title='bbox 226 1836 366 1874; x_wconf 90' lang='lat' dir='ltr'>suoque</span> <span class='ocrx_word' id='word_1_234' title='bbox 401 1836 438 1860; x_wconf 90' lang='lat' dir='ltr'>se</span> <span class='ocrx_word' id='word_1_235' title='bbox 474 1823 593 1860; x_wconf 86' lang='lat' dir='ltr'>officio</span> <span class='ocrx_word' id='word_1_236' title='bbox 621 1823 807 1874; x_wconf 84' lang='lat' dir='ltr'>praeclare</span> <span class='ocrx_word' id='word_1_237' title='bbox 838 1823 1038 1862; x_wconf 85' lang='lat' dir='ltr'>defunctos</span> <span class='ocrx_word' id='word_1_238' title='bbox 1065 1837 1145 1862; x_wconf 92' lang='lat' dir='ltr'>esse</span> <span class='ocrx_word' id='word_1_239' title='bbox 1171 1824 1417 1869; x_wconf 87' lang='lat' dir='ltr'>arbitrantur,</span> <span class='ocrx_word' id='word_1_240' title='bbox 1445 1825 1477 1863; x_wconf 88' lang='lat' dir='ltr'>si</span> <span class='ocrx_word' id='word_1_241' title='bbox 1504 1825 1631 1863; x_wconf 90' lang='lat' dir='ltr'>omnia</span> 
     </span>
     <span class='ocr_line' id='line_1_27' title="bbox 99 1880 1632 1940; baseline 0.001 -13"><span class='ocrx_word' id='word_1_242' title='bbox 99 1902 164 1927; x_wconf 90' lang='lat' dir='ltr'>sua</span> <span class='ocrx_word' id='word_1_243' title='bbox 202 1888 324 1926; x_wconf 85' lang='lat' dir='ltr'>studia</span> <span class='ocrx_word' id='word_1_244' title='bbox 362 1900 563 1939; x_wconf 86' lang='lat' dir='ltr'>omnesque</span> <span class='ocrx_word' id='word_1_245' title='bbox 591 1901 675 1926; x_wconf 86' lang='lat' dir='ltr'>suas</span> <span class='ocrx_word' id='word_1_246' title='bbox 704 1888 951 1938; x_wconf 85' lang='lat' dir='ltr'>cogitationes</span> <span class='ocrx_word' id='word_1_247' title='bbox 978 1894 1121 1940; x_wconf 87' lang='lat' dir='ltr'>ponant</span> <span class='ocrx_word' id='word_1_248' title='bbox 1152 1889 1191 1927; x_wconf 90' lang='lat' dir='ltr'>in</span> <span class='ocrx_word' id='word_1_249' title='bbox 1227 1880 1509 1928; x_wconf 88' lang='lat' dir='ltr'>accumulandis</span> <span class='ocrx_word' id='word_1_250' title='bbox 1536 1891 1632 1928; x_wconf 88' lang='lat' dir='ltr'>libe-</span> 
     </span>
     <span class='ocr_line' id='line_1_28' title="bbox 97 1952 1632 2006; baseline 0.001 -15"><span class='ocrx_word' id='word_1_251' title='bbox 97 1967 223 1991; x_wconf 87' lang='lat' dir='ltr'>rorum</span> <span class='ocrx_word' id='word_1_252' title='bbox 260 1966 411 1991; x_wconf 88' lang='lat' dir='ltr'>suorum</span> <span class='ocrx_word' id='word_1_253' title='bbox 449 1952 657 1990; x_wconf 89' lang='lat' dir='ltr'>honoribus</span> <span class='ocrx_word' id='word_1_254' title='bbox 695 1966 738 1990; x_wconf 90' lang='lat' dir='ltr'>ac</span> <span class='ocrx_word' id='word_1_255' title='bbox 773 1953 948 1992; x_wconf 86' lang='lat' dir='ltr'>fortunis.</span> <span class='ocrx_word' id='word_1_256' title='bbox 1005 1954 1112 1992; x_wconf 89' lang='lat' dir='ltr'>Certe</span> <span class='ocrx_word' id='word_1_257' title='bbox 1133 1954 1212 2006; x_wconf 80' lang='lat' dir='ltr'>&#39;qui</span> <span class='ocrx_word' id='word_1_258' title='bbox 1238 1955 1332 1993; x_wconf 86' lang='lat' dir='ltr'>tales</span> <span class='ocrx_word' id='word_1_259' title='bbox 1360 1959 1459 1999; x_wconf 87' lang='lat' dir='ltr'>sunt,</span> <span class='ocrx_word' id='word_1_260' title='bbox 1485 1969 1524 1993; x_wconf 85' lang='lat' dir='ltr'>re</span> <span class='ocrx_word' id='word_1_261' title='bbox 1550 1955 1632 2006; x_wconf 89' lang='lat' dir='ltr'>ipsa</span> 
     </span>
     <span class='ocr_line' id='line_1_29' title="bbox 98 2017 1632 2067; baseline 0.001 -13"><span class='ocrx_word' id='word_1_262' title='bbox 98 2018 301 2061; x_wconf 90' lang='lat' dir='ltr'>declarant,</span> <span class='ocrx_word' id='word_1_263' title='bbox 335 2020 481 2067; x_wconf 76' lang='lat' dir='ltr'>recepta</span> <span class='ocrx_word' id='word_1_264' title='bbox 511 2030 549 2055; x_wconf 90' lang='lat' dir='ltr'>se</span> <span class='ocrx_word' id='word_1_265' title='bbox 576 2020 722 2055; x_wconf 87' lang='lat' dir='ltr'>tantum</span> <span class='ocrx_word' id='word_1_266' title='bbox 752 2017 862 2066; x_wconf 88' lang='lat' dir='ltr'>vulgo</span> <span class='ocrx_word' id='word_1_267' title='bbox 892 2017 1176 2064; x_wconf 86' lang='lat' dir='ltr'>consuetudine,</span> <span class='ocrx_word' id='word_1_268' title='bbox 1203 2031 1278 2056; x_wconf 91' lang='lat' dir='ltr'>non</span> <span class='ocrx_word' id='word_1_269' title='bbox 1306 2023 1429 2057; x_wconf 89' lang='lat' dir='ltr'>autem</span> <span class='ocrx_word' id='word_1_270' title='bbox 1456 2019 1530 2056; x_wconf 90' lang='lat' dir='ltr'>fide</span> <span class='ocrx_word' id='word_1_271' title='bbox 1558 2020 1632 2057; x_wconf 88' lang='lat' dir='ltr'>ulla</span> 
     </span>
     <span class='ocr_line' id='line_1_30' title="bbox 99 2082 1633 2134; baseline 0.001 -14"><span class='ocrx_word' id='word_1_272' title='bbox 99 2083 318 2121; x_wconf 84' lang='lat' dir='ltr'>Divinarum</span> <span class='ocrx_word' id='word_1_273' title='bbox 365 2082 656 2133; x_wconf 86' lang='lat' dir='ltr'>promissionum</span> <span class='ocrx_word' id='word_1_274' title='bbox 694 2082 740 2120; x_wconf 85' lang='lat' dir='ltr'>de</span> <span class='ocrx_word' id='word_1_275' title='bbox 776 2083 930 2121; x_wconf 85' lang='lat' dir='ltr'>salutari</span> <span class='ocrx_word' id='word_1_276' title='bbox 966 2083 1083 2134; x_wconf 90' lang='lat' dir='ltr'>ipsius</span> <span class='ocrx_word' id='word_1_277' title='bbox 1118 2086 1204 2133; x_wconf 83' lang='lat'>(87)</span> <span class='ocrx_word' id='word_1_278' title='bbox 1241 2084 1436 2123; x_wconf 88' lang='lat' dir='ltr'>nobiscum</span> <span class='ocrx_word' id='word_1_279' title='bbox 1474 2084 1633 2131; x_wconf 83' lang='lat' dir='ltr'>foedere,</span> 
     </span>
     <span class='ocr_line' id='line_1_31' title="bbox 96 2146 1631 2201; baseline 0.001 -16"><span class='ocrx_word' id='word_1_280' title='bbox 96 2148 258 2185; x_wconf 81' lang='lat' dir='ltr'>infantes</span> <span class='ocrx_word' id='word_1_281' title='bbox 286 2159 373 2184; x_wconf 87' lang='lat' dir='ltr'>suos</span> <span class='ocrx_word' id='word_1_282' title='bbox 400 2146 445 2183; x_wconf 90' lang='lat' dir='ltr'>ad</span> <span class='ocrx_word' id='word_1_283' title='bbox 474 2146 706 2197; x_wconf 87' lang='lat' dir='ltr'>Baptismum</span> <span class='ocrx_word' id='word_1_284' title='bbox 735 2147 916 2190; x_wconf 86' lang='lat' dir='ltr'>attulisse,</span> <span class='ocrx_word' id='word_1_285' title='bbox 959 2152 1023 2186; x_wconf 87' lang='lat' dir='ltr'>aut</span> <span class='ocrx_word' id='word_1_286' title='bbox 1061 2161 1165 2186; x_wconf 86' lang='lat' dir='ltr'>suam</span> <span class='ocrx_word' id='word_1_287' title='bbox 1202 2148 1275 2186; x_wconf 89' lang='lat' dir='ltr'>sibi</span> <span class='ocrx_word' id='word_1_288' title='bbox 1308 2149 1458 2200; x_wconf 89' lang='lat' dir='ltr'>ipsimet</span> <span class='ocrx_word' id='word_1_289' title='bbox 1486 2150 1631 2201; x_wconf 91' lang='lat' dir='ltr'>culpam</span> 
     </span>
     <span class='ocr_line' id='line_1_32' title="bbox 100 2205 1633 2263; baseline 0.001 -14"><span class='ocrx_word' id='word_1_290' title='bbox 100 2205 348 2263; x_wconf 74' lang='lat' dir='ltr'>proculdubio</span> <span class='ocrx_word' id='word_1_291' title='bbox 386 2210 660 2260; x_wconf 84' lang='lat' dir='ltr'>congeminant,</span> <span class='ocrx_word' id='word_1_292' title='bbox 698 2211 728 2249; x_wconf 91' lang='lat' dir='ltr'>si</span> <span class='ocrx_word' id='word_1_293' title='bbox 765 2211 803 2250; x_wconf 94' lang='lat' dir='ltr'>in</span> <span class='ocrx_word' id='word_1_294' title='bbox 840 2215 945 2249; x_wconf 87' lang='lat' dir='ltr'>tanta</span> <span class='ocrx_word' id='word_1_295' title='bbox 991 2225 1055 2249; x_wconf 87' lang='lat' dir='ltr'>sua</span> <span class='ocrx_word' id='word_1_296' title='bbox 1102 2212 1199 2250; x_wconf 83' lang='lat' dir='ltr'>circa</span> <span class='ocrx_word' id='word_1_297' title='bbox 1240 2213 1380 2251; x_wconf 87' lang='lat' dir='ltr'>liberos</span> <span class='ocrx_word' id='word_1_298' title='bbox 1415 2213 1560 2251; x_wconf 86' lang='lat' dir='ltr'>incuria</span> <span class='ocrx_word' id='word_1_299' title='bbox 1589 2227 1633 2251; x_wconf 88' lang='lat' dir='ltr'>ac</span> 
     </span>
     <span class='ocr_line' id='line_1_33' title="bbox 100 2275 1632 2329; baseline 0.002 -16"><span class='ocrx_word' id='word_1_300' title='bbox 100 2275 328 2325; x_wconf 83' lang='lat' dir='ltr'>negligentia</span> <span class='ocrx_word' id='word_1_301' title='bbox 374 2275 418 2313; x_wconf 89' lang='lat' dir='ltr'>dc</span> <span class='ocrx_word' id='word_1_302' title='bbox 454 2288 519 2313; x_wconf 90' lang='lat' dir='ltr'>sua</span> <span class='ocrx_word' id='word_1_303' title='bbox 557 2275 801 2313; x_wconf 87' lang='lat' dir='ltr'>nihilominus</span> <span class='ocrx_word' id='word_1_304' title='bbox 837 2289 924 2325; x_wconf 86' lang='lat' dir='ltr'>erga</span> <span class='ocrx_word' id='word_1_305' title='bbox 963 2276 1081 2314; x_wconf 89' lang='lat' dir='ltr'>Deum</span> <span class='ocrx_word' id='word_1_306' title='bbox 1126 2277 1198 2314; x_wconf 91' lang='lat' dir='ltr'>fide</span> <span class='ocrx_word' id='word_1_307' title='bbox 1245 2278 1363 2329; x_wconf 91' lang='lat' dir='ltr'>deque</span> <span class='ocrx_word' id='word_1_308' title='bbox 1408 2277 1632 2316; x_wconf 89' lang='lat' dir='ltr'>Divinorum</span> 
     </span>
     <span class='ocr_line' id='line_1_34' title="bbox 101 2339 1634 2391; baseline 0.001 -12"><span class='ocrx_word' id='word_1_309' title='bbox 101 2340 361 2391; x_wconf 85' lang='lat' dir='ltr'>mysteriorum</span> <span class='ocrx_word' id='word_1_310' title='bbox 404 2339 618 2388; x_wconf 88' lang='lat' dir='ltr'>cognitione</span> <span class='ocrx_word' id='word_1_311' title='bbox 652 2339 729 2377; x_wconf 89' lang='lat' dir='ltr'>ullo</span> <span class='ocrx_word' id='word_1_312' title='bbox 766 2340 878 2378; x_wconf 90' lang='lat' dir='ltr'>modo</span> <span class='ocrx_word' id='word_1_313' title='bbox 931 2340 1151 2389; x_wconf 82' lang='lat' dir='ltr'>gloriantur.</span> <span class='ocrx_word' id='word_1_314' title='bbox 1206 2342 1260 2379; x_wconf 91' lang='lat' dir='ltr'>Ut</span> <span class='ocrx_word' id='word_1_315' title='bbox 1295 2341 1442 2379; x_wconf 86' lang='lat' dir='ltr'>interim</span> <span class='ocrx_word' id='word_1_316' title='bbox 1479 2347 1634 2390; x_wconf 88' lang='lat' dir='ltr'>taceam,</span> 
     </span>
     <span class='ocr_line' id='line_1_35' title="bbox 100 2404 1632 2459; baseline 0.001 -16"><span class='ocrx_word' id='word_1_317' title='bbox 100 2409 282 2456; x_wconf 85' lang='lat' dir='ltr'>quantum</span> <span class='ocrx_word' id='word_1_318' title='bbox 310 2405 370 2442; x_wconf 91' lang='lat' dir='ltr'>hic</span> <span class='ocrx_word' id='word_1_319' title='bbox 398 2404 572 2442; x_wconf 85' lang='lat' dir='ltr'>damnum</span> <span class='ocrx_word' id='word_1_320' title='bbox 602 2404 709 2442; x_wconf 88' lang='lat' dir='ltr'>detur</span> <span class='ocrx_word' id='word_1_321' title='bbox 738 2404 937 2450; x_wconf 85' lang='lat' dir='ltr'>Ecclesiae,</span> <span class='ocrx_word' id='word_1_322' title='bbox 966 2405 1053 2443; x_wconf 90' lang='lat' dir='ltr'>dum</span> <span class='ocrx_word' id='word_1_323' title='bbox 1082 2419 1206 2444; x_wconf 89' lang='lat' dir='ltr'>semen</span> <span class='ocrx_word' id='word_1_324' title='bbox 1240 2406 1343 2444; x_wconf 89' lang='lat' dir='ltr'>illius</span> <span class='ocrx_word' id='word_1_325' title='bbox 1377 2407 1416 2444; x_wconf 92' lang='lat' dir='ltr'>in</span> <span class='ocrx_word' id='word_1_326' title='bbox 1444 2407 1524 2458; x_wconf 87' lang='lat' dir='ltr'>ipsa</span> <span class='ocrx_word' id='word_1_327' title='bbox 1551 2408 1632 2459; x_wconf 87' lang='lat' dir='ltr'>pla-</span> 
     </span>
     <span class='ocr_line' id='line_1_36' title="bbox 101 2469 1633 2521; baseline 0.001 -12"><span class='ocrx_word' id='word_1_328' title='bbox 101 2484 151 2520; x_wconf 35' lang='lat' dir='ltr'>ne·</span> <span class='ocrx_word' id='word_1_329' title='bbox 175 2474 348 2515; x_wconf 87' lang='lat' dir='ltr'>semente,</span> <span class='ocrx_word' id='word_1_330' title='bbox 375 2474 439 2507; x_wconf 90' lang='lat' dir='ltr'>aut</span> <span class='ocrx_word' id='word_1_331' title='bbox 466 2469 678 2509; x_wconf 85' lang='lat' dir='ltr'>suffocatur.</span> <span class='ocrx_word' id='word_1_332' title='bbox 708 2474 784 2516; x_wconf 89' lang='lat' dir='ltr'>aut,</span> <span class='ocrx_word' id='word_1_333' title='bbox 811 2470 906 2508; x_wconf 90' lang='lat' dir='ltr'>male</span> <span class='ocrx_word' id='word_1_334' title='bbox 934 2470 1074 2521; x_wconf 89' lang='lat' dir='ltr'>alioqui</span> <span class='ocrx_word' id='word_1_335' title='bbox 1102 2471 1254 2518; x_wconf 89' lang='lat' dir='ltr'>cultum,</span> <span class='ocrx_word' id='word_1_336' title='bbox 1282 2471 1322 2509; x_wconf 90' lang='lat' dir='ltr'>in</span> <span class='ocrx_word' id='word_1_337' title='bbox 1351 2471 1486 2510; x_wconf 89' lang='lat' dir='ltr'>herbas</span> <span class='ocrx_word' id='word_1_338' title='bbox 1502 2473 1633 2511; x_wconf 84' lang='lat' dir='ltr'>noxias</span> 
     </span>
     <span class='ocr_line' id='line_1_37' title="bbox 103 2534 1631 2588; baseline 0.002 -16"><span class='ocrx_word' id='word_1_339' title='bbox 103 2535 313 2583; x_wconf 86' lang='lat' dir='ltr'>degenerat.</span> <span class='ocrx_word' id='word_1_340' title='bbox 368 2535 500 2585; x_wconf 90' lang='lat' dir='ltr'>Neque</span> <span class='ocrx_word' id='word_1_341' title='bbox 535 2538 591 2572; x_wconf 88' lang='lat' dir='ltr'>est</span> <span class='ocrx_word' id='word_1_342' title='bbox 628 2547 754 2572; x_wconf 88' lang='lat' dir='ltr'>recens</span> <span class='ocrx_word' id='word_1_343' title='bbox 792 2534 863 2572; x_wconf 91' lang='lat' dir='ltr'>hoc</span> <span class='ocrx_word' id='word_1_344' title='bbox 898 2535 1048 2580; x_wconf 86' lang='lat' dir='ltr'>malum,</span> <span class='ocrx_word' id='word_1_345' title='bbox 1086 2535 1148 2572; x_wconf 89' lang='lat' dir='ltr'>sed</span> <span class='ocrx_word' id='word_1_346' title='bbox 1176 2536 1250 2573; x_wconf 85' lang='lat' dir='ltr'>iam</span> <span class='ocrx_word' id='word_1_347' title='bbox 1279 2536 1365 2573; x_wconf 93' lang='lat' dir='ltr'>olim</span> <span class='ocrx_word' id='word_1_348' title='bbox 1404 2537 1530 2575; x_wconf 89' lang='lat' dir='ltr'>nescio</span> <span class='ocrx_word' id='word_1_349' title='bbox 1559 2551 1631 2588; x_wconf 92' lang='lat' dir='ltr'>quo</span> 
     </span>
     <span class='ocr_line' id='line_1_38' title="bbox 102 2598 1634 2652; baseline 0.003 -17"><span class='ocrx_word' id='word_1_350' title='bbox 102 2598 214 2635; x_wconf 89' lang='lat' dir='ltr'>modo</span> <span class='ocrx_word' id='word_1_351' title='bbox 257 2599 393 2649; x_wconf 86' lang='lat' dir='ltr'>passim</span> <span class='ocrx_word' id='word_1_352' title='bbox 430 2599 690 2636; x_wconf 84' lang='lat' dir='ltr'>inveteratum.</span> <span class='ocrx_word' id='word_1_353' title='bbox 743 2598 838 2637; x_wconf 90' lang='lat' dir='ltr'>Inde</span> <span class='ocrx_word' id='word_1_354' title='bbox 881 2599 980 2637; x_wconf 89' lang='lat' dir='ltr'>enim</span> <span class='ocrx_word' id='word_1_355' title='bbox 1026 2600 1164 2637; x_wconf 87' lang='lat' dir='ltr'>factum</span> <span class='ocrx_word' id='word_1_356' title='bbox 1209 2604 1270 2638; x_wconf 56' lang='lat' dir='ltr'>est*</span> <span class='ocrx_word' id='word_1_357' title='bbox 1300 2600 1515 2639; x_wconf 90' lang='lat' dir='ltr'>hauddubie</span> <span class='ocrx_word' id='word_1_358' title='bbox 1549 2607 1634 2652; x_wconf 86' lang='lat' dir='ltr'>post</span> 
     </span>
     <span class='ocr_line' id='line_1_39' title="bbox 102 2663 1632 2716; baseline 0.003 -16"><span class='ocrx_word' id='word_1_359' title='bbox 102 2664 181 2714; x_wconf 87' lang='lat' dir='ltr'>ipsa</span> <span class='ocrx_word' id='word_1_360' title='bbox 224 2663 335 2700; x_wconf 89' lang='lat' dir='ltr'>etiam</span> <span class='ocrx_word' id='word_1_361' title='bbox 372 2676 459 2700; x_wconf 87' lang='lat' dir='ltr'>mox</span> <span class='ocrx_word' id='word_1_362' title='bbox 490 2663 757 2714; x_wconf 89' lang='lat' dir='ltr'>Apostolorum</span> <span class='ocrx_word' id='word_1_363' title='bbox 785 2667 964 2714; x_wconf 87' lang='lat' dir='ltr'>tempora,</span> <span class='ocrx_word' id='word_1_364' title='bbox 994 2669 1032 2701; x_wconf 89' lang='lat' dir='ltr'>ut</span> <span class='ocrx_word' id='word_1_365' title='bbox 1062 2664 1294 2702; x_wconf 80' lang='lat' dir='ltr'>Catechistae</span> <span class='ocrx_word' id='word_1_366' title='bbox 1321 2666 1462 2716; x_wconf 88' lang='lat' dir='ltr'>publici</span> <span class='ocrx_word' id='word_1_367' title='bbox 1491 2667 1528 2704; x_wconf 91' lang='lat' dir='ltr'>in</span> <span class='ocrx_word' id='word_1_368' title='bbox 1557 2667 1632 2704; x_wconf 90' lang='lat' dir='ltr'>Ec-</span> 
     </span>
     <span class='ocr_line' id='line_1_40' title="bbox 103 2728 1633 2782; baseline 0.002 -16"><span class='ocrx_word' id='word_1_369' title='bbox 103 2729 225 2766; x_wconf 90' lang='lat' dir='ltr'>clesiis</span> <span class='ocrx_word' id='word_1_370' title='bbox 252 2728 547 2772; x_wconf 81' lang='lat' dir='ltr'>instituerentur,</span> <span class='ocrx_word' id='word_1_371' title='bbox 573 2729 637 2779; x_wconf 90' lang='lat' dir='ltr'>qui</span> <span class='ocrx_word' id='word_1_372' title='bbox 664 2742 810 2779; x_wconf 85' lang='lat' dir='ltr'>pueros,</span> <span class='ocrx_word' id='word_1_373' title='bbox 836 2734 910 2767; x_wconf 90' lang='lat' dir='ltr'>tam</span> <span class='ocrx_word' id='word_1_374' title='bbox 933 2729 1152 2780; x_wconf 83' lang='lat' dir='ltr'>baptizatos,</span> <span class='ocrx_word' id='word_1_375' title='bbox 1179 2744 1288 2781; x_wconf 90' lang='lat' dir='ltr'>quam</span> <span class='ocrx_word' id='word_1_376' title='bbox 1309 2731 1418 2769; x_wconf 90' lang='lat' dir='ltr'>etiam</span> <span class='ocrx_word' id='word_1_377' title='bbox 1439 2731 1633 2782; x_wconf 87' lang='lat' dir='ltr'>baptizan-</span> 
     </span>
     <span class='ocr_line' id='line_1_41' title="bbox 103 2791 1630 2846; baseline 0.003 -18"><span class='ocrx_word' id='word_1_378' title='bbox 103 2791 171 2829; x_wconf 88' lang='lat' dir='ltr'>dos</span> <span class='ocrx_word' id='word_1_379' title='bbox 198 2793 375 2842; x_wconf 87' lang='lat' dir='ltr'>(quorum</span> <span class='ocrx_word' id='word_1_380' title='bbox 403 2791 618 2841; x_wconf 85' lang='lat' dir='ltr'>praesertim</span> <span class='ocrx_word' id='word_1_381' title='bbox 646 2796 815 2842; x_wconf 86' lang='lat' dir='ltr'>parentes</span> <span class='ocrx_word' id='word_1_382' title='bbox 842 2791 1009 2829; x_wconf 84' lang='lat' dir='ltr'>infideles</span> <span class='ocrx_word' id='word_1_383' title='bbox 1037 2791 1159 2830; x_wconf 88' lang='lat' dir='ltr'>adhuc</span> <span class='ocrx_word' id='word_1_384' title='bbox 1176 2795 1312 2842; x_wconf 86' lang='lat' dir='ltr'>erant),</span> <span class='ocrx_word' id='word_1_385' title='bbox 1330 2793 1368 2831; x_wconf 92' lang='lat' dir='ltr'>in</span> <span class='ocrx_word' id='word_1_386' title='bbox 1389 2794 1569 2846; x_wconf 86' lang='lat' dir='ltr'>religione</span> <span class='ocrx_word' id='word_1_387' title='bbox 1591 2808 1630 2841; x_wconf 82' lang='lat' dir='ltr'>e-</span> 
     </span>
    </p>
   </div>
   <div class='ocr_carea' id='block_1_3' title="bbox 148 2918 594 2959">
    <p class='ocr_par' dir='ltr' id='par_1_3' title="bbox 148 2918 594 2959">
     <span class='ocr_line' id='line_1_42' title="bbox 148 2918 594 2959; baseline 0 -10"><span class='ocrx_word' id='word_1_388' title='bbox 148 2919 171 2959; x_wconf 91' lang='lat'>¹)</span> <span class='ocrx_word' id='word_1_389' title='bbox 196 2918 211 2949; x_wconf 88' lang='lat' dir='ltr'>l</span> <span class='ocrx_word' id='word_1_390' title='bbox 237 2918 320 2949; x_wconf 85' lang='lat' dir='ltr'>Sam.</span> <span class='ocrx_word' id='word_1_391' title='bbox 344 2918 373 2950; x_wconf 84' lang='lat'>2.</span> <span class='ocrx_word' id='word_1_392' title='bbox 419 2918 435 2949; x_wconf 92' lang='lat'>1</span> <span class='ocrx_word' id='word_1_393' title='bbox 459 2918 540 2949; x_wconf 86' lang='lat' dir='ltr'>Tim.</span> <span class='ocrx_word' id='word_1_394' title='bbox 566 2919 594 2952; x_wconf 81' lang='lat'>5,</span> 
     </span>
    </p>
   </div>
  </div>
 </body>
</html>
