1830 3147
668 245 898 301 onnon.
947 245 1098 301 root.
1146 245 1423 302 EMDANAE.

894 432 1079 471 Quaestio
1108 435 1143 472 1.
1169 435 1199 482 ¹)

52 506 134 578 ssenl.
160 505 189 553 l.
212 546 252 579 17
390 499 515 538 Quem
543 499 585 536 in
611 499 726 536 finem
756 501 904 536 creatus
932 511 970 535 es
999 497 1139 535 homo?

70 558 117 578 acc
134 558 188 578 eSl.
256 571 263 579 ι

52 589 201 620 Collossi.
223 589 253 621 3.
922 561 1175 613 Responsum·
1420 607 1421 610 =

54 632 149 663 Dent.
174 631 223 663 10.
391 628 446 666 Ut
472 628 597 676 imago
627 626 698 664 Dei
724 639 856 672 essem,
884 626 1081 677 Deumque
1108 630 1140 664 et
1164 625 1405 664 Conditorem
1424 639 1546 664 meum
1566 639 1748 677 agnosce·-

52 673 208 705 Deuoem'
234 673 263 706 6·
339 706 430 736 rem,
458 692 692 730 celebrarem
718 695 830 741 atque
858 691 1030 729 colerem.

985 755 1036 794 Ο..
1066 758 1101 793 2.

54 847 133 878 Gen·
157 847 186 878 3.
390 822 586 861 Quorsum
615 820 854 858 Christianus
883 833 920 857 es
948 820 1098 858 factus?

51 887 172 920 Psahn.
196 888 247 921 51.
1019 882 1066 920 R.

52 931 242 1004 ξοέζῖἓζῄξζ
267 973 317 1006 15·
388 949 445 987 Ut
480 948 546 1000 qui
581 947 884 998 transgressione
921 947 1132 998 primorum
1167 949 1370 997 parentum
1411 946 1452 985 in
1489 950 1685 998 peecatum
1713 951 1749 985 et

51 1015 186 1070 'IVIoz-m.
209 1016 238 1048 2.
337 1017 499 1051 mortem
534 1012 666 1058 incidi,
702 1025 834 1050 rursus
878 1011 1020 1049 Christi
1049 1010 1308 1048 satisfactione
1335 1024 1356 1048 a
1383 1014 1538 1061 peceato
1566 1014 1602 1048 et
1627 1014 1749 1048 morte

56 1057 116 1090 Ιώ
139 1058 169 1090 ‘3'
338 1078 434 1115 liber
462 1077 645 1121 redditus,
672 1077 802 1115 haeres
829 1075 931 1114 vitae
958 1079 1130 1114 aeternae
1157 1076 1290 1113 forem.

991 1204 1043 1243 Q.
1071 1207 1105 1242 3.

388 1270 502 1308 Unde
530 1273 680 1308 constat
705 1269 778 1307 tibi
805 1282 890 1307 vere
917 1273 954 1307 te
983 1269 1239 1307 Christianum
1269 1281 1349 1306 esse
1375 1268 1583 1318 taliumque
1608 1267 1749 1305 Christi

339 1335 608 1373 beneficiorum
635 1334 885 1385 participem?

1025 1398 1072 1436 R.

53 1441 242 1516 ggffisss.
274 1492 277 1494 -
392 1463 573 1509 Primum,
608 1476 654 1501 ex
690 1454 957 1500 testificatione
995 1462 1159 1513 Spiritus
1196 1460 1327 1498 Sancti
1362 1459 1426 1510 qui
1461 1473 1527 1511 per
1563 1460 1674 1497 fidem
1710 1460 1751 1498 in

54 1527 83 1599 ᾖ
97 1526 244 1600 001‘511ffl71·
268 1526 297 1598 ἐ
340 1529 466 1566 Iesum
506 1528 699 1565 Christum
727 1540 915 1564 summum
944 1526 1167 1564 Pontificem
1196 1539 1319 1563 meum
1348 1524 1497 1575 spiritui
1525 1537 1607 1562 meo
1634 1528 1750 1562 testa—

55 1579 196 1643 Ggffiffs·
220 1593 249 1642 5³.
292 1594 297 1601 '
340 1598 402 1630 tur
429 1606 489 1630 me
516 1592 635 1629 filium
666 1590 735 1628 Dei
763 1604 855 1629 esse.
909 1590 1056 1628 Deinde
1085 1603 1130 1627 ex
1159 1590 1353 1627 voluntate
1380 1593 1415 1626 et
1444 1588 1630 1626 desiderio
1658 1601 1752 1639 quac

338 1658 447 1695 iuxta
484 1656 677 1694 internum
713 1655 907 1693 hominem
944 1668 1011 1705 per
1050 1654 1230 1705 Spiritum
1271 1653 1340 1691 Dei
1375 1653 1416 1691 in
1454 1666 1513 1690 me
1541 1652 1664 1691 sentio
1691 1653 1752 1690 in-

344 1721 530 1760 serviendi
559 1720 755 1770 [Domino]
785 1719 878 1758 Deo.

992 1847 1042 1884 Q.
1072 1850 1109 1885 4.

395 1914 482 1953 Quo
511 1918 622 1964 pacto
649 1916 773 1950 autem
800 1911 982 1949 inservies
1010 1910 1119 1948 Deo?

59 2034 248 2109 ἰῖξιῗζίᾙίξ·
271 2034 300 2066 2·
395 2042 487 2080 Non
512 2054 581 2092 pro
608 2053 693 2078 meo
720 2039 891 2086 arbitrio,
918 2039 1074 2088 ingenio
1103 2041 1167 2075 aut
1196 2038 1393 2088 sapientia,
1421 2037 1485 2075 sed
1509 2038 1753 2088 quemadmo-

56 2120 154 2152 Deut,
171 2101 205 2156 ’4,
230 2100 281 2150 1'2.
345 2106 435 2144 dum
462 2106 565 2143 Deus
590 2105 683 2156 ipse,
709 2108 791 2142 tum
820 2103 878 2152 (in
907 2103 1023 2140 sacris
1050 2102 1188 2149 literis)
1216 2115 1281 2152 per
1307 2102 1463 2139 verbum
1492 2115 1599 2139 suum
1628 2103 1754 2151 [sanc-

60 2162 214 2194 Proverb.
237 2161 287 2192 1⁰·
345 2171 436 2219 tum]
464 2170 653 2221 patefecit,
678 2174 759 2206 tum
786 2172 1027 2205 sacrosancta
1053 2166 1136 2216 lege
1163 2179 1228 2203 sua
1256 2166 1303 2203 ab
1327 2166 1522 2214 (universo
1540 2167 1755 2205 mortalium

345 2236 497 2285 genere)
527 2233 768 2283 [hominibus]
797 2231 934 2281 exegit.

991 2294 1041 2332 Q.
1070 2296 1105 2332 5.

399 2363 509 2401 Quae
538 2366 627 2399 sunt
654 2360 770 2400 verba
797 2359 920 2409 legis?

1016 2422 1065 2460 R.

60 2480 177 2555 gxossi.
200 2480 279 2552 34·4
398 2489 478 2528 Lex
515 2489 642 2527 decem
678 2493 876 2539 praecepta
912 2485 1174 2536 complectitur
1201 2497 1361 2535 quorum
1388 2483 1551 2534 primum
1577 2483 1625 2521 ad
1653 2483 1755 2521 hunc

94 2534 132 2555 eu
150 2533 236 2555 eron.
282 2546 289 2554 ’
347 2567 386 2592 se
413 2553 527 2591 habet
553 2552 722 2590 modum.

1031 2613 1066 2651 I.

62 2668 175 2701 Exodi.
199 2667 250 2700 2⁰·
397 2681 481 2729 Ego
519 2693 601 2718 sum
634 2680 777 2717 Iehova
811 2678 914 2716 Deus
950 2681 1052 2723 tuus,
1078 2676 1145 2728 qui
1181 2680 1218 2714 te
1243 2674 1357 2714 eduxi
1382 2687 1428 2712 ex
1454 2677 1553 2712 terra
1581 2675 1756 2726 Aegypti,

346 2743 459 2781 domo
488 2742 692 2780 servitutis.
746 2740 838 2779 Non
865 2738 1022 2777 habebis
1049 2738 1152 2777 Deos
1181 2738 1325 2777 alienos
1353 2749 1476 2774 coram
1505 2749 1577 2776 me.

392 2837 416 2875 ¹)
441 2835 652 2872 Omittantur,
683 2844 763 2875 quae
793 2832 911 2870 curvis,
938 2831 1133 2869 inserantur,
1165 2841 1244 2873 quae
1278 2829 1417 2871 obliquis
1446 2829 1538 2861 uncis
1565 2829 1689 2862 inclusa
1723 2831 1755 2861 et

349 2890 483 2923 cursivis
495 2890 614 2922 litteris
627 2890 754 2921 exarata
767 2890 851 2928 sunt,
864 2888 891 2920 si
903 2887 1035 2929 antiqua
1047 2886 1195 2919 versione
1204 2876 1383 2918 accuratihs
1391 2885 1491 2918 latine
1502 2886 1626 2917 vertere
1635 2885 1756 2927 cupias.
