1830 3147
345 89 415 125 516
873 96 962 123 cA'r.
994 95 1102 122 noct.
1134 95 1233 124 cMD,

57 218 157 249 Hebr.
180 218 210 249 2·
344 197 482 234 virtute
526 197 691 247 Spiritus
738 196 869 234 Sancti
905 196 1167 247 assumpsisse,
1202 209 1361 247 eumque
1405 209 1488 234 vere
1523 197 1753 248 promissum

59 260 179 314 Matth.
204 260 231 290 l·
344 261 509 298 fructum
545 260 763 298 lumborum
801 259 958 298 Davidis
997 273 1091 304 esse,
1130 261 1252 298 carnis
1286 265 1320 298 et
1349 261 1559 310 sanguinis,
1587 274 1753 312 quocum

58 303 145 375 ffffi‘
162 301 196 374 17?
221 301 271 333 Μ’
343 325 450 376 pueri
487 325 751 363 commercium
789 324 943 371 habent,
979 325 1212 375 participem,
1249 330 1361 376 atque
1389 326 1442 363 ita
1472 339 1601 363 verum
1629 325 1754 363 homi-

60 383 292 465 ἒὲἶῗιῐὲῑῑῖἶὲἕ·
346 403 432 427 nem
468 391 613 427 factum
650 403 715 440 per
749 389 878 426 omnia
906 389 1019 426 nobis
1047 389 1210 427 similem
1240 394 1396 441 excepto
1423 393 1591 441 peccato.
1646 390 1753 428 Adeo

59 472 223 507 Actorum,
247 469 277 500 2,
345 458 386 492 ut
412 467 515 492 nunc
541 467 649 492 verus
677 454 780 492 Deus
808 458 845 491 et
873 453 985 490 homo
1014 453 1055 491 in
1083 453 1212 492 eadem
1239 467 1411 505 persona,
1428 454 1565 493 unicus
1583 458 1620 493 et
1638 458 1757 494 aeter-

61 512 159 585 {ffilli
183 512 211 543 2·
258 553 275 574 ο
345 532 418 557 nus
444 519 630 558 mediator
658 519 707 557 sit
737 531 983 570 summusque
1010 518 1185 570 pontifex
1214 524 1355 560 noster.

62 564 235 629 Hebrupjil·
258 573 287 585 m.

984 648 1033 687 Q.
1063 650 1126 686 34.
1682 665 1691 699 Ι

397 714 503 753 Quid
519 715 667 765 (porro)
688 714 795 751 Iesus
815 712 1001 760 Christus,
1024 712 1246 750 Mediatoris
1268 713 1388 751 nostri
1405 714 1615 765 summique
1629 713 1758 752 Ponti-

347 779 427 816 ficis
456 792 607 816 munere
638 779 810 827 fungens,
836 777 1124 828 Redemptionis
1153 781 1305 815 nostrae
1332 778 1456 828 gratia
1483 779 1720 817 exantlavit?

1034 841 1081 881 R.

66 901 207 975 {0²1111'1i3·
225 902 258 975 ll·
400 909 538 946 Passus
576 911 631 945 est
669 907 738 945 sub
769 907 923 956 [iudice]
960 907 1097 946 Pontio
1127 906 1261 952 Pilato,
1290 908 1502 953 crucifixus,
1529 911 1698 946 mortuus
1726 911 1763 946 et

66 956 206 1018 &algirlls
230 969 258 1018 3‘-
355 974 535 1024 sepultus,
564 973 634 1022 [et]
666 972 861 1010 descendit
889 972 935 1010 ad
962 971 1120 1011 inferos.

67 1030 83 1060 1
108 1029 249 1059 Timoth.
271 1028 300 1059 2.

65 1071 163 1103 Hebr.
175 1073 201 1109 5,
211 1070 239 1109 7,
248 1070 330 1108 9‚10.

989 1101 1040 1139 Q.
1070 1103 1131 1139 35.

406 1164 508 1203 Quid
540 1165 601 1202 hic
631 1164 781 1203 credis?

67 1214 185 1246 Matth.
209 1213 260 1247 27.
1040 1229 1073 1267 R

67 1257 145 1287 Luc.
168 1255 219 1288 27.
1078 1259 1087 1268 ”

66 1299 201 1329 Roman.
224 1298 252 1329 3.
404 1294 524 1332 Credo
565 1295 690 1332 Iesum
730 1294 923 1332 Christum
961 1308 1149 1332 summum
1178 1295 1402 1332 Pontificem
1431 1307 1568 1341 meum,
1597 1294 1762 1345 seipsum

65 1341 84 1413 ξ
109 1340 259 1418 ξὲξὶᾟῇί
280 1341 312 1413 52'
351 1358 390 1397 in
425 1373 488 1397 ara
527 1359 648 1397 crucis
685 1372 787 1397 meae
815 1359 1087 1410 redemptionis
1117 1372 1230 1397 causa
1259 1359 1443 1398 obtulisse
1470 1363 1507 1397 et
1532 1359 1572 1396 in
1603 1372 1761 1410 corpore

64 1423 329 1498 ffeutegg-sszffl-
352 1437 420 1461 suo
456 1424 687 1461 teterrimam
724 1428 884 1461 mortem
919 1436 962 1460 ac
999 1437 1174 1475 poenam,
1212 1437 1372 1474 quarum
1410 1436 1480 1461 nos
1507 1423 1614 1461 iuxta
1642 1424 1763 1473 legem

95 1478 151 1498 sal.
218 1491 225 1498 0

67 1509 206 1542 Galatas.
230 1509 258 1541 3·
355 1488 409 1526 rei
437 1502 597 1535 eramus,
624 1501 704 1526 esse
731 1501 961 1539 perpessum.

994 1552 1044 1592 Q.
1074 1555 1136 1593 36.

408 1617 512 1656 Quid
542 1617 731 1668 amplius?

70 1667 188 1699 Psalm.
212 1666 262 1699 21.
1038 1681 1073 1719 R

70 1709 188 1741 Matth.
212 1708 263 1742 27.
1078 1711 1086 1720 ·

70 1751 170 1783 Hebr.
193 1752 222 1782 4.
405 1745 520 1783 Illum
548 1746 660 1783 etiam
688 1745 726 1783 in
756 1757 877 1794 agone
905 1749 1080 1784 externae
1108 1749 1144 1783 et
1172 1746 1388 1797 temporalis
1416 1745 1603 1798 passionis
1625 1746 1766 1785 intrin-

70 1793 260 1867 {Asgoeriddn
283 1835 333 1867 15·
357 1823 462 1848 secus
507 1810 545 1848 in
582 1810 707 1848 anima
744 1823 809 1847 sua
848 1810 943 1847 iram
979 1810 1050 1847 Dei
1078 1814 1113 1849 et
1150 1823 1291 1861 poenas
1329 1811 1536 1849 inferorum
1571 1816 1765 1863 expertum

74 1877 213 1908 Galatas·
237 1877 266 1908 3-
356 1888 447 1920 esse,
474 1888 605 1925 meque
633 1875 679 1911 ab
708 1874 842 1912 iisdem
870 1874 1062 1921 liberasse,
1091 1879 1281 1925 praeterea
1310 1875 1356 1912 ad
1386 1889 1474 1913 suae
1494 1876 1627 1913 mortis
1650 1869 1774 1914 certi-'

72 1919 265 1993 {laggllffi‘uffis
285 1961 335 1993 15¹
356 1940 525 1979 tudinem
554 1952 729 1990 meaeque
757 1940 970 1990 sepulturae
999 1940 1336 1978 sanctificationem
1364 1953 1443 1978 esse
1472 1940 1672 1991 sepultum.

997 2067 1047 2105 Q.
1078 2069 1138 2108 37.

412 2130 588 2168 Etiamne
614 2129 704 2180 quid
733 2129 894 2181 amplius
923 2143 1092 2168 summus
1119 2131 1183 2168 ille
1211 2131 1382 2181 pontifex
1411 2143 1479 2182 pro
1508 2131 1766 2182 redemptione

360 2199 489 2232 nostra
517 2194 731 2245 praestitit?

1044 2260 1092 2298 R.

411 2324 493 2361 Iam
522 2323 672 2374 quidem
702 2323 812 2361 tertia
840 2322 898 2360 die
926 2324 1131 2362 resurrexit
1157 2336 1202 2361 ex
1230 2323 1402 2362 mortuis.

78 2386 213 2418 Roman.
237 2386 265 2418 8.
998 2387 1049 2427 Q.
1080 2391 1140 2426 38·

77 2429 274 2470 Phillippen.
297 2428 327 2460 2.
485 2453 492 2460 .
579 2452 586 2460 .
729 2452 736 2459 .

76 2470 343 2502 Romanorum&
417 2453 521 2491 Qud
549 2452 611 2490 hic
639 2452 786 2491 credis?

75 2513 194 2544 Psalni.
218 2513 265 2545 15.
1044 2517 1092 2555 R·

80 2557 246 2586 Actorum.
270 2555 299 2586 2.
1219 2580 1226 2588 .
1581 2579 1588 2586 -

78 2597 247 2634 Manui&
272 2597 321 2627 10,
417 2581 536 2618 Credo
574 2587 610 2618 et
645 2582 837 2627 confiteor,
873 2581 973 2631 quod
1011 2580 1314 2631 quandoquidem
1352 2580 1459 2617 Iesus
1500 2578 1675 2617 Christus
1703 2592 1769 2631 per

76 2639 269 2711 {hgglssinffi-
293 2681 330 2711 15
364 2646 492 2683 omnia
541 2645 633 2694 Legi
670 2647 792 2683 fuerat
829 2645 1030 2682 obsecutus
1066 2645 1225 2695 ideoque
1260 2645 1314 2682 illi
1338 2657 1399 2682 ex
1432 2643 1621 2694 promisso
1655 2644 1768 2694 Legis

83 2723 156 2760 Oze‘
182 2723 231 2753 13,
263 2705 269 2712 ’
336 2705 441 2747 'vita
478 2710 686 2748 debebatur
723 2714 886 2755 aeterna,
924 2722 1059 2760 corpus
1097 2710 1175 2747 eius
1213 2710 1253 2748 in
1282 2708 1479 2760 sepulchro
1506 2720 1583 2744 non
1612 2721 1769 2761 compu-

78 2765 269 2838 {Offi'fflffk
293 2764 342 2796 15.
363 2774 510 2817 trum-it,
547 2774 608 2811 sed
647 2774 753 2812 illum
792 2773 900 2811 tertia
939 2773 1010 2818 die,
1047 2774 1121 2822 (uti
1158 2775 1216 2811 fas
1253 2774 1349 2820 erat)
1387 2770 1513 2808 divina
1548 2775 1583 2809 et
1620 2772 1770 2811 vivifica

83 2850 99 2880 1
125 2849 288 2879 Thimoth.
313 2848 342 2879 1.
366 2840 502 2877 virtute
539 2839 702 2877 animam
743 2852 849 2876 suam
887 2839 1134 2890 resumpsisse
1171 2843 1206 2876 et
1242 2837 1490 2902 resurrexisse
1524 2849 1569 2873 ex
1599 2839 1769 2878 mortuis.
