1830 3147
843 32 912 70 711
1362 32 1423 80 [A.
1448 31 1494 68 D.
1521 34 1630 80 1555]

105 143 176 180 imo
201 155 283 179 vero
308 153 379 178 non
404 144 477 178 tam
500 140 719 187 respondere,
744 152 849 187 quam
873 139 993 188 potius
1019 152 1082 176 vos
1107 139 1149 176 de
1175 139 1278 176 rebus
1304 140 1389 176 meis
1415 140 1527 177 facere
1551 153 1624 178 cer-

103 204 222 241 tiores.
247 203 306 239 Ita
331 215 414 240 vero
439 214 511 238 rem
536 200 655 249 paucis
680 200 836 248 accipite.
864 201 985 237 Moliti
1009 201 1074 238 hoc
1100 204 1185 238 sunt
1210 201 1410 249 iampridem
1428 203 1570 250 quidam
1587 204 1625 241 in

103 277 178 301 mea
211 265 334 308 Frisia,
367 264 571 311 priusquam
605 275 645 298 eo
677 275 720 298 ex
752 262 880 309 Auglia
914 263 1096 307 venissem,
1130 266 1172 299 ut
1197 263 1392 300 doctrinam
1417 265 1622 302 Saxonicam

102 325 167 361 sub
199 337 273 361 mea
304 324 461 361 absentia
493 323 699 359 inducerent
726 324 768 369 ³).
817 322 861 358 Id
893 335 975 359 vero
1010 325 1130 370 aperte
1162 323 1308 371 professi
1341 337 1412 360 nou
1438 328 1535 369 sunt,
1560 326 1621 363 sed

101 387 193 422 viam
230 399 266 423 se
298 397 465 433 quaerere
499 383 710 420 simularunt
743 384 1000 431 componendae
1037 386 1298 421 controversiae
1319 386 1623 424 Sacramentariae.

100 448 190 494 Quia
221 459 302 483 vero
335 446 534 494 praetextui
571 445 651 482 huic
683 445 817 481 occasio
851 445 948 481 nulla
974 445 1134 489 dabatur,
1161 458 1201 482 eo
1228 446 1323 493 quod
1347 447 1496 484 maxima
1520 448 1621 484 mini-

97 512 250 546 strorum
285 509 399 544 totius
431 509 563 555 patriae
597 519 676 555 pars
709 507 888 543 doctrinae
921 510 1062 543 nostrae
1097 508 1309 544 unanimiter
1346 509 1622 557 subscripsisset,

97 582 210 618 neque
234 569 276 606 ab
302 582 340 606 ea
365 569 422 606 vel
446 569 557 605 latum
583 581 735 616 unguem
761 568 936 604 discedere
962 568 1080 612 vellet,
1107 569 1268 616 quaesita
1293 573 1346 606 est
1364 570 1455 607 ratio
1473 572 1621 608 vocandi

97 643 151 667 me
182 631 219 667 iu
252 631 496 678 suspicionem,
531 630 633 677 quasi
665 642 728 676 ego
763 628 944 665 doctrinae
969 641 1063 665 meae
1088 642 1198 677 genus
1223 630 1265 667 de
1290 643 1327 667 re
1351 631 1623 669 Sacramentaria

96 692 132 728 in
159 691 287 739 Anglia
313 694 512 728 mutassem.
553 691 602 727 Et
626 693 712 727 sunt
735 690 868 738 reperti
894 690 1046 738 quidam,
1073 694 1109 727 et
1134 692 1274 738 quidem
1299 693 1516 741 Symmystae
1540 695 1622 739 mei,

95 752 157 799 qui
182 751 218 788 id
243 752 413 801 paulatim
439 751 583 787 auribus
609 751 764 799 plurium
789 750 1014 794 instillarent,
1039 764 1094 787 me
1118 751 1259 788 interim
1285 765 1328 789 ne
1353 753 1460 790 verbo
1478 754 1619 801 quidem

93 813 286 857 admonito,
322 827 426 861 quem
459 817 578 850 tamen
612 825 674 860 pro
707 815 847 861 pastore
871 812 1119 859 agnoscebant.
1166 814 1254 850 Mox
1279 820 1388 859 erant,
1415 816 1478 863 qui
1502 817 1620 854 nescio

93 887 198 922 quam
237 874 391 922 Philippi
432 873 714 910 Melanchthonis
757 873 1029 910 moderationem
1060 874 1267 921 proferrent,
1302 878 1344 911 ut
1380 888 1420 913 ea
1450 877 1618 915 Ecclesiis

92 939 359 984 proponeretur.
405 935 479 971 Alii
504 947 546 971 ex
571 935 673 972 Petri
698 935 868 983 Martyris
894 934 1111 972 tractatione
1137 936 1173 971 in
1199 949 1297 972 suam
1324 938 1534 974 sententiam
1559 939 1617 976 de-

91 1000 267 1033 torserant
301 997 406 1033 verba
437 996 617 1044 quaedam,
649 996 817 1044 quaedam
851 996 938 1033 item
972 1009 1014 1033 ex
1046 999 1164 1033 vestra
1194 1010 1272 1034 cum
1299 999 1446 1036 Calvino
1471 1013 1616 1037 consen-

91 1058 200 1101 sione,
234 1071 304 1106 qua
337 1058 379 1094 de
411 1070 448 1094 re
484 1058 528 1094 ad
554 1057 738 1094 Calvinum
767 1058 873 1094 etiam
898 1058 1031 1106 scripsi.
1081 1058 1129 1094 Et
1154 1059 1319 1107 quoniam
1346 1073 1410 1107 ego
1436 1061 1513 1098 aliis
1539 1063 1616 1109 qui-

93 1118 235 1154 busdam
269 1118 383 1154 verbis
414 1122 509 1162 utor,
542 1119 677 1154 etiamsi
712 1118 832 1155 eodem
858 1121 1029 1166 spectent,
1056 1119 1346 1166 quemadmodum
1372 1121 1446 1158 Vos
1471 1135 1615 1171 quoque

90 1182 185 1217 recte
217 1180 393 1224 iudicatis,
427 1192 587 1228 spargere
618 1183 821 1228 coeperunt,
860 1193 914 1217 me
947 1185 984 1216 et
1017 1193 1037 1216 a
1071 1181 1178 1218 Petro
1205 1182 1362 1230 Martyre
1399 1186 1434 1220 et
1458 1196 1479 1220 a
1505 1184 1616 1222 Vobis

91 1241 252 1277 omnibus
287 1241 482 1284 dissentire,
517 1241 578 1289 qui
612 1242 709 1288 prius
734 1254 789 1278 me
815 1241 995 1278 vobiscum
1031 1243 1229 1279 consentire
1254 1244 1451 1290 profitebar.
1500 1246 1548 1282 Et
1574 1259 1615 1283 eo

91 1315 145 1339 res
176 1302 327 1346 tandem,
360 1315 414 1339 me
447 1303 534 1339 nihil
570 1303 762 1350 quidquam
788 1303 844 1340 vel
869 1304 1002 1340 sciente
1028 1304 1085 1340 vel
1111 1305 1216 1340 etiam
1242 1307 1452 1352 suspicante,
1479 1310 1531 1344 est
1556 1307 1614 1345 de-

89 1364 206 1407 ducta,
239 1366 282 1399 ut
314 1363 474 1400 doctrina
507 1364 786 1408 sacramentaria,
812 1363 870 1400 cui
896 1376 1014 1400 omnes
1038 1364 1173 1412 alioqui
1197 1366 1416 1413 Symmystae
1440 1367 1508 1403 mei
1532 1367 1614 1404 sub-

88 1424 311 1472 scripserant,
344 1425 471 1471 corrigi
505 1425 670 1471 coeperit,
695 1437 747 1469 ac,
774 1437 818 1460 ne
845 1437 884 1461 ea
909 1424 982 1461 sola
1007 1426 1136 1472 corrigi
1161 1425 1352 1471 videretur,
1378 1427 1492 1463 totius
1511 1428 1614 1464 Cate-

87 1485 210 1521 chismi
235 1485 429 1532 recognitio
453 1484 622 1520 instituta
647 1490 713 1521 est.
739 1486 837 1522 Haec
862 1498 945 1521 vero
970 1486 1055 1521 mihi
1080 1486 1218 1522 demum
1245 1487 1281 1522 in
1306 1488 1434 1534 Anglia
1459 1489 1614 1525 versanti

88 1545 240 1582 indicata
277 1549 340 1589 est,
374 1545 433 1582 sed
467 1558 537 1581 non
571 1545 664 1582 facta
697 1545 768 1581 ulla
793 1545 981 1582 mutandae
1006 1546 1079 1583 ullo
1105 1546 1208 1583 modo
1234 1546 1413 1584 doctrinae
1438 1548 1612 1596 significa—

90 1608 196 1649 tione,
224 1606 266 1642 de
292 1618 362 1653 qua
386 1606 521 1653 alioqui
547 1605 667 1642 nullus
693 1618 711 1642 e
735 1606 955 1653 Symmysffis,
980 1618 1051 1642 uno
1076 1609 1141 1642 aut
1165 1607 1278 1643 altero
1304 1611 1462 1655 excepto,
1480 1610 1613 1656 cogita·

87 1668 157 1704 bat.
207 1668 336 1715 Itaque
369 1679 432 1703 nec
464 1679 528 1714 ego
562 1667 773 1710 recusabam,
799 1668 987 1714 quominus
1023 1667 1264 1704 Catechismus
1290 1676 1613 1716 recognosceretur.

87 1730 139 1766 Eo
172 1742 275 1778 porro
309 1729 491 1776 recognito
524 1729 683 1765 suboluit
717 1729 892 1777 plerisque
931 1729 1043 1773 fucus,
1068 1732 1176 1777 atque
1200 1730 1250 1766 ita
1275 1731 1432 1768 unanimi
1457 1733 1612 1781 Symmy-

84 1794 218 1827 starum
250 1791 404 1827 omnium
437 1791 474 1826 in
507 1794 611 1826 coetu
647 1791 785 1838 publico
818 1790 965 1827 consilio
1007 1790 1301 1835 constituebatur,
1340 1805 1384 1829 ne
1408 1794 1611 1840 recognitus

85 1852 143 1888 ille
176 1852 416 1889 Catechismus
448 1851 702 1898 invulgaretur,
736 1852 938 1900 priusquam
972 1851 1015 1888 ad
1057 1865 1110 1888 me
1142 1853 1347 1889 mitteretur
1391 1867 1535 1901 meaque
1570 1856 1612 1892 de

85 1913 147 1950 illo
172 1914 347 1950 sententia
371 1913 565 1949 haberetur.
608 1912 664 1949 Ibi
690 1926 773 1950 vero
799 1913 998 1960 recognitor
1023 1913 1081 1949 ille
1106 1926 1219 1950 moras
1245 1916 1396 1958 nectere,
1422 1916 1612 1962 quominus

85 1975 128 2011 ad
160 1988 214 2011 me
249 1976 465 2018 mitteretur,
491 1976 526 2010 et
551 1973 654 2022 paulo
680 1978 759 2022 post
785 1987 924 2011 rursum
950 1987 1080 2010 moram
1106 1975 1250 2011 nimium
1276 1976 1414 2024 longam
1438 1989 1612 2024 accusare,

84 2035 113 2070 si
145 2047 220 2070 mea
253 2034 428 2071 sententia
461 2033 691 2081 exspectanda
715 2037 819 2071 esset.
870 2035 1041 2079 Breviter,
1068 2035 1201 2072 editum
1226 2036 1366 2073 volebat
1391 2039 1610 2085 recognitum

85 2094 343 2130 Catechismum
376 2093 474 2129 illum
509 2106 579 2129 non
605 2095 806 2141 exspectata
833 2107 905 2130 mea
930 2094 1116 2138 sententia,
1143 2095 1296 2143 denique
1321 2097 1389 2133 iam
1415 2102 1612 2143 curaverat,

84 2159 126 2191 ut
151 2155 246 2203 typis
272 2155 507 2191 mandaretur.
556 2156 677 2201 Atque
702 2154 818 2190 aulam
844 2155 899 2191 hic
926 2155 990 2191 sibi
1018 2155 1193 2192 faventem
1219 2157 1376 2201 habebat,
1403 2170 1492 2205 quae
1515 2159 1612 2196 aliud

85 2216 169 2252 nihil
195 2229 299 2263 quam
325 2216 506 2252 doctrinae
530 2216 763 2252 mutationem
791 2216 1036 2252 meditabatur.
1062 2217 1204 2253 Interea
1230 2231 1312 2255 vero
1339 2231 1403 2266 ego
1423 2231 1466 2255 ex
1483 2221 1612 2267 Anglia

85 2277 197 2320 venio,
234 2276 389 2312 omnium
422 2276 571 2312 istorum
597 2275 699 2324 plane
725 2277 876 2323 ignarus,
909 2279 946 2313 et
970 2277 1173 2324 priusquam
1199 2278 1236 2314 in
1261 2279 1408 2315 Frisiam
1433 2281 1609 2327 pervenis-

84 2350 166 2380 sem,
191 2337 380 2373 admoneor
406 2336 448 2373 de
473 2349 591 2384 sparsa
616 2337 658 2373 de
683 2350 737 2373 me
762 2338 970 2385 suspicione,
996 2339 1096 2386 quasi
1122 2339 1318 2376 doctrinam
1343 2354 1452 2378 meam
1478 2346 1609 2380 mutas-

83 2412 171 2435 sem:
208 2411 246 2434 ea
278 2411 314 2434 re
349 2397 534 2446 plerosque
570 2399 719 2435 offensos
753 2411 838 2442 esse,
874 2412 988 2447 neque
1021 2400 1071 2436 ita
1104 2401 1171 2436 iam
1197 2405 1238 2437 ut
1263 2405 1367 2438 antea
1392 2415 1472 2450 erga
1497 2417 1606 2441 meam

83 2460 276 2496 doctrinam
304 2472 377 2495 esse
402 2459 555 2503 affectos,
582 2460 650 2496 imo
676 2472 758 2496 vero
786 2473 914 2496 novum
942 2462 1199 2498 Catcchismum
1226 2463 1290 2499 sub
1316 2464 1412 2512 prelo
1442 2478 1527 2510 esse,
1546 2467 1608 2515 qui

81 2521 252 2556 diversam
279 2520 472 2556 doctrinam
498 2533 518 2555 a
545 2533 617 2555 nica
643 2521 850 2557 contineret.
901 2522 1086 2569 ingressus
1111 2524 1270 2567 Frisiam,
1298 2526 1458 2562 sciscitor
1482 2540 1502 2562 a
1528 2529 1606 2575 qui-

84 2581 225 2617 busdam
254 2582 432 2624 fratribus,
466 2587 506 2615 ut
532 2593 567 2616 se
594 2593 632 2617 ea
658 2594 711 2617 res
738 2581 888 2618 haberet.
917 2583 1085 2629 Intelligo
1112 2584 1220 2621 latere
1247 2586 1423 2632 quiddam.
1450 2588 1562 2625 Posco
1587 2602 1607 2626 a

85 2644 301 2689 recognitor-c
327 2645 356 2689 4)
384 2643 654 2686 Catechismum‚
679 2644 780 2679 cuius
806 2657 883 2691 pars
910 2645 974 2679 iam
1001 2645 1124 2681 excudi
1151 2651 1325 2694 coeperat.
1351 2648 1495 2685 Adnoto
1517 2663 1607 2697 quae

84 2704 166 2740 mihi
191 2718 261 2740 non
287 2703 533 2751 probabantur.
562 2704 688 2740 Postea
712 2705 912 2741 convocatis
939 2705 1094 2753 collegis,
1120 2707 1162 2743 de
1187 2712 1324 2744 mutata
1349 2709 1509 2747 doctrina
1526 2724 1604 2749 cum

82 2765 300 2810 recognitore
332 2764 535 2812 expostulo:
571 2778 692 2802 moneo
723 2778 766 2801 nc
800 2765 835 2802 in
869 2766 1023 2802 editione
1057 2772 1189 2815 pergat,
1222 2769 1355 2817 alioqui
1394 2784 1446 2807 me
1483 2775 1606 2809 contra

81 2823 292 2871 scripturum
325 2836 411 2861 esse.
460 2822 600 2861 Protuli
634 2836 724 2872 quae
750 2837 804 2861 me
829 2824 1048 2862 offendebant
1075 2827 1112 2862 et
1139 2827 1297 2866 volebam
1323 2831 1365 2866 ut
1388 2829 1431 2867 ad
1457 2843 1496 2867 ea
1522 2830 1605 2867 mihi
