1830 3147
155 117 219 166 [A.
243 118 289 154 D.
315 119 426 167 1542]
888 122 957 158 556

152 227 216 265 ΝΟ·
243 229 276 264 8·
1281 232 1383 279 [ειμι.
1406 245 1428 270 ι.
1447 247 1472 268 a.
1489 237 1536 269 ιιι).
1553 247 1581 280 p.
1603 235 1682 282 488]

698 352 756 388 Ad
783 352 1141 389 HARDENBnnemM.

198 470 433 517 Expectabam
465 470 559 507 hisce
594 471 728 515 diebus,
762 475 803 508 ut
835 472 917 508 mihi
952 471 995 508 ad
1028 484 1067 508 ea
1092 485 1179 520 quae
1205 473 1268 510 tibi
1302 486 1411 521 nuper
1437 474 1680 512 nunciaveram

151 531 386 578 responderes.
426 532 470 568 mi
505 531 669 569 Alberte!
705 532 826 568 saltem
865 538 904 568 ut
928 533 1175 580 intelligerem,
1199 534 1362 582 quidnam
1388 534 1494 570 animi
1519 547 1622 582 super
1646 548 1687 571 ea

150 605 186 629 re
212 592 367 629 haberes.
393 593 483 629 Nam
508 594 537 629 si
562 606 603 630 eo
628 606 722 630 esses
748 595 876 636 animo,
903 606 971 641 quo
997 597 1032 629 te
1056 607 1122 642 ego
1146 606 1222 630 esse
1248 596 1383 638 vellem,
1405 597 1441 632 in
1457 596 1520 633 hac
1537 608 1571 632 re
1591 608 1688 643 prae-

150 655 283 697 sertim,
311 657 384 690 tum
409 655 511 691 facile
536 655 580 691 de
603 655 680 692 aliis
706 655 984 703 transigeremus.
1033 655 1100 691 Sed
1128 656 1191 692 hoc
1216 656 1363 704 primum
1389 669 1528 695 necesse
1553 661 1618 702 est,
1645 660 1685 694 ut

150 723 267 764 sciam,
300 734 343 757 an
368 721 453 758 velis
480 718 704 769 ἔκτοπίζειν
732 722 798 758 καὶ
827 715 1189 768 μεταβάλλεσθαι,
1215 736 1292 759 nam
1328 724 1372 760 ad
1405 737 1544 760 manum
1577 725 1686 761 habeo

150 783 327 824 nuncium,
351 794 410 828 per
433 794 534 830 quem
559 793 613 818 me
638 785 778 829 oportet
802 781 869 817 iam
895 782 1092 829 significare
1117 795 1284 820 summam
1311 796 1424 820 rerum
1450 785 1603 821 omnium
1625 786 1690 829 illi,

148 844 208 891 qui
232 855 306 879 mea
331 855 434 890 opera
459 843 512 878 uti
537 842 572 878 iu
597 842 661 878 hae
687 845 783 889 parte
811 842 931 879 voluit.
955 843 1076 881 Quare
1101 847 1137 879 te
1162 855 1246 891 rogo
1273 848 1311 880 ut
1336 857 1390 881 me
1415 844 1457 881 de
1482 846 1597 881 animo
1623 850 1685 882 tuo

149 905 255 940 facias
280 904 460 940 certiorem
485 915 545 950 per
570 903 662 939 hunc
686 915 831 950 puerum
857 908 925 939 etc.
949 931 1012 940 ......
1049 903 1217 940 Volebam
1243 904 1287 940 ad
1313 908 1348 941 te
1373 916 1449 941 mea
1474 905 1685 952 perscribere

148 965 274 1008 omnia,
300 964 361 1000 sed
385 964 560 1000 Gerardus
586 964 673 1001 civis
699 968 817 1000 noster
843 966 886 1008 ¹),
913 965 972 1012 qui
998 976 1068 1000 non
1093 965 1142 1000 ita
1168 965 1298 1011 pridem
1313 965 1415 1001 rediit
1428 965 1618 1013 Viteberga
1642 967 1687 1009 ²),

148 1026 283 1064 iuvenis
315 1038 399 1062 sane
432 1031 469 1061 et
503 1026 579 1072 pius
616 1028 652 1060 et
676 1025 814 1067 doetus,
843 1026 997 1061 narravit
1021 1025 1104 1061 mihi
1129 1026 1198 1060 tuis
1225 1025 1349 1068 verbis,
1374 1030 1409 1061 te
1434 1025 1529 1071 brevi
1553 1026 1596 1062 ad
1621 1039 1686 1062 nos

148 1087 216 1123 huc
243 1090 427 1122 venturum
453 1097 528 1121 esse
553 1085 588 1121 in
613 1084 686 1120 dies
711 1085 856 1133 aliquot.
885 1087 1005 1124 Quare
1022 1086 1058 1122 in
1076 1086 1128 1121 tui
1146 1085 1336 1122 adventum
1355 1086 1544 1122 differenda
1565 1087 1686 1134 putavi

149 1145 264 1181 omnia
302 1145 429 1192 potius,
468 1156 570 1192 quam
595 1147 634 1179 ut
658 1143 719 1179 illa
743 1143 852 1179 literis
877 1143 1139 1180 committerem.
1188 1143 1264 1179 Iam
1290 1144 1412 1180 melius
1438 1143 1547 1186 valeo,
1571 1145 1684 1192 gratia

149 1206 317 1243 Domino!
342 1204 488 1241 Ridebis
512 1205 540 1240 si
563 1203 698 1245 audias,
722 1203 805 1251 quid
830 1216 908 1240 cum
934 1203 1115 1251 Episcopis
1140 1206 1266 1241 nostris
1292 1205 1327 1240 iu
1353 1205 1463 1252 patria
1480 1206 1608 1252 egerim
1631 1210 1683 1249 ³):

150 1266 339 1315 prodibunt
369 1270 485 1302 tamen
510 1265 547 1301 in
580 1266 690 1301 lucem
718 1265 810 1301 brevi
833 1266 948 1301 omnia
971 1266 1016 1310 ⁴).
1066 1265 1157 1302 Vale
1181 1271 1216 1302 et
1240 1266 1284 1302 da
1308 1279 1458 1314 operam,
1482 1272 1521 1303 ut
1546 1280 1608 1303 nos
1635 1268 1684 1303 vi·

150 1340 224 1365 sere
250 1327 373 1375 possis·
397 1326 547 1363 Interim
572 1329 690 1362 tamen
710 1326 823 1362 scribe
849 1327 967 1374 paucis
991 1330 1027 1362 et
1052 1327 1098 1363 D.
1127 1327 1302 1363 Abbatem
1329 1334 1426 1364 tuum
1462 1328 1576 1364 verbis
1599 1329 1684 1364 meis

150 1388 279 1427 saluta.
306 1388 451 1435 Raptim
476 1386 606 1423 Emdae
631 1387 709 1434 ΧΠ
735 1387 824 1424 Maii
850 1387 956 1424 Anno
982 1388 1087 1424 1542.

1191 1435 1367 1483 Agnoscis
1391 1448 1543 1473 manum.

194 1516 219 1554 ί)
243 1515 294 1548 Sc.
318 1514 479 1547 Gerardus
501 1517 570 1547 tom
593 1514 705 1558 Camp,
723 1514 887 1547 Ecclesiae
902 1515 1066 1547 Emdanae
1082 1516 1199 1549 senior.
1216 1517 1254 1548 V.
1269 1517 1330 1559 Ep.
1346 1516 1385 1548 ad
1403 1528 1486 1551 eum.
1510 1518 1684 1558 Gabbema,

150 1582 178 1605 c.
202 1572 231 1604 1.
255 1583 282 1605 e.
305 1572 356 1604 68.
377 1572 550 1604 nonnullas
579 1572 618 1603 ab
649 1583 685 1604 eo
709 1572 857 1614 scriptas,
882 1572 987 1603 adhuc
1010 1572 1149 1604 ineditas
1172 1573 1206 1604 in
1230 1573 1296 1605 Scr.
1320 1573 1415 1605 Emd.
1439 1573 1489 1606 Cf.
1513 1574 1686 1608 Kerk-hz'st.

148 1629 246 1661 Arck.
268 1637 301 1661 v.
325 1629 408 1660 Kls'r
431 1639 470 1660 en
492 1628 596 1660 Mom.
619 1629 664 1660 II.
689 1629 735 1660 a0.
758 1628 852 1661 1859.
875 1638 907 1670 p.
929 1629 1065 1661 49—51.
1108 1630 1137 1669 Ξ)
1160 1630 1211 1661 Sc.
1240 1629 1273 1660 in
1295 1629 1442 1661 Polonia.
1487 1630 1514 1671 3)
1538 1631 1686 1673 Respicit

149 1684 189 1716 ad
223 1696 259 1716 ea
292 1694 373 1726 quae
406 1684 440 1715 in
468 1683 706 1726 Hardenbergii
735 1684 872 1726 gratiam
901 1684 1036 1716 molitus
1059 1687 1138 1718 erat.
1160 1684 1211 1718 Cf.
1234 1685 1364 1717 initium
1386 1685 1448 1728 Ep.
1471 1685 1502 1718 8.
1543 1687 1572 1726 ⁴)
1595 1687 1687 1719 Nihil

148 1741 244 1773 huius
266 1742 428 1782 superstes
451 1750 519 1772 esse
542 1739 682 1772 videtur.

149 1875 214 1913 ΝΟ.
240 1876 272 1912 9.
1322 1873 1427 1919 [θοι-(ἰ.
1446 1885 1468 1909 s.
1486 1885 1510 1909 a.
1529 1871 1578 1909 llb.
1598 1873 1678 1919 481]

695 1968 752 2004 Ad
778 1968 1142 2004 Hannnnneaemm.

195 2065 319 2102 Paucis
343 2064 387 2100 ad
413 2063 523 2100 multa
546 2062 775 2110 respondebo,
802 2063 848 2098 mi
872 2062 1039 2099 Alberte!
1065 2061 1169 2110 idque
1194 2074 1233 2098 ea
1245 2060 1420 2104 libertate,
1446 2074 1514 2109 qua
1526 2061 1579 2098 uti
1592 2073 1683 2097 sem-

148 2137 209 2173 per
232 2126 339 2161 soleo.
373 2124 419 2161 In
441 2123 555 2160 reditu
581 2136 656 2159 meo
681 2123 820 2159 obstitit
846 2123 1012 2159 valetudo
1037 2135 1112 2158 mea
1136 2122 1323 2171 quominus
1349 2126 1383 2157 te
1408 2121 1565 2163 adierim,
1592 2134 1681 2170 quae

147 2186 317 2224 eiusmodi
349 2197 432 2221 sane
464 2188 548 2226 erat,
579 2187 620 2219 ut
645 2196 698 2220 me
723 2197 794 2220 non
820 2187 999 2231 pateretur
1024 2196 1169 2230 usquam
1194 2182 1348 2224 haerere,
1376 2183 1442 2218 nisi
1467 2182 1578 2218 indies
1603 2195 1681 2230 gra·

147 2249 225 2284 vius
258 2246 446 2294 periclitari
479 2245 677 2281 voluissem.
727 2244 813 2280 Eam
846 2247 978 2286 tamen,
1004 2244 1051 2280 mi
1077 2243 1237 2285 Alberte‚
1265 2243 1533 2282 excusationem.
1558 2243 1587 2278 si
1612 2255 1681 2279 non

146 2307 252 2343 audes
285 2305 513 2353 pronunciare
545 2305 684 2346 iustam,
707 2308 771 2340 aut
793 2302 1082 2352 quemadmodum
1107 2303 1172 2344 ais,
1199 2302 1425 2338 sufficientem
1450 2302 1570 2345 fuisse,
1595 2302 1680 2350 quid

147 2367 243 2403 aliud
275 2378 403 2414 quaeso
435 2366 471 2401 in
495 2377 600 2400 causa
624 2365 728 2400 fuisse
753 2371 871 2412 putas.
897 2364 990 2411 quod
1015 2368 1051 2398 te
1075 2375 1146 2399 non
1170 2362 1372 2399 inviserim?
1397 2362 1426 2398 si
1450 2361 1534 2409 quid
1559 2363 1678 2410 suspi-

146 2429 247 2471 caris,
271 2428 305 2464 id
331 2427 396 2463 tibi
419 2426 576 2474 equidem
603 2430 643 2462 ut
667 2426 777 2462 amico
800 2426 844 2461 ad
869 2425 1017 2460 amicum
1041 2423 1260 2460 scribendum
1284 2427 1370 2460 erat.
1405 2424 1466 2459 Sin
1492 2423 1617 2464 minus,
1641 2427 1678 2458 et

148 2493 265 2526 tamen
291 2488 352 2524 tibi
378 2500 447 2523 non
472 2487 643 2523 satisfacit
668 2500 742 2522 mea
767 2486 826 2523 illa
853 2485 1047 2525 excusatio,
1075 2485 1167 2526 vide,
1193 2496 1238 2520 ne
1263 2488 1299 2519 et
1324 2496 1448 2520 causae
1473 2487 1564 2524 tuae,
1594 2495 1679 2530 quas

148 2551 366 2599 gravissimas
396 2548 507 2588 videri
539 2548 606 2590 vis,
643 2547 735 2596 quod
768 2560 822 2584 me
857 2548 963 2584 visere
996 2559 1066 2583 non
1092 2547 1217 2594 possis,
1244 2545 1355 2581 multo
1380 2545 1492 2580 minus
1518 2544 1678 2590 ponderis

150 2611 311 2652 habeant,
336 2622 437 2657 quam
462 2609 642 2645 excusatio
667 2609 727 2645 illa
752 2621 839 2645 mea.
864 2609 955 2645 Mihi
979 2621 1060 2645 sane
1077 2606 1288 2643 valetudinis
1309 2606 1396 2641 ratio
1416 2604 1572 2640 habenda
1593 2608 1677 2640 erat.

149 2674 220 2711 Sed
252 2684 340 2720 quae
372 2676 410 2707 tu
444 2670 486 2707 de
520 2670 651 2717 pudore
685 2669 805 2706 dolore
838 2670 981 2705 tristitia
1017 2674 1120 2715 atque
1157 2680 1210 2709 ea,
1250 2678 1336 2715 quae
1373 2668 1408 2702 te
1432 2669 1611 2712 perpetuo,
1638 2671 1678 2701 ut

150 2733 282 2774 scribis,
307 2731 543 2772 excarnificat,
567 2731 702 2767 miseria
726 2730 850 2772 adfers,
875 2730 973 2771 haec,
999 2729 1058 2777 qui
1077 2729 1140 2765 tibi
1165 2727 1300 2764 credam
1326 2716 1494 2762 obsecro?
1520 2736 1598 2760 cum
1624 2729 1676 2760 la-

151 2806 229 2830 men
262 2793 336 2839 ipse
371 2792 530 2832 affirmes,
569 2791 707 2827 consilii
739 2795 774 2826 te
808 2790 861 2826 tui
897 2791 1048 2826 rationes
1081 2789 1220 2824 Christo
1244 2786 1334 2822 haud
1359 2785 1461 2820 dubie
1485 2786 1674 2831 approbare

151 2866 264 2902 posse.
289 2852 395 2899 Apud
420 2852 517 2887 illum
543 2852 652 2897 igitur
675 2856 772 2887 tutus
799 2865 847 2892 es,
872 2851 963 2896 apud
989 2862 1042 2885 me
1067 2863 1148 2885 vero
1172 2847 1344 2884 erubescis
1368 2854 1403 2880 et
1415 2846 1573 2892 angeris?
1600 2846 1675 2892 Ego

150 2916 257 2953 maior
281 2913 342 2951 illo
367 2912 523 2950 scilieet?
548 2914 623 2952 Qui
647 2912 860 2949 Sabbathum
884 2912 920 2948 in
944 2910 1084 2947 Christo
1109 2922 1208 2946 suum
1233 2908 1437 2947 sanctificat,
1456 2918 1526 2941 non
1544 2909 1597 2942 est
1611 2917 1674 2942 cur
