1830 3147
142 94 187 134 78

139 207 287 249 merito,
332 210 395 244 aut
430 206 468 243 in
506 205 662 244 dubium
700 218 831 245 vocare
867 207 942 245 ullo
979 207 1093 246 inodo
1127 209 1258 260 possit,
1295 223 1413 260 neque
1447 211 1522 248 ulla
1561 214 1675 249 restet

141 272 340 319 dubitatio,
367 272 456 322 quin
486 272 748 323 pu-(49)blico
775 273 892 311 totius
929 274 1121 312 Ecclesiae
1158 275 1266 312 huius
1303 279 1454 314 nostrae
1476 287 1676 315 ‘consensu

141 338 188 376 ad
226 342 389 375 vestrum
427 336 498 374 hoc
536 336 768 376 Diaconatus
804 338 964 378 officium
1000 339 1110 377 electi
1138 339 1232 381 sitis.
1287 340 1464 378 Vestrum
1490 341 1561 379 erit
1586 342 1675 386 iam,

139 405 182 440 ut
228 414 352 439 coram
401 404 481 439 tota
518 401 687 440 Ecclesia
724 403 857 441 vestris
893 403 1060 454 ipsorum
1097 404 1405 455 responsionibus
1441 405 1487 443 ad
1527 410 1701 444 nostras-

141 466 252 504 hasce
278 465 592 515 interrogationes
629 471 789 506 vestram
817 469 914 507 hanc
941 468 1177 513 vocationem
1203 469 1250 508 ad
1278 470 1357 508 eius
1377 470 1695 509 aedificationem·

139 529 367 569 attestemini
393 534 430 568 et
457 531 692 582 approbetis:

196 598 230 634 1.
263 595 490 635 aserititisne
519 609 585 635 vos
608 596 761 635 interno
791 597 953 649 Spiritus
981 598 1102 641 sancti
1128 598 1167 637 in
1197 599 1372 637 cordibus
1400 600 1531 638 vestris
1550 600 1675 639 afflatu

142 663 188 702 ad
217 663 289 701 hoc
316 667 477 706 vestrum
508 662 760 701 Ministerium
789 663 842 701 ita
870 664 1007 709 vocari,
1034 668 1074 702 ut
1101 665 1205 703 nullo
1232 665 1422 703 vcommodi
1449 666 1562 704 vestri
1587 679 1677 717 pro-

142 727 213 779 prii
249 732 313 766 aut
350 727 462 766 ullius
498 728 653 766 omnino
689 728 842 766 alterius
868 741 1050 779 personae
1076 733 1259 780 respectu,
1286 729 1349 768 sed
1376 734 1523 769 tantum
1552 731 1678 784 studio

142 792 420 844 promovendae
446 793 589 843 gloriae
616 792 688 831 Dei
715 792 1039 845 iuvandorumque
1066 807 1271 845 pauperum
1309 794 1465 833 fratrum
1502 799 1538 833 et
1573 796 1676 833 aedi-

142 857 311 896 ficandae
339 856 408 895 hac
435 857 472 894 in
501 861 606 908 parte
633 857 823 895 Ecclesiae
852 857 1005 902 Christi,
1031 858 1125 895 illud
1153 858 1338 909 suscipere
1364 859 1538 897 velitis’'?

199 921 462 972 Respondent:
509 939 526 956 u
543 921 744 968 Sentimus,
772 926 807 960 et
835 921 953 960 Deum
984 935 1146 970 oramus,
1172 927 1214 961 ut
1240 935 1311 961 nos
1338 923 1376 961 in
1405 923 1477 961 hoc
1504 924 1679 963 instituto

144 986 380 1024 confirmct''.

196 1053 231 1089 2.
264 1068 281 1085 a
297 1050 507 1097 creditisne,
543 1050 802 1101 Propheticam
842 1055 878 1090 et
915 1052 1173 1103 Apostolicam
1214 1051 1436 1099 doctrinam,
1469 1053 1583 1091 sacris
1610 1052 1678 1090 Bi-

145 1115 233 1152 bliis
272 1114 589 1166 comprehensam,
625 1129 706 1153 esse
741 1129 863 1154 veram
902 1117 1099 1155 salutarem
1136 1130 1179 1154 ac
1206 1118 1370 1155 numeris
1406 1117 1582 1155 omnibus
1609 1118 1678 1155 ab·

142 1181 408 1218 solutissimam
448 1180 656 1218 doctrinam
697 1181 726 1228 ¹)
764 1195 858 1233 quae
893 1183 1001 1234 plene
1037 1183 1306 1234 complectatur
1343 1183 1483 1227 omnia,
1509 1196 1602 1234 quae
1631 1183 1678 1220 ad

142 1246 296 1283 salutem
334 1249 504 1283 nostram
541 1246 750 1283 necessario
787 1246 974 1297 pertinent
1002 1247 1281 1298 quoquomodo,
1309 1252 1345 1285 ct
1374 1248 1478 1285 cuius
1508 1248 1612 1285 basis
1635 1260 1679 1285 ac

143 1310 431 1347 fundamentum
460 1310 507 1347 sit
534 1309 640 1347 lesus
671 1310 841 1349 Christus
862 1311 908 1360 2),
928 1325 1035 1349 verus
1054 1311 1153 1349 Deus
1169 1313 1200 1359 ³)
1220 1316 1256 1349 et
1276 1325 1381 1349 verus
1403 1312 1523 1349 homo.
1548 1311 1678 1349 unicus

141 1375 326 1413 mediator
363 1376 598 1423 no·(50)ster
634 1388 699 1426 per
736 1376 903 1427 corporis
941 1376 999 1414 sui
1035 1376 1332 1428 propitiatoriam
1361 1376 1602 1422 oblationem,
1628 1398 1679 1405 —

144 1452 272 1476 ornnes
302 1451 387 1476 vero
415 1439 507 1476 alias
538 1439 727 1477 doctrinas
756 1440 978 1478 aversamini
1014 1445 1051 1478 et
1087 1441 1284 1488 damnatis,
1322 1454 1566 1492 quaecunque
1593 1441 1680 1479 huic

142 1505 209 1542 uni
237 1513 343 1541 verae
370 1517 413 1541 ac
442 1504 597 1541 salutari
626 1503 819 1542 doctrinae
846 1505 923 1542 ullo
952 1518 1106 1556 prorsus
1135 1505 1245 1543 modo
1275 1505 1541 1557 repugnanff?

194 1569 457 1620 Respondent:
489 1586 507 1604 n
519 1569 656 1615 Etiam,
682 1574 718 1608 et
745 1569 784 1607 in
803 1569 872 1608 hac
892 1570 964 1609 fide
984 1570 1221 1608 corroborari
1234 1574 1411 1622 perpetuo
1430 1572 1678 1622 postulamus.

194 1638 229 1673 3.
270 1651 287 1668 u
303 1634 463 1672 vultisne
498 1635 609 1672 etiam
644 1635 685 1672 in
721 1640 843 1673 vestro
883 1635 954 1673 hoc
990 1635 1197 1674 ministerio
1232 1635 1338 1674 iuxta
1382 1637 1542 1674 officium
1577 1637 1680 1676 illius

142 1699 396 1748 eleemosynas
423 1699 460 1736 in
491 1712 598 1736 usum
642 1712 686 1736 ac
714 1699 1017 1738 sublevationem
1046 1713 1248 1751 pauperum
1279 1701 1478 1750 diligenter
1505 1706 1540 1739 et
1568 1714 1678 1740 accu-

142 1768 222 1802 rate
260 1764 434 1814 colligere
477 1764 726 1815 collectasque.
763 1764 922 1803 fideliter
958 1765 996 1803 in
1042 1766 1178 1803 timore
1219 1766 1369 1804 Domini
1406 1766 1680 1817 prudenterque

145 1834 180 1867 et
213 1829 252 1867 in
290 1828 394 1866 omni
420 1829 574 1866 lenitate
603 1829 887 1870 mansuetudine
915 1842 959 1868 ac
985 1829 1169 1867 modestia
1207 1830 1346 1878 egenis,
1381 1830 1564 1881 imprimis
1593 1844 1679 1868 vero

146 1894 359 1932 domesticis
396 1893 496 1938 fidei,
530 1893 814 1932 subministrare
841 1907 884 1932 ac
912 1895 1157 1943 distribuere„
1174 1895 1278 1931 nullo
1306 1895 1443 1932 amoris
1470 1895 1593 1933 odiive
1620 1909 1678 1933 re-

145 1964 271 2010 spectu
291 1974 378 2010 erga
399 1974 623 2012 quenquam,
635 1961 697 1998 sed
709 1974 776 2011 pro
790 1961 967 2012 cuiusque.
981 1961 1164 2003 duntaxat
1174 1961 1298 2012 inopia
1310 1975 1354 1999 ac
1365 1963 1584 2000 necessitate
1594 1961 1679 2011 ⁴)''?

197 2026 460 2077 Respondent:
518 2043 536 2061 υ
550 2026 687 2068 Etiam,
715 2039 779 2078 per
806 2026 966 2076 gratiam
994 2027 1104 2067 Dei.''

194 2098 231 2130 4.
264 2109 280 2125 n
297 2092 456 2129 vultisne
484 2099 645 2129 vestrum
677 2091 748 2128 hoc
776 2091 1025 2131 ministerium
1053 2095 1239 2145 praeterea
1270 2091 1367 2129 vitae
1395 2095 1538 2129 vestrae
1549 2092 1678 2143 probi-

144 2161 218 2194 tate
255 2170 298 2195 ac
334 2157 583 2196 sanctimonia
618 2157 841 2208 pietatisque
881 2170 925 2195 ac
960 2157 1155 2196 charitatis
1195 2157 1420 2195 christianae
1456 2158 1585 2195 officiis
1611 2171 1678 2209 pro

143 2229 263 2262 vestra
294 2223 392 2261 virili
419 2235 554 2261 ornare
580 2221 625 2260 ad
657 2221 845 2260 Ecclesiae
872 2222 1198 2260 aedificationem?
1234 2222 1296 2267 Et,
1324 2222 1355 2259 si
1383 2221 1473 2272 quid
1502 2223 1609 2268 forte,
1639 2227 1678 2260 ut

142 2302 270 2326 omnes
299 2296 426 2326 sumus
455 2287 637 2334 homines,
667 2287 885 2337 designetis,
913 2288 1068 2336 dignum
1098 2287 1356 2326 admonitione
1385 2288 1616 2325 correctione
1635 2299 1678 2325 ac

142 2354 440 2405 reprehensione,
468 2354 544 2392 sive
572 2353 721 2404 publica
751 2353 827 2391 sive
854 2353 1010 2404 privata,
1035 2375 1085 2382 —
1115 2353 1276 2392 vultisne
1303 2365 1369 2390 vos
1396 2352 1497 2402 ipsos
1518 2352 1615 2389 ultro
1637 2365 1680 2389 ac

142 2424 274 2468 sponte
305 2423 424 2456 vestra
455 2418 638 2456 subiicere
657 2420 742 2465 (51)
762 2418 980 2468 disciplinae
999 2418 1285 2456 Ecclesiasticae
1300 2417 1404 2455 iuxta
1424 2417 1575 2454 verbum
1599 2417 1682 2462 Dei,

143 2483 454 2534 quemadmodum
484 2483 628 2521 faciunt
654 2483 788 2533 reliqui
814 2483 853 2520 in
883 2487 1011 2521 nostra
1040 2483 1109 2521 hac
1137 2483 1305 2520 Ecclesia
1335 2483 1467 2519 fratres
1496 2482 1681 2520 omnes''?

193 2548 458 2598 Respondent:
515 2565 532 2581 n
547 2548 744 2593 Volumus,
771 2552 807 2585 et
835 2547 952 2585 Deum
981 2548 1093 2586 nobis
1121 2548 1183 2586 hic
1209 2561 1274 2599 per
1301 2560 1405 2585 suam
1431 2547 1589 2595 gratiam
1610 2548 1677 2584 ad-

140 2614 305 2652 futurum
335 2626 427 2659 esse,
454 2626 531 2651 non
560 2612 815 2651 dubitamus.''

191 2677 389 2717 Absolutis
436 2677 537 2715 hisce
582 2676 944 2726 interrogationibus
991 2682 1027 2715 ct
1070 2676 1393 2729 responsionibus,
1429 2676 1676 2716 Ecclesiastes

187 2817 213 2856 ¹)
236 2816 354 2858 Ephes.
379 2817 409 2849 2.
432 2817 450 2848 2
474 2817 556 2849 Tim.
581 2817 609 2849 3.
690 2818 718 2856 ²)
744 2817 759 2847 1
786 2817 858 2849 Cor.
884 2817 912 2849 3.
935 2817 1026 2850 Rom.
1052 2817 1079 2855 1,
1104 2817 1132 2850 9.
1199 2817 1225 2857 ³)
1252 2817 1263 2848 l
1292 2817 1381 2848 Ioan.
1407 2817 1433 2847 5.
1459 2816 1473 2847 1
1500 2816 1582 2848 Tim.
1606 2817 1634 2850 52.

183 2873 211 2914 ⁴)
236 2872 306 2905 Gal.
329 2873 358 2904 6.
381 2873 452 2905 Act.
474 2874 505 2905 4.
