1830 3147
1543 125 1612 164 217·

84 237 291 272 extremum
327 237 449 272 autem
489 233 657 271 hortatur
687 232 894 271 Ecclesiam
925 232 1111 279 Minister,
1139 239 1178 272 ut
1206 235 1456 286 procumbens
1483 236 1522 275 in
1550 250 1615 286 ge-

85 311 159 336 nua
205 301 291 347 agat
336 297 476 347 gratias
511 297 674 335 Domino
712 297 804 341 Deo,
842 297 943 349 quod
981 299 1325 338 excommunicatos
1363 301 1449 339 illos
1483 314 1616 352 passus

84 375 161 400 non
196 363 244 400 sit
271 362 417 414 prolabi
445 363 483 400 in
512 362 703 412 graviores
732 363 817 400 illos
843 375 1072 414 prorsusque
1099 363 1173 400 iam
1201 364 1498 403 immedicabiles
1526 379 1614 415 gra-

85 427 154 465 dus
200 431 434 478 contemptus
478 427 656 478 ipsorum,
704 427 889 478 simulque
933 427 1047 465 etiam
1092 432 1185 473 oret,
1229 435 1305 467 tam
1342 443 1410 481 pro
1449 444 1487 469 se
1521 431 1615 482 ipsa,

83 505 194 543 quain
230 505 297 542 pro
335 491 667 529 excommunicatis
704 491 792 537 illis,
827 505 885 537 ne,
912 491 944 529 si
980 492 1131 543 quando
1170 506 1236 531 nos
1263 494 1303 531 in
1331 495 1474 545 priores
1502 495 1615 533 etiam

85 560 317 608 contemptus
343 556 482 606 gradus
512 557 657 607 prolabi
685 558 783 595 sorte
812 557 1022 607 contingat,
1047 557 1086 594 in
1115 558 1192 596 illis
1220 563 1398 609 perstare,
1425 560 1490 598 sed
1507 573 1615 611 prae-

85 621 243 659 sentium
272 622 682 659 excommunicatorum
711 623 880 673 exemplo
910 623 1069 674 tempori
1088 623 1211 661 adhuc
1231 629 1425 675 peccatum
1444 631 1614 665 nostrum

83 699 284 735 agnoscere
318 686 493 738 illiusque
531 687 677 725 veniam
722 688 922 738 implorare
969 688 1168 739 possimus.
1226 689 1397 728 Monebit
1425 696 1614 742 praeterea

83 750 257 789 Minister
294 751 514 798 Ecclesiam,
548 757 589 790 ut
622 766 689 803 pro
718 754 1052 791 excommunicatis
1082 754 1158 792 illis
1187 756 1423 805 peculiariter
1452 762 1546 802 oret,
1574 761 1615 795 ut

81 815 121 853 in
159 820 288 854 sancto
316 816 381 854 illo
409 817 687 868 resipiscentiae
716 830 758 855 ac
785 818 1106 856 reconciliationis
1135 819 1302 870 ipsorum
1333 834 1415 858 cum
1444 821 1613 861 Ecclesia

80 881 254 920 instituto
290 895 354 933 per
392 882 572 933 Spiritum
611 887 781 920 sanctum
825 884 1037 922 confirmari
1076 888 1113 922 et
1148 885 1354 934 gubernari
1381 887 1541 938 possint,
1569 901 1612 925 ac

81 947 228 985 demum
258 947 464 986 Ecclesiam
493 948 696 1000 alloquitur
724 948 825 986 hisce
853 949 994 986 verbis:
1022 951 1133 998 (388)

134 1077 420 1115 Admonitio
475 1077 530 1115 ad
577 1077 852 1116 Ecclesiam
899 1090 1039 1129 super
1085 1079 1611 1119 excommunicatorum

78 1141 394 1192 poenitentia
421 1146 465 1180 ct
492 1142 925 1181 reconciliatione.

130 1289 147 1306 u
161 1271 244 1309 Viri
280 1270 450 1309 Fratres!
478 1274 720 1322 posteaquam
770 1271 808 1308 in
848 1275 1052 1323 conspectu
1089 1285 1173 1310 ecce
1210 1276 1333 1311 vestro
1369 1273 1514 1312 habetis
1553 1275 1604 1314 N.

75 1337 437 1376 excommunicatum
483 1337 610 1382 istum,
660 1337 724 1387 qui
759 1336 798 1375 in
838 1350 934 1383 vera,
971 1341 1011 1375 ut
1049 1351 1252 1389 speramus,
1287 1338 1343 1376 sui
1387 1341 1605 1391 peccatique

76 1401 132 1439 sui
169 1399 404 1452 displicentia
441 1403 476 1437 et
513 1402 753 1438 accusatione
790 1400 937 1451 culpam
976 1414 1080 1439 suam
1121 1402 1218 1452 apud
1254 1415 1320 1440 vos
1349 1402 1394 1440 ad
1425 1403 1495 1441 Dei
1521 1404 1606 1453 glo-

73 1466 167 1503 riam
203 1470 239 1503 et
276 1465 435 1502 Satanae
470 1464 773 1516 pudefactionem
809 1478 1014 1515 agnoscere
1054 1467 1274 1517 veniamque
1311 1467 1412 1506 illius
1439 1468 1603 1519 primum

74 1531 172 1583 apud
208 1530 426 1575 Dominum,
463 1529 596 1567 deinde
633 1543 718 1567 vero
756 1530 867 1568 etiam
905 1531 1003 1581 apud
1042 1544 1106 1568 vos
1144 1544 1286 1578 omnes,
1331 1536 1510 1583 tanquam
1536 1533 1605 1571 Dei

74 1596 295 1641 Ecclesiam,
330 1599 452 1645 petere
487 1594 664 1640 instituit,
699 1599 740 1632 ut
776 1594 830 1632 ita
869 1594 1017 1632 demum
1046 1595 1153 1633 vobis
1180 1609 1246 1647 per
1275 1609 1378 1634 suam
1407 1597 1602 1648 poeniten-

72 1661 162 1699 tiam
190 1660 424 1698 reconciliari
465 1664 576 1710 atquc
602 1659 641 1697 in
671 1663 831 1697 vestram
858 1673 988 1697 rursus
1007 1660 1280 1698 fraternitatem
1301 1661 1603 1699 Ecclesiasticam

71 1725 187 1777 recipi
219 1725 350 1776 possit.
406 1725 485 1762 Iam
524 1729 560 1762 et
598 1724 703 1762 vobis
739 1724 779 1762 id
806 1728 862 1762 est
890 1726 1169 1776 praestandum,
1197 1726 1298 1777 quod
1327 1727 1440 1764 vestri
1468 1727 1537 1764 hac
1565 1727 1605 1765 in

70 1796 174 1842 parte
211 1790 321 1828 officii
357 1803 437 1828 esse
474 1803 550 1827 uon
579 1789 774 1839 ignoratis,
804 1803 936 1841 nempc
964 1794 1016 1835 ut,
1044 1791 1222 1841 quoniam
1252 1804 1396 1829 summa
1424 1793 1604 1831 facilitate

69 1867 112 1892 ac
150 1854 344 1892 clementia
380 1853 564 1904 perditum
602 1854 708 1890 illum
744 1853 863 1891 filium
900 1854 940 1892 in
978 1855 1156 1905 parabola
1194 1855 1423 1905 Euangelica
1452 1871 1471 1895 a
1500 1864 1604 1909 patre

71 1933 138 1959 suo
174 1924 364 1970 receptum
393 1931 483 1964 esse,
511 1919 709 1970 fratiisque
739 1932 825 1957 vero
855 1920 913 1957 sui
940 1920 1092 1957 alterius
1121 1921 1379 1969 morositatem
1405 1923 1504 1973 patri
1532 1924 1604 1974 ipsi

71 1984 305 2036 displicuisse
319 1983 422 2022 scitis
437 1983 476 2032 ¹),
488 2006 537 2013 —
548 1984 663 2035 patris
675 1984 776 2022 illius
791 1985 1119 2023 beneficentissimi
1131 1973 1365 2024 clementiam
1376 1988 1481 2026 vobis
1493 1990 1604 2037 (389)

69 2050 208 2100 potius,
235 2062 344 2100 quam
373 2048 501 2086 fratiis
530 2049 669 2086 morosi
697 2049 943 2088 invidentiam
972 2051 1066 2089 imit
1070 2051 1260 2097 indam,
1235 2053 1491 2105 gaudiumque
1520 2068 1603 2093 cum

68 2115 134 2152 illo
181 2119 345 2152 vestrum
383 2127 492 2165 super
526 2115 848 2153 excommunicato
888 2116 971 2162 hoc,
1013 2117 1077 2167 qui
1112 2118 1271 2168 perierat
1309 2123 1343 2157 et
1380 2133 1526 2157 rursum
1565 2120 1603 2158 in

69 2180 167 2218 viam
195 2179 371 2217 reductus
399 2184 466 2222 est.
495 2179 783 2218 contestandum
818 2194 896 2219 esse
926 2182 1110 2221 statuatis.
1165 2183 1299 2221 Audiit
1327 2184 1389 2222 ille
1417 2185 1602 2235 perditum

70 2257 177 2282 suum
206 2244 337 2288 filium,
363 2244 579 2294 priusquam
607 2244 687 2295 ipse
714 2246 772 2282 vel
802 2245 955 2283 verbum
983 2260 1098 2284 uuum
1128 2248 1357 2298 protulisset.
1403 2249 1602 2289 Ostendite

69 2313 106 2348 et
134 2322 198 2348 vos
226 2308 512 2360 propensionem
541 2314 701 2346 vestram
728 2310 773 2347 ad
803 2310 1033 2348 audiendum
1062 2311 1161 2349 hunc
1188 2312 1252 2358 N.,
1281 2314 1356 2364 qui,
1387 2327 1406 2352 e
1427 2315 1602 2354 fraterni-

68 2380 144 2414 tate
172 2378 292 2413 vestra
321 2374 471 2420 eiectus,
498 2374 537 2411 in
564 2374 726 2423 gratiam
755 2387 881 2412 rursus
911 2379 1071 2414 vestram
1099 2377 1214 2428 recipi
1243 2379 1355 2429 cupit.
1412 2379 1603 2420 Procurrit

67 2444 172 2491 pater
207 2439 270 2477 ille
305 2437 656 2488 indulgentissimus
702 2439 852 2478 obviam
890 2441 1035 2479 eminus
1072 2442 1194 2479 adhuc
1221 2442 1393 2481 redeunti
1431 2445 1521 2491 filio,
1551 2450 1603 2492 ut,

68 2504 285 2555 priusquam
311 2504 391 2555 ipse
419 2504 475 2541 sui
503 2505 778 2542 accusationem
808 2505 1032 2552 institueret,
1060 2519 1143 2544 eum
1171 2508 1426 2547 amantissime
1455 2511 1602 2562 excipe-

68 2572 136 2607 ret.
192 2569 405 2606 Procurrite
433 2574 468 2606 et
497 2581 561 2606 vos
588 2569 723 2607 animis
751 2583 794 2607 ac
819 2570 915 2608 votis
945 2571 1078 2609 vestris
1106 2571 1143 2609 in
1174 2584 1371 2611 occursum
1400 2575 1511 2614 huius
1539 2577 1603 2624 N.,

67 2637 109 2671 ut
137 2634 243 2671 illum
270 2633 420 2684 publica
450 2638 570 2671 vestra
599 2634 766 2672 omnium
794 2636 1048 2684 gratulatione
1077 2636 1115 2674 in
1145 2641 1289 2675 coetum
1317 2652 1446 2678 rursus
1469 2641 1603 2680 frater·

66 2698 195 2736 nitatis
225 2702 368 2736 vestrae
396 2698 568 2736 reducem
598 2700 809 2738 assumatis.
853 2701 1003 2739 Proruit
1031 2701 1069 2738 in
1099 2702 1292 2753 amplexus
1320 2705 1389 2742 filii
1417 2706 1474 2743 sui
1502 2707 1602 2745 illius

64 2767 178 2813 pater
234 2763 503 2800 Contestemini
541 2766 576 2800 et
613 2776 677 2801 vos
706 2764 861 2802 eundem
891 2764 1060 2803 affectum
1101 2769 1262 2804 vestrum
1292 2781 1379 2817 erga
1407 2770 1600 2820 poeniten·

94 2856 134 2928 ¹)
159 2889 236 2922 Luc
261 2890 310 2923 15
