1830 3147
803 139 870 179 723
1321 137 1387 184 [A.
1410 136 1458 172 D.
1483 134 1597 182 1556]

68 251 113 290 ab
148 251 296 288 invicem
328 250 475 298 amplius
507 249 701 297 separative
736 249 845 297 possit
882 251 1022 296 propter
1057 244 1269 294 personalem
1303 244 1397 280 illam
1423 243 1598 280 unionem.

107 313 145 358 s
194 312 281 348 Post
324 314 537 347 mortuorum
574 309 860 346 resurrectionem
892 308 1026 355 nullum
1063 307 1204 343 omnino
1239 306 1306 342 loci
1343 305 1446 341 ullius
1470 303 1596 340 discri-

72 386 148 410 men
175 374 246 410 sore
270 373 362 409 inter
385 384 456 414 eos,
479 372 538 419 qui
563 375 645 408 sunt
671 371 725 407 vel
749 370 909 407 servandi
935 369 990 406 vel
1016 360 1211 405 damnandi.

117 435 214 470 Haec
247 434 329 470 mihi
359 433 408 469 ita
439 433 626 474 audivisse,
651 433 685 468 ni
724 432 835 473 fallor,
862 443 903 469 ex
929 434 964 467 te
990 429 1121 470 videor,
1146 431 1196 466 vir
1220 427 1537 476 praestantissime!
1562 427 1597 462 in

69 495 205 541 quibus,
230 495 260 530 si
285 505 360 529 mea
385 505 438 529 me
464 493 626 529 memoria
653 492 764 535 fallat,
793 492 870 540 plus
896 491 982 528 satis
1005 491 1133 539 alioqui
1157 489 1284 525 labilis!
1313 492 1347 524 tc
1375 500 1445 529 oro,
1466 499 1508 523 ne
1521 499 1597 534 gra·

71 556 170 597 veris,
203 554 297 590 illam
323 558 385 590 tuo
409 554 516 600 ipsius
543 554 743 590 testimonio
771 553 953 589 sublevare
988 555 1023 588 et
1050 553 1169 598 paucis
1196 550 1358 591 indicare,
1382 548 1491 585 sicubi
1516 547 1599 596 quid

72 615 239 652 excidisse
266 619 378 662 pules.
401 615 492 652 Fieri
518 616 607 651 enim
635 619 763 662 potest,
787 618 828 650 ut
854 613 908 649 vel
935 616 971 648 te
997 624 1065 648 non
1091 611 1320 647 intellexerim
1346 615 1436 647 recte
1449 609 1505 645 vel
1530 621 1599 644 non

71 677 156 712 satis
193 678 344 712 omnium
384 677 607 718 meminerim,
647 676 848 723 praesertim
885 686 961 710 cum
995 686 1036 709 ea
1070 672 1150 708 mihi
1182 672 1345 718 dogmata
1370 673 1506 707 insueta
1529 670 1602 706 sint

71 748 220 783 prorsus,
253 740 293 772 ut
325 737 408 779 dixi,
442 740 479 772 et
513 749 686 784 nunquam
722 736 889 772 hactenus
915 734 1109 770 observata.
1163 732 1283 779 Neque
1309 743 1391 767 vero
1417 731 1449 767 id
1476 731 1538 767 abs
1565 734 1599 766 te

72 800 152 844 peto
176 797 248 833 ullo
275 810 356 833 sane
382 797 543 844 captandi
567 798 750 845 quicquam
776 796 993 843 sugilandive
1018 794 1136 830 studio
1153 815 1196 819 -—
1213 792 1248 828 id
1265 792 1420 840 equidem
1442 793 1504 827 tibi
1522 803 1601 827 vere

71 858 259 894 affirmo—
276 858 335 894 scd
361 859 484 894 vellem
513 870 553 893 ca
579 870 710 893 mecum
736 858 849 893 omnia
875 868 934 903 per
960 856 1069 891 otium
1095 854 1289 891 accuratius
1310 853 1412 899 paulo
1430 857 1601 899 reputare,

71 924 108 955 et
139 919 263 955 deinde
301 931 360 966 per
395 918 514 954 literas
549 922 664 955 tecum
705 920 852 954 fraterne
876 917 919 953 de
943 916 1102 953 omnibus
1127 927 1241 962 agere,
1269 915 1296 949 si
1323 926 1391 962 quo
1417 913 1519 949 modo
1544 912 1603 949 det

79 981 182 1022 Deus,
219 983 259 1015 ut
293 992 410 1016 omnes
435 979 524 1016 idem
551 979 656 1015 semel
695 978 883 1026 aliquando
917 990 978 1024 per
1011 977 1085 1013 eius
1121 976 1268 1023 gratiam
1293 978 1329 1010 et
1354 975 1544 1010 sentiamus
1570 978 1606 1010 et

72 1042 263 1089 loquamur.

122 1102 226 1138 Nunc
251 1102 285 1138 id
301 1105 439 1138 tantum
465 1114 526 1137 oro
542 1122 580 1128 -—
598 1101 632 1137 id
650 1100 742 1149 quod
760 1103 863 1136 antea
879 1101 983 1136 etiam
1001 1099 1071 1134 dixi
1090 1120 1128 1125 —
1145 1100 1186 1134 ut
1202 1100 1264 1134 aut
1277 1100 1414 1133 nostrae
1430 1096 1607 1133 doctrinae

72 1162 201 1209 aliquid
227 1162 355 1198 diserte
381 1165 587 1209 opponatur.
613 1162 686 1197 sive
711 1174 751 1196 ex
779 1162 984 1207 Augustana
1010 1160 1245 1199 Confessiouc,
1269 1160 1343 1194 sive
1369 1170 1411 1193 ex
1425 1158 1497 1193 eius
1516 1158 1610 1204 Apo·

75 1223 177 1268 logia,
205 1223 276 1258 sive
303 1223 384 1258 item
412 1235 454 1258 ex
480 1222 568 1258 aclis
595 1221 923 1268 Ratisponensibus,
949 1221 1010 1254 aut
1034 1231 1077 1254 ne
1103 1222 1238 1266 praeter
1263 1224 1418 1253 nostrum
1449 1218 1607 1253 meritum

72 1283 232 1319 doctrina
258 1287 378 1319 nostra
405 1296 445 1319 ea
483 1283 676 1330 suspicione
709 1294 749 1318 ac
788 1281 919 1318 invidia
944 1284 1118 1327 gravetur,
1144 1280 1241 1328 quasi
1267 1279 1495 1325 Augustanae
1520 1278 1612 1314 Con-

72 1344 218 1380 fessioni
244 1344 385 1379 omnino
419 1346 601 1390 repugnet,
638 1355 714 1377 narn
751 1343 918 1378 hactenus
955 1340 1040 1376 nihil
1067 1339 1264 1376 huiusmodi
1290 1339 1389 1376 nobis
1414 1339 1611 1386 oppositum

73 1417 149 1441 esse
174 1405 343 1441 videmus.
392 1404 615 1452 Stutgardiae
642 1405 685 1439 23
714 1404 800 1440 Maii
825 1403 918 1438 1556
943 1405 987 1443 6).

122 1527 145 1565 ¹)
171 1525 252 1557 Cum
285 1525 419 1558 Brentio
442 1526 661 1568 Stuttgardiae
684 1526 742 1558 sub
764 1526 866 1569 ipsius
889 1526 1054 1568 Principis
1078 1526 1230 1569 auspiciis
1253 1527 1362 1558 noster
1385 1525 1423 1557 de
1453 1526 1485 1557 S.
1509 1524 1616 1557 Coena

79 1581 268 1624 disputavit.
290 1582 371 1612 Acta
393 1581 488 1613 huius
511 1582 664 1623 colloquii
687 1593 790 1624 nuper
810 1581 844 1613 in
870 1582 963 1613 Arch.
986 1582 1131 1624 Regiom.
1154 1584 1282 1624 reperta
1304 1582 1389 1612 hanc
1414 1591 1540 1623 quoque
1564 1592 1615 1623 ep.

75 1634 240 1666 exhibent.
284 1634 312 1673 ²)
340 1634 448 1665 Gran.
473 1633 583 1665 omisit
607 1644 678 1665 non.
723 1634 750 1673 ³)
774 1634 822 1666 lb.
845 1634 905 1666 hic.
948 1634 976 1673 ⁴)
999 1634 1048 1666 Ib.
1071 1633 1293 1666 controversia.
1337 1634 1364 1673 ⁵)
1388 1633 1435 1665 Ib.
1459 1643 1613 1665 revocare.

76 1690 104 1730 ὓ)
129 1691 285 1733 Respons.
311 1689 436 1721 Brentii
461 1689 526 1721 dat.
550 1691 598 1721 est
620 1689 660 1720 24
682 1689 764 1720 Maii
788 1689 880 1721 1556.

341 1807 346 1813 ‚
370 1808 374 1812 .
397 1809 411 1812 ..
429 1810 451 1811 11
466 1810 471 1812 ,
486 1810 629 1813 ῙΫ-ὝΫ.,

77 1895 139 1932 N⁰.
166 1897 251 1932 118.
686 1895 793 1942 [Apogr.
811 1897 833 1929 in
851 1897 920 1931 Arch.
932 1897 998 1931 Secr.
1011 1906 1063 1937 reg.
1079 1897 1188 1937 nogium.
1200 1897 1225 1932 L.
1234 1906 1258 1938 p.
1269 1897 1308 1931 24.
1327 1898 1468 1931 lleiners.
1486 1907 1510 1931 o.
1523 1896 1541 1932 l.
1553 1896 1612 1932 6:32,

723 1958 809 1993 (ἔοι-(Ι.
831 1968 854 1992 ο.
874 1957 892 1992 l.
909 1952 957 1992 llb.
973 1956 1047 2002 734]

693 2075 751 2112 Ad
775 2077 1000 2114 BRENTIUM.

126 2197 164 2233 S.
190 2197 225 2233 in
252 2197 411 2235 Domino.
439 2197 658 2233 Sententiam
684 2197 820 2245 quidem
848 2197 1026 2233 doctrinae
1047 2199 1139 2237 tuae,
1165 2196 1216 2232 vir
1236 2196 1549 2242 praestantissime!
1575 2196 1609 2232 in

80 2261 198 2293 nostra
235 2257 470 2293 controversia
504 2257 636 2299 audivi.
674 2263 710 2293 et
734 2258 869 2305 quidem
897 2269 966 2293 non
989 2257 1064 2292 sine
1090 2255 1328 2297 admiratione,
1356 2261 1394 2292 ut
1418 2269 1534 2292 verum
1562 2258 1609 2292 sa·

80 2323 171 2353 tear:
204 2318 320 2353 audivi
353 2319 446 2359 item,
477 2329 564 2365 quae
599 2317 641 2352 de
675 2317 911 2353 Confessionis
949 2317 1180 2364 Augustanae
1214 2318 1387 2352 sententia
1419 2317 1610 2360 adserebas.

79 2377 148 2414 Sed
172 2390 287 2414 eorum
314 2391 404 2426 quae
441 2378 580 2415 dicebas
615 2380 727 2415 fontes
753 2379 786 2414 in
813 2380 1024 2425 Augustana
1049 2390 1113 2425 ego
1138 2378 1375 2418 Consessionc.
1410 2391 1428 2413 a
1453 2391 1520 2425 qua
1546 2391 1609 2414 nos

80 2438 261 2474 dissentire
298 2443 414 2486 putas,
443 2451 613 2486 nusquam
641 2440 784 2486 reperio,
822 2443 858 2474 et
883 2438 1026 2485 proinde
1052 2438 1130 2474 illos
1157 2438 1237 2474 mihi
1263 2437 1348 2474 locis
1373 2439 1455 2485 ipsis
1481 2438 1610 2486 alioqui

79 2499 239 2535 indicatis
263 2500 367 2546 cupio
391 2500 662 2536 commonstrari.
711 2499 764 2535 De
798 2498 974 2536 doctrinae
1008 2499 1096 2534 enim
1130 2503 1209 2535 tuae
1243 2499 1415 2535 sententia
1451 2499 1550 2536 nobis
1575 2501 1609 2536 in

80 2561 271 2606 praesentia
297 2572 349 2595 res
375 2573 444 2595 non
470 2565 534 2601 cst,
559 2571 600 2596 ac
625 2560 911 2608 quemadmodum
945 2563 1119 2596 certamen
1154 2572 1215 2607 pro
1247 2559 1305 2596 illa
1340 2560 1526 2603 detrectas,
1562 2562 1612 2597 ita

78 2624 114 2655 et
151 2632 215 2667 ego
251 2620 337 2656 illud
363 2633 432 2657 non
465 2624 601 2667 expeto,
626 2623 694 2657 imo
728 2625 763 2657 et
797 2633 918 2657 causas
962 2633 1133 2662 recenseo,
1173 2632 1234 2656 cur
1268 2621 1303 2655 in
1340 2619 1405 2656 hoc
1437 2624 1612 2658 certamen

80 2681 290 2717 descendere
314 2694 404 2718 nuuc
431 2682 512 2718 mihi
538 2681 798 2730 haudquaquam
826 2683 994 2729 integrum
1022 2694 1097 2718 esse
1123 2685 1252 2729 putem.

127 2742 322 2783 Caeterum.
358 2743 438 2790 quia
471 2755 534 2779 nos
571 2756 589 2778 a
626 2743 854 2779 Consessionc
877 2744 1086 2790 Augustana
1111 2742 1294 2778 dissentire
1320 2742 1465 2778 affirmas
1490 2746 1525 2778 et
1549 2742 1614 2780 hoc

82 2805 143 2837 tuo
178 2803 384 2850 praeiudicio
418 2815 555 2839 causam
594 2807 788 2839 nostrarum
816 2803 1045 2840 Ecclesiarum
1074 2815 1141 2839 non
1184 2803 1307 2838 leviter
1331 2815 1453 2850 gravas
1479 2807 1515 2839 et
1539 2806 1615 2851 qui·

81 2861 158 2898 dem
190 2867 325 2910 praeter
361 2876 460 2899 omne
495 2867 649 2899 nostrum
688 2865 859 2903 meritum.
899 2867 936 2899 nt
972 2876 1159 2910 speramus,
1192 2868 1276 2910 puto
1310 2863 1465 2911 equidem
1499 2864 1536 2899 et
1562 2877 1614 2900 me

79 2935 223 2972 aequum
248 2925 309 2961 abs
346 2928 380 2961 te
416 2925 589 2972 postulare
616 2925 651 2961 et
687 2928 722 2961 te
755 2926 857 2961 ctiam
886 2925 918 2960 id
944 2937 1101 2961 recusare
1127 2937 1201 2960 mco
1228 2924 1365 2972 quidem
1392 2923 1518 2962 indicio
1544 2938 1612 2961 non

1384 2986 1463 3020 46*
