1830 3147
60 694 171 726 Roma.
195 693 224 728 7.

58 1405 160 1437 Math.
185 1406 236 1439 22.

57 1449 133 1479 Luc.
159 1449 208 1480 10.

55 1490 151 1521 Dent.
176 1493 204 1523 5,

54 1533 132 1564 Luc.
157 1534 185 1565 ἴ).

53 1575 166 1607 Roma.
191 1577 240 1614 13,

55 1617 143 1648 Gala.
169 1620 197 1649 5.

53 1659 158 1692 Math.
181 1661 210 1693 Τ.

56 1990 131 2023 Luc.
157 1990 205 2023 10.

56 2034 133 2064 Luc.
158 2035 186 2064 6.

59 2075 147 2108 Gala.
172 2077 198 2114 5,
224 2075 253 2108 6.

54 2584 131 2616 Luc.
155 2584 184 2616 6.

54 2627 149 2667 Esay.
173 2626 221 2658 56.

55 2668 143 2700 Gala.
168 2670 196 2700 6.

51 2711 71 2741 2
96 2711 170 2743 Cor.
194 2712 224 2744 8.

54 2754 69 2783 1
97 2754 202 2784 Timo.
225 2753 254 2784 5.

53 2795 122 2827 Gal.
146 2797 174 2828 6.

51 2839 144 2870 Actu.
168 2839 200 2869 4.

48 2879 178 2925 Ephesi.
202 2881 230 2910 l.

347 131 419 166 388
825 136 1002 165 carnea,
1037 137 1153 166 EcoL.
1180 137 1298 167 noun.

345 240 446 291 quod
495 239 564 277 Dei
609 239 793 277 voluntati
842 243 898 278 est
933 243 1244 281 consentaneum.
1300 241 1476 294 Namque
1512 242 1553 281 in
1594 243 1773 283 omnibus

345 306 457 343 rebus
492 309 570 343 tam
597 305 784 356 perfectos
813 307 963 356 oportet
992 318 1062 343 nos
1091 319 1182 353 esse,
1210 319 1323 358 quam
1351 307 1539 355 Adamus,
1565 312 1773 360 antequam

345 371 414 409 Dei
431 370 652 409 mandatum
671 370 860 417 violasset,
876 371 970 422 quin
986 371 1062 409 imo
1080 375 1157 410 tam
1179 373 1370 421 coelestes,
1391 386 1504 425 quam
1525 374 1665 425 Angeli
1687 374 1770 414 Dei.

936 501 1076 540 Interr.
1107 504 1169 544 73.

398 566 604 607 Quomodo
631 566 704 604 hoc
732 566 950 605 mandatum
980 567 1174 605 violatur?

998 632 1111 683 Resp.

399 697 530 737 Quum
565 711 701 749 pravas
736 697 920 749 quasdam
960 697 1186 748 cupiditates
1223 701 1261 736 et
1287 698 1558 750 propensiones
1587 699 1769 738 habemus

345 776 475 802 versus
513 776 568 808 ea,
604 775 699 813 quae
739 775 824 800 cum
860 761 932 800 Dei
970 762 1166 800 voluntate
1202 775 1280 800 non
1310 763 1553 807 conveniunt,
1579 768 1616 802 et
1642 764 1768 802 animo

344 828 489 880 aliquid
534 827 720 866 volvimus
766 831 831 866 aut
878 827 1103 878 suscipimus
1152 828 1542 880 (quantulumcunque
1577 829 1626 868 sit
1662 830 1769 878 (27¹³)

344 906 532 945 quamque
566 893 793 943 necopinato
831 891 1110 943 subiens)quod
1151 905 1235 930 cum
1264 892 1335 930 Dei
1371 893 1535 944 puritate
1562 897 1597 931 et
1626 893 1769 932 sancti-

344 962 421 996 tate
459 957 666 996 consistere
694 957 839 1008 nequit.
896 957 1040 1003 Quare,
1069 956 1099 994 si
1130 957 1205 995 tale
1233 957 1325 1008 quid
1353 957 1465 995 nobis
1493 957 1656 996 subiisse
1682 971 1767 1010 per-

344 1027 514 1074 spectum
548 1022 859 1073 intellectumque
896 1021 1009 1059 nobis
1047 1022 1107 1068 sit,
1145 1035 1223 1060 non
1259 1022 1520 1061 dubitabimus
1553 1036 1573 1060 a
1611 1022 1691 1061 Deo
1726 1023 1766 1061 in

344 1087 417 1125 hoc
444 1090 643 1139 praecepto
673 1087 893 1125 damnatum
921 1086 959 1124 id
988 1099 1080 1124 esse.

940 1151 1080 1191 Interr.
1111 1152 1170 1192 74.

396 1217 536 1256 Nonne
565 1217 654 1255 licet
682 1217 775 1255 haec
804 1216 875 1254 Dei
902 1220 1099 1267 praecepta
1131 1215 1353 1267 compendio
1383 1215 1724 1268 comprehendere?

997 1346 1110 1396 Resp.

396 1411 578 1458 Omnino,
607 1410 806 1449 nimirum:
836 1409 981 1459 Diliges
1010 1410 1130 1448 Deum
1158 1408 1365 1447 Dominum
1394 1413 1500 1448 tuum
1529 1413 1611 1447 toto
1640 1409 1764 1456 corde,

343 1482 422 1515 tota
450 1477 587 1523 anima,
615 1480 695 1514 toto
724 1480 874 1527 pectore
902 1480 937 1512 et
965 1475 1055 1513 totis
1073 1474 1229 1513 viribus.
1259 1473 1405 1524 Diliges
1424 1474 1637 1525 proximum
1656 1479 1763 1513 tuum

344 1543 441 1580 sicut
469 1542 641 1592 teipsum.
672 1541 811 1579 Omnia
840 1553 1085 1591 quaecunque
1114 1539 1240 1585 vultis,
1268 1543 1310 1576 ut
1340 1539 1482 1578 faciant
1511 1539 1618 1577 vobis
1640 1539 1762 1578 homi-

343 1621 409 1645 nes
447 1611 482 1645 et
522 1619 587 1644 vos
622 1606 734 1643 facite
763 1605 852 1644 illis.
882 1604 1000 1642 Hisce
1029 1603 1156 1642 omnia
1186 1603 1255 1641 Dei
1284 1605 1388 1652 (28³)
1415 1609 1611 1656 praecepta
1640 1605 1762 1643 conti-

344 1677 494 1716 nentur,
522 1671 598 1709 imo
626 1675 707 1710 tota
735 1670 796 1709 lex
823 1673 859 1708 et
886 1669 1104 1720 prophetae.

929 1799 1070 1837 Interr.
1103 1800 1163 1838 75.

395 1866 469 1905 Sed
497 1867 584 1918 quis
612 1865 810 1917 proximus
839 1868 968 1903 noster
996 1864 1081 1902 est?

997 1928 1112 1979 Resp.

394 1995 536 2034 Omnes
573 1994 735 2047 quilibet
773 1993 959 2039 homines,
997 1992 1074 2030 sive
1111 1991 1223 2030 amici
1262 1991 1340 2029 sive
1375 1990 1520 2029 inimici
1556 1990 1637 2029 sine
1678 1991 1757 2029 ullo

342 2060 571 2105 discrimine,
608 2059 673 2110 qui
710 2058 808 2110 apud
845 2070 915 2095 nos
952 2057 1083 2094 vivunt
1119 2069 1163 2094 ac
1191 2055 1378 2103 habitant,
1404 2056 1463 2094 vel
1491 2055 1563 2093 alio
1593 2055 1757 2107 quodam

341 2125 454 2163 modo
491 2138 513 2162 a
549 2123 714 2161 Domino
752 2122 864 2161 nobis
902 2121 1159 2171 adiunguntur
1194 2124 1230 2158 et
1267 2133 1336 2158 nos
1364 2119 1592 2167 desiderant,
1619 2120 1758 2171 quibus

340 2190 517 2228 omnibus
544 2202 613 2241 pro
642 2187 743 2227 virili
770 2191 898 2226 nostra
927 2186 1143 2233 serviemusz
1170 2185 1442 2236 opitulabimur
1461 2190 1497 2223 et
1516 2185 1754 2224 adsistemus.

929 2317 1066 2355 Interr.
1098 2317 1182 2362 76„

392 2387 454 2425 An
481 2386 596 2436 igitur
625 2384 704 2422 sine
733 2381 948 2420 discrimine
976 2381 1153 2419 omnibus
1180 2379 1319 2431 pariter
1347 2380 1442 2418 bene
1470 2379 1677 2418 faciemus?

995 2446 1108 2497 Resp.

393 2515 572 2562 Omnino,
603 2514 690 2552 dum
718 2514 823 2562 (28¹³)
849 2516 967 2563 potes,
998 2509 1199 2561 unicuique
1228 2508 1439 2548 subvenies.
1485 2507 1600 2547 Quod
1627 2512 1752 2547 tamen

340 2580 371 2619 si
407 2579 591 2632 praestari
626 2592 646 2617 a
681 2582 718 2616 te
758 2577 900 2627 nequit,
938 2588 1002 2613 cor
1039 2574 1289 2612 nihilominus
1326 2572 1504 2611 omnibus
1531 2572 1689 2623 patebit,
1715 2577 1751 2611 et

340 2646 627 2697 quibuscunque
653 2643 731 2681 ullo
748 2642 861 2679 modo
892 2653 1014 2678 carere
1040 2639 1164 2691 possis
1183 2639 1223 2677 in
1242 2638 1381 2688 frugali
1400 2642 1464 2676 tua
1483 2642 1518 2675 et
1539 2637 1752 2676 Christiana

340 2710 626 2755 sustentatione,
661 2708 701 2745 in
738 2707 841 2744 hisce
879 2703 1150 2742 distribuendis
1189 2704 1284 2741 hanc
1321 2702 1466 2740 tenebis
1495 2702 1591 2740 viam
1629 2706 1665 2740 et
1693 2702 1750 2739 di-

339 2774 594 2820 stinctionem,
621 2785 716 2824 quae
743 2772 782 2809 in
811 2769 1015 2820 Scripturis
1044 2768 1259 2814 adnotatur,
1286 2767 1418 2817 nempe
1445 2770 1486 2804 ut
1515 2766 1666 2804 dilectio
1687 2772 1750 2805 tua

337 2838 377 2876 in
413 2837 545 2889 primis
581 2836 754 2887 propriae
790 2832 953 2872 familiae
988 2835 1075 2870 tuae
1104 2835 1295 2878 voveatur,
1325 2834 1363 2867 ut
1391 2834 1427 2868 et
1454 2829 1584 2868 amicis
1611 2831 1687 2869 tuis
1716 2835 1751 2868 et

338 2902 511 2942 affinibus
538 2905 574 2940 et
605 2899 820 2939 domesticis
849 2897 949 2936 fidei.
