1830 3147
192 79 257 127 [A.
281 78 328 116 D.
353 77 465 125 1544]
924 75 993 111 584

197 198 336 223 manere
361 184 464 221 malle
490 183 692 227 affirmabat,
717 186 826 230 atque
852 184 904 219 ita
929 195 994 230 ego
1020 186 1098 220 tum
1124 185 1223 233 [vos]
1250 184 1390 232 reliqui,
1415 187 1525 233 atque
1550 187 1587 223 in
1612 187 1730 225 eadem

199 259 279 283 cum
305 247 392 294 ipso,
419 248 462 281 ut
487 257 611 281 verum
637 243 759 287 fatear,
785 244 963 280 sententia
990 256 1134 292 quoque
1161 245 1223 281 fui.

246 307 346 344 Nihil
380 310 499 343 tamen
532 305 668 348 dubito,
695 304 781 352 quin
806 305 973 341 Erasmus
999 305 1210 350 hauddubie,
1236 306 1266 343 si
1292 319 1387 343 nunc
1413 307 1561 352 viveret,
1587 310 1734 356 aequior

200 369 314 406 multo
345 368 446 405 nobis
480 367 624 403 futurus
657 369 760 403 esset.
810 366 878 402 Sed
904 366 1008 403 habet
1033 367 1186 414 quisque
1211 367 1384 404 donorum
1410 381 1555 405 suorum
1580 370 1735 415 modum,

201 434 244 466 ut
282 443 353 466 non
386 429 562 477 possimus
600 427 733 474 ubique
767 427 897 470 omnia,
934 431 971 463 et
1004 428 1118 463 multa
1149 428 1262 464 adhuc
1295 441 1477 476 superesse
1509 434 1610 477 puto,
1645 443 1737 478 quae

202 503 296 527 nunc
331 490 437 526 etiam
473 491 686 536 ignoramus.
736 487 912 524 Nostrum
938 491 1004 531 est,
1037 487 1079 523 de
1105 488 1148 524 iis
1173 488 1274 524 nobis
1300 489 1484 536 gratulari,
1522 503 1613 538 quae
1639 491 1737 527 Deus

203 553 310 599 prout
344 550 425 586 vult
457 550 558 585 iuxta
589 549 671 585 fidei
703 551 846 584 nostrae
876 560 1076 584 mensuram
1113 549 1273 586 conferre
1298 550 1335 586 in
1361 563 1425 586 nos
1451 551 1629 598 dignatur.
1679 552 1739 588 Ita

203 616 239 649 et
264 612 307 648 de
332 611 470 648 Erasmi
501 610 614 654 donis,
649 623 740 657 quae
766 622 849 646 sane
874 613 911 646 et
936 609 1086 657 plurima
1112 613 1148 647 et
1173 611 1324 647 maxima
1350 612 1458 649 fuisse
1483 625 1611 660 negare
1636 627 1737 650 nemo

203 675 335 721 potest,
372 671 544 719 gratulari
580 671 681 707 nobis
714 670 841 706 merito
879 671 1067 717 Deumque
1103 671 1140 706 in
1165 670 1235 707 illis
1261 684 1447 718 agnoscere
1472 673 1649 710 debemus.
1700 674 1736 710 Si

206 734 293 781 quid
318 737 438 769 autem
462 732 612 780 amplius
638 745 702 768 nos
728 732 880 768 assecuti
906 731 1007 768 nobis
1026 730 1197 776 videmur,
1215 732 1250 768 id
1269 746 1411 780 quoque
1428 747 1448 770 a
1466 734 1618 771 Domino
1636 734 1740 771 nobis

204 796 375 832 donatum
402 807 477 831 esse
502 794 699 840 cogitemus
717 794 760 840 3),

251 854 354 900 Quod
380 853 423 889 ad
449 853 544 889 illius
571 853 737 901 epistolas
763 851 807 888 ad
831 864 885 888 me
910 852 1009 888 datas
1035 853 1178 896 attinet,
1206 854 1319 890 fateor
1337 853 1437 890 illum
1455 854 1563 891 libere
1577 869 1739 892 nonnun-

205 930 311 964 quam
337 916 450 952 multa
474 915 517 951 ad
547 928 602 951 me
635 914 815 962 scripsisse
839 934 886 941 -—
912 919 954 949 tu
979 913 1071 949 enim
1097 914 1170 960 ipse
1195 915 1298 950 testis
1325 928 1372 959 es,
1398 919 1441 951 ut
1466 929 1520 952 me
1545 918 1670 952 amarit
1694 936 1742 944 -—-

203 990 243 1013 ae
271 977 324 1013 tui
350 989 493 1023 quoque
518 989 590 1012 non
615 988 693 1011 raro
720 975 929 1017 meminisse,
956 974 1017 1010 sed
1042 974 1191 1020 putabat
1217 976 1371 1020 omnino,
1397 981 1433 1012 te
1458 980 1583 1013 autore
1607 977 1642 1013 id
1655 978 1742 1023 fieri,

205 1041 249 1074 ut
282 1038 375 1073 idem
410 1050 488 1073 cum
523 1036 792 1084 Oecolampadio
827 1038 958 1072 sentire
983 1036 1169 1072 diceretur.
1219 1037 1345 1084 Neque
1372 1051 1454 1074 vero
1480 1039 1515 1074 id
1541 1042 1611 1074 tam
1637 1052 1744 1085 grave

206 1102 295 1143 erat,
331 1111 437 1146 quam
472 1098 532 1134 ille
562 1110 669 1145 grave
703 1096 814 1132 videri
848 1096 1000 1140 volebat,
1028 1096 1088 1132 sed
1114 1096 1178 1132 hoc
1204 1097 1264 1133 ille
1290 1097 1393 1134 rebus
1420 1099 1493 1134 suis
1519 1100 1742 1135 vehementer

207 1160 353 1196 noxium
380 1173 454 1196 esse
492 1159 642 1206 putabat
677 1161 713 1194 et
738 1157 879 1193 nolebat
904 1160 1083 1205 praeterea
1108 1170 1234 1193 nomen
1260 1171 1364 1194 suum
1390 1160 1451 1195 hac
1478 1159 1641 1206 opinione
1666 1173 1742 1207 gra-

207 1223 293 1258 vari.
345 1221 482 1257 Deinde
514 1220 662 1256 habebat
695 1219 855 1255 fortassis
889 1219 1116 1265 instigatores
1143 1232 1239 1264 suos,
1277 1220 1406 1266 quibus
1433 1221 1467 1256 id
1493 1222 1611 1267 potius
1638 1234 1743 1268 quam

207 1283 352 1319 Erasmo
380 1282 446 1329 ipsi
472 1281 716 1329 imputandum
742 1293 817 1316 esse
842 1292 977 1315 censeo.
1019 1279 1124 1326 Apud
1150 1292 1204 1315 1116
1231 1293 1301 1316 11011
1328 1284 1392 1324 est,
1419 1284 1462 1316 ut
1488 1285 1523 1317 te
1548 1281 1631 1317 ullis
1657 1282 1742 1318 libe-

206 1356 261 1379 res
299 1343 568 1391 suspicionibus,
602 1354 713 1382 (11111111
748 1341 785 1376 111
820 1339 935 1376 11111135
960 1352 1116 1386 unquam
1144 1341 1291 1384 veneris,
1318 1342 1405 1388 quin
1430 1343 1550 1389 potius
1577 1342 1641 1378 tibi
1667 1356 1743 1390 per-

205 1406 364 1449 suadeas,
407 1408 443 1441 te
480 1404 601 1440 eodem
636 1415 779 1450 prorsus
813 1401 906 1449 apud
939 1413 994 1436 me
1027 1400 1104 1436 1000
1146 1401 1229 1444 fore,
1268 1415 1339 1449 quo
1373 1406 1408 1438 et
1441 1403 1598 1439 Basileae
1630 1403 1743 1447 suisti,

208 1467 240 1504 11.
273 1480 303 1503 6.
341 1467 450 1514 patris
482 1466 572 1510 loco,
603 1467 832 1513 posteaquam
868 1466 905 1498 te
937 1462 1022 1498 mihi
1058 1461 1232 1499 Dominus
1270 1465 1497 1512 superstitem
1530 1465 1642 1501 adhuc
1674 1478 1744 1501 ser-

210 1529 323 1565 vavit.

259 1588 435 1626 Ecclesiae
474 1589 612 1623 vestrae
637 1586 680 1622 de
706 1588 808 1623 tanto
834 1586 1016 1623 doctrinae
1040 1599 1214 1623 consensu
1239 1585 1409 1633 gratulor.
1442 1586 1746 1623 Caeremoniarum

212 1651 356 1688 candem
383 1650 529 1686 formam
567 1662 640 1685 non
672 1661 881 1696 magnopere
913 1649 1067 1695 requiro,
1109 1661 1153 1684 ne
1187 1661 1327 1684 rursum
1360 1647 1403 1684 ad
1437 1661 1569 1684 novum
1593 1649 1746 1696 aliquem

211 1712 485 1749 Pharisaismum
512 1709 646 1758 posteri
671 1710 786 1745 nostri
812 1710 916 1745 anxia
941 1710 1238 1746 caeremoniarum
1263 1709 1508 1746 observatione
1525 1709 1747 1746 delabantur.

212 1773 308 1819 Quin
334 1773 452 1819 potius
478 1770 686 1807 concordem
711 1770 865 1817 aliquam
890 1770 1029 1806 illarum
1056 1771 1264 1806 varietatem
1290 1769 1434 1805 retineri
1458 1769 1607 1813 mallem,
1626 1773 1668 1806 ut
1686 1771 1745 1806 ho-

213 1835 324 1871 mines
350 1832 554 1879 intelligant
579 1831 800 1878 Religionem
818 1844 887 1867 non
906 1831 1201 1868 caeremoniarum
1219 1843 1289 1866 una
1306 1833 1416 1878 atque
1432 1830 1550 1866 eadem
1569 1831 1668 1875 facie,
1687 1831 1746 1867 sed

213 1895 334 1931 studio
362 1893 505 1941 pietatis
530 1894 703 1928 constare.
745 1892 822 1939 Ego
849 1892 902 1929 1116
929 1892 1043 1928 nullas
1069 1898 1182 1929 certas
1208 1891 1504 1928 caeremoniarum
1529 1891 1625 1938 leges
1651 1905 1747 1940 prae-

214 1956 340 1999 scribo,
368 1967 456 2002 quas
482 1953 645 2001 equidem
670 1966 732 2001 pro
759 1956 956 2001 temporum
982 1955 1119 1990 ratione
1144 1953 1275 1989 mutari
1300 1956 1463 2001 oportere
1488 1965 1624 2001 semper
1647 1956 1749 2001 puto.

216 2017 315 2054 Illud
346 2018 488 2052 tantum
519 2027 597 2061 ago,
633 2019 677 2050 ut
707 2014 839 2050 abolita
871 2015 1136 2062 superstitione,
1163 2020 1199 2050 et
1224 2013 1406 2061 impietate
1431 2013 1620 2061 Papistica,
1646 2026 1752 2062 puras

217 2078 432 2124 minimeque
466 2088 629 2123 operosas
668 2075 895 2111 caerimonias
926 2075 1125 2111 habeamus.
1176 2075 1326 2111 Caenam
1358 2074 1417 2110 alii
1453 2074 1592 2118 stando,
1623 2074 1684 2110 alii
1707 2075 1751 2111 ad

218 2153 355 2178 mensas
381 2138 615 2176 accumbendo
642 2141 795 2182 sumant,
821 2138 879 2174 alii
904 2138 942 2174 in
967 2151 1098 2186 azymo,
1125 2138 1184 2174 alii
1210 2138 1246 2173 in
1271 2137 1400 2173 cibario
1425 2149 1525 2184 pane,
1552 2139 1594 2172 ut
1611 2139 1752 2172 constet

217 2215 281 2239 sua
319 2201 476 2238 libertati
502 2200 605 2237 ratio.
654 2201 722 2236 Sed
755 2200 936 2236 doctrinae
960 2212 1170 2236 consensum
1196 2199 1308 2235 modis
1334 2198 1496 2235 omnibus
1522 2210 1690 2244 urgemus
1716 2201 1753 2234 et

218 2265 262 2301 de
288 2263 473 2311 disciplina
498 2261 717 2298 instituenda
741 2262 950 2308 cogitamus,
982 2261 1064 2297 Alia
1089 2263 1212 2297 nostra
1237 2273 1280 2297 ex
1304 2259 1419 2296 literis
1444 2259 1486 2295 ad
1506 2259 1752 2305 Bullingerum

219 2325 312 2361 datis
348 2335 548 2371 cognosces
600 2322 728 2370 Scripsi
759 2335 872 2370 nuper
903 2322 1100 2369 Epistolam
1133 2322 1176 2358 ad
1210 2322 1360 2357 amicum
1393 2320 1567 2368 quendam
1598 2319 1754 2363 doctum,

222 2387 265 2423 de
290 2385 405 2421 verbis
441 2384 591 2427 coenae,
617 2383 653 2418 in
687 2395 758 2430 qua
789 2395 958 2419 summam
984 2382 1164 2419 doctrinae
1188 2395 1284 2418 meae
1309 2395 1386 2417 sum
1412 2381 1625 2429 complexus.
1650 2380 1753 2416 Hanc

220 2448 250 2483 is
282 2447 491 2494 impugnare
523 2444 716 2480 conabatur
749 2456 791 2479 ex
825 2444 974 2480 Patrum
1007 2446 1043 2480 et
1070 2443 1308 2480 Conciliorum
1333 2442 1539 2485 autoritate,
1578 2454 1642 2488 ego
1669 2453 1752 2477 vero

222 2507 318 2544 illam
350 2509 534 2553 utcunque
565 2504 704 2547 defendi
721 2506 766 2551 ⁴).
814 2504 934 2540 Huius
967 2504 1078 2551 igitur
1110 2503 1307 2551 exemplum
1333 2503 1376 2539 ad
1402 2508 1438 2538 te
1462 2502 1567 2537 mitto
1593 2501 1629 2536 in
1654 2500 1754 2536 testi-

223 2568 380 2604 monium
413 2567 541 2603 amoris
575 2578 658 2612 erga
691 2565 740 2601 Te
771 2565 852 2601 mei.
900 2564 990 2600 Vale
1021 2567 1058 2601 et
1084 2564 1151 2600 mei
1177 2564 1210 2599 in
1238 2563 1400 2611 precibus
1411 2562 1498 2601 ,tuis
1523 2572 1654 2597 memor
1679 2572 1754 2596 esse

222 2627 322 2663 velis.
370 2625 547 2662 Aembdae
572 2625 741 2661 Phrisior.
766 2623 893 2660 ultima
917 2624 1091 2671 Augusti.
1117 2625 1186 2660 An.
1214 2625 1306 2660 1544
1325 2625 1368 2670 ⁵).

267 2765 292 2802 ¹)
317 2763 462 2804 Respicit
491 2762 530 2793 ad
561 2765 698 2804 tempus,
729 2772 791 2803 quo
821 2760 947 2792 Erasmi
979 2751 1193 2791 contfflicrnio
1227 2759 1369 2791 Basilene
1394 2757 1551 2788 utebatur.
1596 2757 1622 2794 ⁴³)
1647 2756 1683 2787 In
1708 2767 1757 2796 cp.

225 2830 305 2860 quac
335 2818 447 2849 ordine
476 2818 635 2849 sedecima
663 2820 721 2848 cst.
745 2827 777 2858 p.
802 2817 873 2847 560'.
917 2815 944 2855 ³)
968 2815 1017 2846 De
1041 2815 1099 2846 hae
1125 2815 1294 2845 Erasmum
1317 2815 1400 2844 inter
1423 2816 1454 2842 ct
1477 2811 1675 2842 Pellicanum
1699 2811 1760 2843 dis-

225 2875 373 2907 sensione
402 2874 443 2905 cf.
473 2884 553 2915 quae
583 2873 652 2914 ipse
682 2873 808 2904 Erasm.
835 2870 949 2902 scribit
978 2870 1010 2901 in
1042 2870 1101 2911 Ep.
1125 2869 1156 2900 d.
1182 2881 1256 2900 non.
1280 2867 1392 2899 martis
1417 2867 1497 2897 1526
1531 2866 1677 2906 (ERASMr
1702 2866 1760 2906 Ep.
