1830 3147
1583 137 1655 176 237

120 252 259 304 scripto
296 254 486 304 petuntur,
522 249 661 302 quibus
699 248 847 287 demum
884 247 1055 298 legendis
1091 250 1204 299 atque
1240 246 1487 292 excutiendis,
1524 246 1552 285 si
1583 248 1660 286 sint

118 317 355 369 prolixiores,
391 315 494 354 aliud
523 319 669 366 tempus
699 313 957 352 constituitur.
1012 313 1092 351 Qui
1118 326 1206 351 vero
1243 317 1398 351 vocatus
1425 312 1540 359 venit,
1566 312 1660 350 actis

118 382 176 420 illi
203 381 337 432 gratiis
366 380 580 423 dimittitur,
608 380 727 417 donec
755 392 897 423 rursus,
924 381 966 416 ut
994 378 1086 415 alias
1114 377 1255 421 redeat,
1281 378 1316 416 ei
1342 377 1543 416 indicetur.
1591 377 1654 420 Et,

119 448 151 486 si
187 447 277 499 quid
312 450 399 498 post
433 446 628 484 dimissum
667 459 686 483 e
715 453 824 483 coetu
851 457 948 487 eum,
975 443 1041 494 qui
1069 447 1225 481 vocatus
1252 444 1387 487 fuerat,
1415 443 1460 481 de
1488 443 1660 482 doctrina

117 512 220 550 illlus
257 511 382 550 excuti
417 514 554 562 potest,
590 510 626 548 id
665 512 708 548 fit
743 509 886 560 rogatis
923 508 1055 546 ordine
1096 508 1332 558 singulorum
1370 509 1568 547 sententiis
1614 509 1660 547 de

120 588 344 627 unoquoque
379 575 628 613 fundamento
656 574 851 612 doctrinae
879 577 1085 624 suspectae,
1111 576 1154 611 ut
1180 573 1239 610 vel
1266 572 1446 611 adnotata
1474 578 1573 617 sunt,
1601 573 1659 611 vel

117 641 165 678 ab
201 640 363 691 ipsomet
397 643 528 678 autore
563 639 703 677 tradita
741 638 940 681 habentur,
974 641 1023 681 et,
1049 650 1145 688 quae
1171 640 1265 675 tunc
1293 637 1439 675 absolvi
1467 651 1544 677 non
1571 650 1661 690 pos·

121 708 221 749 sunt,
248 705 288 742 in
315 704 432 742 alium
461 704 560 742 diem
589 707 717 741 coetus
745 703 980 742 reficiuntur.
1035 702 1218 740 Excussis
1246 715 1344 740 vero.
1362 703 1540 741 omnibus
1569 703 1659 741 doc-

119 769 243 807 trinae
277 769 380 807 illius
409 770 521 818 (540)
558 772 753 820 suspectae
790 767 976 812 fontibus,
1014 767 1242 805 testimoniis
1279 780 1322 805 ac
1359 768 1585 814 rationibus,
1620 768 1660 806 in

119 834 299 886 scriptum
337 833 562 883 rediguntur
598 834 737 878 omnia,
775 847 869 884 quae
898 846 918 870 a
946 833 1107 882 singulis
1138 832 1325 871 Ministris
1353 833 1402 871 ad
1429 833 1577 883 singula
1604 837 1659 872 te-

119 899 298 937 stimonia
332 911 376 936 ac
412 899 578 936 rationes
616 898 799 949 producta
827 899 991 942 fuerunt,
1017 901 1276 948 praeterquam
1315 898 1346 935 si
1374 897 1500 936 eadem
1529 911 1551 935 a
1577 898 1660 949 plu-

117 963 224 1001 ribus
261 962 336 1000 sint
372 963 541 1014 repetita,
578 976 621 1000 ac
649 963 800 1000 demum
828 962 1037 1013 responsio,
1073 962 1238 1000 reductis
1266 963 1306 1000 in
1335 962 1505 1001 ordinem
1534 964 1658 1001 omni·

120 1027 190 1065 bus
228 1040 323 1078 quae
360 1031 448 1065 sunt
476 1027 588 1072 dicta,
624 1028 809 1065 formatur
848 1040 960 1078 quarn
999 1027 1218 1065 brevissima
1257 1026 1387 1065 haberi
1422 1032 1559 1079 potest,
1602 1033 1661 1066 at-

121 1108 193 1145 que
230 1094 379 1132 demum
407 1100 517 1132 autor
543 1094 609 1131 ille
646 1097 839 1144 suspectae
876 1092 1071 1130 doctrinae
1106 1092 1153 1130 ad
1191 1097 1337 1131 coetum
1373 1093 1568 1138 invitatur,
1604 1106 1662 1131 re·

123 1158 402 1209 spondeturque
438 1158 495 1195 illi
536 1157 583 1195 ad
627 1157 800 1203 traditos,
837 1157 894 1195 vel
940 1170 1005 1208 per
1040 1170 1109 1195 nos
1146 1157 1248 1208 ipsos
1285 1157 1500 1201 adnotatos,
1535 1158 1660 1196 fontes

119 1222 314 1260 doctrinae
348 1222 478 1273 ipsiuS.
532 1222 594 1267 Et,
631 1222 663 1260 si
700 1222 790 1273 quid
828 1222 891 1259 ille
927 1222 986 1260 vel
1021 1222 1061 1260 in
1089 1223 1335 1273 responsione
1372 1222 1557 1261 desideret
1602 1223 1662 1261 vel

119 1288 241 1325 denuo
279 1288 376 1325 forte
408 1287 456 1325 ad
494 1287 689 1325 doctrinae
728 1300 816 1325 suae
845 1287 1169 1325 confirmationem
1197 1287 1355 1331 adferat,
1381 1286 1421 1324 id
1448 1288 1572 1326 obiter
1597 1292 1662 1325 aut

120 1352 340 1403 explicatur,
375 1352 406 1389 si
444 1352 536 1403 quid
572 1352 771 1390 obscurius
809 1352 952 1390 dictum
981 1352 1141 1397 videtur,
1167 1358 1231 1391 aut
1259 1353 1370 1390 etiam
1401 1353 1602 1396 excutitur.
1631 1353 1662 1390 si

120 1418 210 1469 quid
246 1422 392 1469 praeter
427 1418 552 1469 priora
589 1418 637 1455 sit
673 1418 913 1469 productum,
948 1430 991 1455 ac
1029 1417 1174 1456 demum
1213 1417 1339 1455 autori
1374 1418 1431 1455 illi
1468 1422 1662 1469 suspectae

121 1483 315 1521 doctrinae
349 1483 386 1520 in
425 1483 540 1520 alium
580 1496 697 1533 usque
726 1485 872 1520 coetum
908 1486 1056 1533 tempus
1090 1482 1326 1521 deliberandi
1354 1482 1594 1533 permittitur,
1620 1487 1662 1520 ut

121 1538 306 1594 ostendat,
335 1562 407 1599 qua
435 1554 540 1600 parte
566 1549 623 1586 illi
651 1549 885 1586 satisfactum
913 1562 990 1586 non
1021 1548 1069 1587 sit
1097 1549 1135 1586 in
1163 1548 1303 1586 tradita
1330 1548 1365 1586 ei
1399 1547 1659 1586 Ministrorum

120 1627 163 1652 ac
192 1615 390 1652 Seniorum
419 1614 589 1653 omnium
617 1614 876 1664 responsione.
915 1614 976 1652 Ad
1006 1614 1254 1652 constitutum
1283 1626 1396 1665 porro
1425 1613 1523 1651 diem
1552 1613 1661 1651 audi-

121 1683 183 1717 tur
222 1692 369 1717 rursum
407 1679 482 1725 ille,
510 1683 556 1725 et,
585 1679 651 1717 ubi
678 1680 791 1718 finem
819 1679 970 1717 dicendi
1007 1680 1107 1723 fecit,
1142 1679 1334 1730 quaeritur
1370 1679 1418 1717 ab
1454 1679 1533 1725 illo,
1570 1692 1659 1717 num

118 1743 192 1781 alia
219 1744 296 1781 ulla
326 1744 448 1781 adhuc
476 1744 701 1782 documenta
730 1743 926 1782 doctrinae
955 1758 1043 1783 suae
1071 1744 1219 1789 habeat,
1245 1748 1287 1781 ut
1316 1744 1441 1782 omnia
1461 1743 1659 1795 producat,

120 1814 160 1846 ut
196 1809 253 1846 illi
291 1809 401 1847 simul
436 1809 549 1847 etiam
584 1810 631 1847 ad
668 1810 795 1847 omnia
831 1809 1114 1860 respondeatur.
1167 1809 1437 1857 Po-(541)stea
1465 1821 1564 1855 vero,
1595 1809 1659 1846 illo

118 1888 268 1912 rursum
306 1874 475 1918 dimisso,
511 1875 712 1920 excutitur,
749 1875 780 1912 si
808 1875 899 1926 quid
929 1875 1050 1912 denuo
1079 1874 1126 1912 ab
1155 1874 1238 1926 ipso
1266 1880 1321 1912 est
1347 1873 1584 1925 productum,
1613 1878 1660 1917 et,

117 1940 148 1977 si
177 1940 261 1990 quis
287 1939 406 1990 priori
433 1939 558 1978 adbuc
585 1953 764 1990 responso
793 1939 936 1991 aliquid
964 1943 1155 1991 praeterea
1183 1939 1398 1977 addendum
1427 1951 1507 1976 esse
1534 1942 1655 1990 putat,

117 2004 154 2041 id
183 2004 222 2042 in
252 2004 416 2042 medium
444 2003 580 2049 adfert,
607 2009 648 2042 ut
676 2005 877 2042 adnotetur
904 2010 940 2042 et
970 2017 1037 2043 suo
1066 2004 1215 2042 demum
1243 2004 1328 2041 loco
1356 2003 1396 2041 in
1416 2003 1660 2054 responsione

119 2068 290 2108 addatur.
347 2067 529 2107 Excussis
566 2082 679 2120 porro
708 2069 887 2107 omnibus
917 2070 1110 2108 doctrinae
1136 2069 1237 2107 illius
1266 2073 1459 2120 suspectae
1487 2067 1658 2106 fontibus

118 2146 162 2171 ac
198 2133 437 2180 testimoniis,
473 2134 538 2171 ubi
575 2134 696 2172 denuo
734 2139 843 2172 autor
878 2134 942 2174 ille
979 2138 1173 2184 suspectae
1211 2133 1406 2171 doctrinae
1433 2132 1480 2170 ad
1510 2136 1657 2170 coetum

120 2199 384 2237 Ministrorum
421 2203 457 2236 et
493 2199 692 2237 Seniorum
730 2203 898 2245 vocatur,
934 2200 1114 2250 repetitur
1150 2199 1207 2236 illi
1235 2212 1384 2237 rursum
1410 2199 1534 2237 obiter
1570 2199 1657 2237 data

119 2264 174 2301 illi
212 2268 321 2302 antea
355 2264 549 2315 responsio
587 2269 623 2302 et
660 2265 894 2315 supplentur,
931 2265 963 2302 si
997 2277 1093 2315 quae
1135 2268 1243 2302 antea
1272 2265 1370 2302 forte
1395 2265 1657 2315 praetermissa

117 2333 235 2368 erant.
291 2328 529 2366 Reselluntur
556 2329 644 2366 item
673 2342 727 2374 ea,
754 2342 847 2379 quae
874 2329 912 2366 in
945 2329 1076 2367 ultimo
1105 2329 1293 2380 colloquio
1319 2329 1466 2380 prolata
1493 2330 1659 2376 fuerunt,

119 2407 237 2445 neque
273 2394 479 2445 quidquam
512 2394 824 2445 praetermittitur
860 2393 1043 2432 intactum
1081 2407 1222 2440 eorum,
1250 2406 1344 2445 quae
1384 2398 1493 2432 autor
1519 2394 1583 2433 ille
1610 2394 1657 2432 ad

120 2464 313 2510 suspectae
342 2459 540 2497 doctrinae
568 2472 657 2497 suae
685 2459 1007 2497 confirmationem
1037 2458 1244 2498 adferebat.
1284 2458 1347 2496 Ibi
1373 2471 1461 2496 vero
1490 2458 1522 2497 si
1549 2463 1659 2498 autor

119 2525 181 2562 ille
218 2523 412 2562 doctrinae
449 2527 641 2574 suspectae
678 2536 796 2575 neque
833 2524 1096 2575 responsiones
1135 2528 1262 2561 coetus
1292 2524 1434 2562 diluere
1469 2538 1514 2563 ex
1542 2525 1657 2563 verbo

120 2590 201 2637 Dei,
245 2603 364 2640 neque
408 2589 558 2637 interim
597 2603 618 2627 a
655 2589 810 2627 serenda
847 2594 1017 2640 suspecta
1056 2589 1229 2627 doctrina
1276 2603 1342 2627 sua
1378 2603 1521 2628 cessare
1557 2591 1659 2635 velit,

119 2660 199 2694 tum
237 2659 363 2693 coetus
401 2655 566 2693 universi
604 2655 756 2693 nomine
793 2658 980 2701 monetur,
1019 2668 1066 2692 ne
1100 2654 1141 2702 in
1177 2654 1346 2693 fraudem
1384 2669 1427 2694 ac
1452 2657 1654 2707 perniciem

118 2724 267 2759 nostrae
301 2720 495 2758 Ecclesiae
534 2719 744 2757 doctrinam
779 2733 883 2758 suam
919 2720 1022 2758 illam
1058 2719 1231 2771 deinceps
1268 2724 1378 2768 serat,
1413 2735 1524 2773 quam
1552 2722 1658 2760 verbi

120 2785 250 2822 Divini
285 2785 485 2823 autoritate
521 2783 718 2823 defendere
746 2797 822 2823 non
849 2785 979 2836 possit.
1034 2784 1200 2830 Etenim,
1227 2785 1258 2823 si
1285 2786 1364 2837 ipse
1391 2800 1469 2824 non
1499 2791 1659 2826 cessaret

120 2851 215 2888 falsa
253 2863 318 2889 sua
356 2850 529 2888 doctrina
565 2850 784 2902 perturbare
820 2854 968 2889 nostras
1006 2850 1210 2896 Ecclesias,
1245 2851 1354 2889 fidem
1393 2852 1513 2890 nostri
1546 2854 1658 2901 (542)

118 2915 320 2954 ministerii
362 2915 399 2952 id
447 2928 523 2954 non
560 2915 786 2967 permittere,
823 2919 864 2955 ut
902 2920 1070 2954 nostram
1109 2916 1317 2955 Ecclesiam
1353 2914 1417 2969 per
1451 2917 1570 2970 ipsum
1608 2918 1659 2958 ita
