1830 3147
241 152 304 199 [A.
330 153 379 190 1).
404 153 517 201 1550]
972 156 1041 192 640

233 262 296 294 siae
329 262 452 294 Ducem
475 262 550 294 data
583 262 701 294 diserte
734 262 914 295 foederatos
944 266 1118 303 enumerat,
1148 275 1283 307 quorum
1313 276 1412 297 unum
1443 267 1520 298 nota
1541 265 1617 308 bfiph
1639 266 1761 299 indicat

233 320 265 349 et
302 317 450 350 Marchio
484 320 591 349 tamen
629 317 839 351 desideratur.
894 319 1001 351 Obiici
1036 321 1146 362 posset
1178 321 1369 352 Mauritium
1403 321 1558 353 Saxoniae
1591 332 1717 364 quoque
1746 333 1764 354 a

232 376 342 406 nostro
376 385 426 416 ep.
457 374 496 406 ad
528 374 558 406 d.
589 374 606 406 1
637 374 715 407 Dec.
740 375 818 407 1551
844 375 951 407 datam
974 376 1136 418 accepisse
1159 382 1191 408 et
1213 379 1319 408 tamen
1343 377 1376 408 in
1399 377 1637 409 foederatorum
1658 388 1764 409 recen-

232 429 321 462 sione
350 441 415 461 non
444 440 611 462 occurrere
640 429 729 462 illius
758 441 886 463 nomen.
930 432 974 463 At
995 432 1188 464 Mauritium
1210 443 1279 464 voc.
1302 433 1377 474 buplz
1400 433 1537 464 indicari
1560 444 1624 465 non
1646 434 1764 476 potuit,

233 486 384 527 quoniam
414 485 447 517 in
479 486 540 527 Ep.
571 485 610 517 ad
641 485 722 518 Duc.
745 486 896 518 Prussiae
918 487 1057 518 Londini
1082 488 1097 518 1
1121 487 1200 520 Dec.
1225 488 1304 520 1551
1329 488 1403 520 data
1425 499 1489 520 uno
1512 490 1623 520 tenore
1645 500 1761 521 nomen

231 541 306 581 baph
336 552 407 572 cum
435 540 583 572 Mauritii
614 542 742 574 nomine
771 542 987 584 coniungitur.
1031 543 1083 575 Cf.
1111 543 1293 582 LANGENN‚
1324 544 1423 583 Kurf.
1452 544 1572 576 Moritz
1599 556 1625 577 v.
1649 544 1763 577 Saxen.

230 596 256 628 I.
291 607 321 638 p.
352 595 424 634 467,
459 597 488 629 9.
542 597 569 637 ¹²)
599 597 722 628 Nullibi
752 597 847 629 huius
878 598 988 629 elassis
1016 598 1188 640 vestigium
1216 598 1248 630 iu
1279 599 1414 631 historia
1443 600 1583 642 repperi.
1632 601 1659 640 5)
1688 599 1761 631 Non

229 652 386 683 affirmare
415 652 527 690 ausim,
557 652 748 684 HENRICUM
778 653 876 685 fuisse
906 654 1104 692 BoMELmM,
1134 654 1198 695 qui,
1222 654 1306 696 apud
1328 654 1522 686 Vesaliensis
1546 654 1600 686 diu
1625 664 1763 686 commo-

227 710 325 745 ratus,
349 707 479 750 seriptis
503 707 599 739 etiam
623 708 776 741 innotuit.
807 708 856 740 Cf.
881 709 1073 747 HAMMELM‚
1102 709 1158 750 Op.
1185 709 1260 742 Gen.
1284 720 1316 752 p.
1340 710 1411 742 160.
1443 710 1552 742 GERD.
1576 710 1663 743 Hist.
1688 710 1761 751 Ref.

228 763 290 796 ΙΙΙ.
320 762 361 796 76
391 766 423 795 et
453 764 602 802 GOEBEL,
642 764 749 797 Gescla.
780 764 812 798 d.
843 765 1008 806 Ra-nqffz.
1043 765 1171 798 Kirclae.
1200 765 1226 797 I.
1255 777 1286 808 p.
1315 766 1388 798 433.
1429 766 1458 807 6)
1484 766 1533 798 Cf.
1558 766 1643 799 UBB.
1666 766 1761 799 EMM.

232 818 305 852 Iter.
328 820 383 862 fr.
415 819 445 852 Ιι.
477 831 509 862 p.
539 820 610 852 940.
654 821 681 861 ⁷)
705 822 823 863 Apogr.
852 822 970 853 volunt.
1014 821 1041 860 3)
1065 820 1140 852 Sine
1174 821 1271 852 dubio
1295 821 1372 852 haec
1395 821 1603 863 intelligenda
1626 824 1700 853 sunt
1723 822 1760 853 de

228 887 293 918 spe,
328 888 492 919 nunquam
522 889 540 909 a
573 879 684 909 nostro
719 878 875 920 deposita,
909 888 941 909 sc
965 888 983 909 a
1016 877 1222 919 Sigismundo
1256 877 1385 909 tandem
1415 877 1545 909 tandem
1567 878 1600 909 in
1624 877 1760 919 patrium

226 935 411 965 revocatum
433 933 484 967 iri.
527 935 555 975 9)
580 934 629 967 Sc.
653 933 685 965 in
709 934 870 975 Angliam.

225 1140 289 1178 No.
318 1141 373 1177 65,
1368 1140 1465 1186 [ribo
1478 1142 1561 1178 Emm.
1573 1152 1596 1177 ο.
1610 1142 1630 1177 1.
1641 1152 1666 1184 p.
1678 1139 1752 1186 nia]

833 1260 892 1296 Ad
926 1260 1142 1298 Lamnum.

274 1410 301 1420 ..
317 1409 347 1419 ..
374 1383 403 1427 ¹)
441 1383 492 1417 At
524 1392 607 1417 vero
640 1381 736 1416 Deus
763 1393 832 1417 non
856 1381 1023 1417 illudetur
1047 1381 1297 1429 dissipabitque
1323 1382 1351 1417 is
1377 1384 1416 1417 ut
1443 1380 1558 1428 paleas
1582 1391 1622 1416 ae
1648 1379 1756 1426 pude-

222 1444 328 1480 saciet
363 1443 466 1479 etiam
493 1442 607 1478 omnia
631 1443 697 1478 ista
722 1442 867 1478 consilia
893 1441 1135 1490 proculdubio.
1187 1442 1266 1478 Hoc
1291 1441 1438 1478 videbis.
1488 1441 1564 1488 Ego
1590 1441 1752 1487 principis

223 1504 332 1540 vicem
357 1503 470 1545 doleo,
498 1502 553 1538 cui
579 1502 708 1549 alioqui
731 1503 859 1549 optime
884 1502 975 1538 volo.
999 1503 1068 1538 Sed
1094 1513 1200 1549 cogor
1227 1502 1315 1537 tueri
1340 1501 1547 1548 dignitatem
1574 1499 1753 1535 ministerii

222 1565 302 1606 mei,
329 1576 416 1612 quae
440 1575 532 1599 nune
557 1563 620 1599 sub
651 1563 744 1599 illius
771 1563 919 1606 nomine,
943 1575 1137 1610 quanquam
1164 1563 1240 1598 aliis
1265 1562 1455 1602 autoribus
1480 1562 1516 1598 iu
1541 1561 1754 1609 suspiciones

222 1626 333 1662 varias
364 1629 520 1662 vocatur.
567 1625 693 1661 Potavi
728 1626 836 1672 igitur
872 1625 953 1660 milii
987 1624 1237 1660 admonendam
1272 1636 1348 1660 csse
1374 1636 1416 1660 ex
1441 1623 1559 1659 debito
1584 1627 1618 1659 et
1642 1623 1752 1660 officio

221 1688 401 1724 ministerii
437 1689 503 1724 mei
540 1690 575 1722 et
608 1699 700 1722 meas
736 1686 779 1723 ad
817 1686 909 1722 illam
944 1685 1079 1722 litteras
1105 1685 1169 1721 tibi
1195 1686 1297 1721 mitto
1324 1711 1352 1722 ..
1369 1711 1402 1722 ..
1427 1684 1475 1719 Te
1501 1696 1582 1720 vero
1606 1696 1678 1727 oro,
1707 1685 1751 1720 mi

221 1750 368 1787 Lenthi!
394 1752 510 1796 persta
535 1749 570 1784 in
595 1748 706 1784 officio
731 1750 767 1783 et
791 1759 923 1794 semper
949 1747 1142 1782 memineris
1169 1746 1261 1782 illius
1289 1761 1306 1777 u
1323 1757 1430 1793 usque
1456 1745 1498 1781 ad
1521 1750 1631 1781 aras.”
1666 1746 1752 1780 Gra-

220 1823 262 1847 ve
287 1813 341 1846 eet
366 1821 440 1845 esse
466 1821 558 1846 rcum
584 1808 737 1855 corporis
762 1811 797 1844 et
821 1807 1000 1854 sauguinis
1023 1807 1163 1843 Christi.
1193 1806 1249 1842 Ab
1266 1806 1367 1842 huius
1385 1818 1466 1841 vero
1489 1805 1640 1841 criminis
1652 1804 1754 1852 culpa

223 1883 322 1906 nemo
358 1871 502 1906 liberare
527 1882 564 1906 se
589 1869 720 1917 poterit
745 1869 780 1905 iu
804 1869 933 1906 iudicio
958 1868 1035 1910 Dei,
1063 1869 1122 1916 qui
1148 1868 1304 1905 consiliis
1331 1868 1412 1903 ullis
1437 1868 1601 1903 adversus
1624 1867 1754 1903 Christi

222 1931 411 1967 Ecclesiam
436 1936 471 1967 et
498 1931 572 1967 eius
600 1930 826 1966 ministerium
851 1930 901 1966 ita
925 1942 961 1965 se
987 1930 1167 1972 admiscet,
1194 1932 1232 1965 ut
1257 1941 1296 1965 ea
1321 1929 1385 1965 sibi
1412 1928 1595 1976 displicere
1622 1941 1681 1976 pro
1699 1940 1751 1965 ra·

221 1992 315 2028 tione
338 1993 528 2029 vocationis
553 2004 635 2028 suae
661 2004 730 2027 non
755 1994 916 2033 testetur,
934 1990 1060 2027 nedum
1082 1994 1121 2026 ut
1135 1990 1203 2026 illis
1217 1990 1490 2038 qualemcunque
1504 2002 1639 2037 operam
1654 2002 1748 2026 suam

222 2054 335 2089 sciens
358 2065 398 2089 ae
423 2054 544 2089 volens
568 2053 669 2094 locet,
697 2052 797 2088 Vale.
823 2052 877 2088 IV
903 2052 982 2088 Cal.
1007 2052 1139 2099 Aprilis
1167 2052 1226 2095 (29
1255 2052 1391 2097 Martii)
1416 2050 1632 2098 Hamburga.

267 2163 292 2202 ¹)
317 2162 375 2204 Ep.
398 2162 491 2204 plane
514 2161 620 2203 periit,
643 2161 694 2193 his
717 2161 857 2203 exceptis
881 2161 1080 2203 fragmentis,
1104 2171 1185 2203 quae
1208 2160 1354 2193 Emmius
1378 2160 1453 2194 hist.
1476 2170 1550 2193 suae
1572 2160 1717 2193 inseruit.

224 2356 287 2393 ΝΟ.
314 2356 373 2394 66,
767 2356 826 2403 [ils.
840 2359 898 2394 Coll.
915 2360 983 2401 Corp.
1000 2360 1085 2394 christi
1098 2360 1231 2403 cantabrig.
1246 2361 1285 2396 n⁰.
1297 2360 1351 2396 1119.
1366 2362 1406 2394 Art
1428 2361 1470 2396 31²3.
1484 2360 1524 2396 sol.
1538 2361 1594 2396 1103.
1608 2371 1644 2395 or.
1660 2360 1750 2399 hologr.

783 2419 798 2449 G
809 2429 840 2451 er
849 2418 862 2451 h
872 2429 885 2451 a
895 2430 926 2455 m.
945 2420 998 2456 0,1,
1016 2430 1040 2462 p,
1053 2419 1127 2466 150]

844 2540 903 2577 Ad
928 2540 1126 2579 Bucmum.

273 2659 382 2696 Valde
408 2660 521 2703 doleo,
545 2661 639 2707 quod
665 2672 707 2697 ne
731 2672 824 2697 nunc
850 2660 987 2708 quidem
1014 2663 1126 2699 venire
1151 2662 1194 2698 ad
1220 2665 1254 2699 te
1279 2674 1356 2699 cum
1381 2661 1427 2699 D.
1447 2660 1551 2696 Petro
1570 2658 1749 2706 potuerim,

223 2721 275 2755 vir
299 2722 528 2758 sanctissime!
554 2723 612 2758 sed
639 2734 750 2770 neque
774 2727 813 2757 tu
839 2723 912 2769 ipse
936 2735 991 2758 me
1016 2736 1108 2760 nunc
1132 2724 1254 2759 abesse
1281 2724 1360 2760 hine
1382 2722 1503 2764 velles,
1528 2724 1581 2756 sat
1605 2720 1690 2763 scio,
1719 2721 1748 2756 si

224 2792 293 2816 rem
322 2786 358 2817 ut
383 2794 418 2817 se
445 2782 558 2824 habet,
586 2796 718 2820 nosses.
753 2783 826 2819 Iam
852 2785 940 2819 enim
966 2785 1128 2831 perendie
1152 2784 1375 2831 transigenda
1401 2787 1453 2818 est
1477 2794 1582 2818 eausa
1608 2781 1746 2817 Domini

225 2842 268 2876 ab
304 2842 448 2884 llcidec,
480 2843 522 2878 de
558 2855 626 2889 qua
663 2857 730 2880 non
767 2845 895 2880 attinet
930 2856 1023 2880 nune
1049 2844 1198 2881 scribere
1223 2846 1321 2892 plura
1346 2845 1386 2890 ¹),
1409 2848 1512 2890 alque
1536 2843 1617 2878 item
1643 2854 1748 2878 eausa

224 2902 448 2938 Germanicae
472 2902 648 2938 Ecclesiae
673 2907 709 2939 et
734 2903 870 2951 quidem
896 2904 1067 2940 foeliciter
1092 2910 1248 2951 utraque,
1270 2909 1310 2941 ut
1333 2916 1433 2952 spero
1448 2903 1487 2948 ²).
1515 2903 1637 2950 Itaque
1652 2902 1747 2939 dabis

227 2961 374 3004 venium,
402 2962 492 3009 quod
518 2962 582 2998 iam
611 2974 678 2998 uon
705 2965 815 3006 venio,
838 2963 897 2999 sed
924 2964 1041 2999 futura
1067 2963 1277 3000 hebdomade
1302 2976 1354 2999 me
1372 2962 1510 2999 habebis
1528 2963 1677 3000 omnino.
1702 2961 1746 2998 In
