1830 3147
81 1650 100 1684 1
124 1651 231 1682 Corin.
254 1650 302 1683 12.

76 2830 173 2875 Esay.
195 2833 221 2865 1.

75 2902 180 2940 Math.
203 2904 253 2935 21.

368 126 442 163 350
848 139 1019 168 caraea.
1049 141 1158 169 Ecch.
1187 140 1302 170 rom).

368 249 439 286 quc
477 236 642 278 haereses
679 240 890 278 exstiterint
927 245 1037 292 atque
1065 244 1352 294 praevaluerint,
1388 245 1486 296 quod
1523 250 1646 284 tamen
1675 248 1774 285 iusto

366 300 437 338 Dei
473 301 614 341 iudicio
649 303 798 342 Patriae
833 309 986 343 nostrae
1022 307 1257 356 magistratui
1286 313 1320 346 et
1348 309 1531 348 ministris
1565 310 1774 349 immissum

366 368 432 411 est,
470 370 664 417 propterea
701 368 801 418 quod
830 370 966 407 reiecta
995 371 1148 408 veritate
1175 373 1351 410 omnibus
1377 373 1582 412 mendaciis
1617 388 1662 412 ac
1688 374 1774 412 hae-

367 429 512 468 resibus
549 433 763 483 aperuerint
800 433 966 478 ianuam,
1011 439 1050 472 ut
1094 435 1166 473 fide
1201 438 1483 488 amplecteretur
1519 452 1580 477 eas
1615 440 1775 491 populus

366 507 410 532 ac
436 495 591 534 foveret.
630 496 758 536 Quum
787 498 902 547 igitur
929 499 1058 537 miseri
1086 500 1142 537 illi
1170 500 1339 540 homines
1367 507 1403 540 et
1430 503 1469 541 in
1498 516 1660 541 errorem
1688 517 1775 555 pro·

366 559 458 609 lapsi
497 560 580 610 (qui
609 565 713 599 erant
742 562 936 600 mendacia
964 563 1036 601 ista
1065 564 1245 615 amplexi)
1274 565 1360 603 odio
1388 567 1594 617 papisticae
1621 568 1775 617 religio·

367 624 439 669 nis,
486 638 598 675 quam
648 626 765 664 Verbi
810 627 1044 666 diluciditate
1086 629 1358 669 idololatricam
1389 632 1721 683 deprehenderant,
1756 647 1775 672 e

366 688 535 727 Romana
572 688 741 728 Ecclesia
786 690 1029 737 decedebant,
1075 706 1168 744 opus
1218 694 1434 733 hauddubie
1470 696 1615 741 fuisset,
1651 710 1774 735 veram

365 753 412 791 iis
439 754 660 803 religionem
688 767 780 793 voce·
806 756 883 794 sive
912 757 1061 808 scriptis
1090 758 1276 807 integram
1304 760 1541 803 annuntiare,
1568 765 1609 798 ut
1637 767 1773 799 certam

366 817 451 855 fidei
481 831 650 856 normam
677 819 717 856 in
748 820 969 870 compendio
999 834 1066 859 suo
1096 827 1350 872 sequerentur.
1381 824 1496 861 Quod
1525 838 1607 862 cum
1635 826 1775 864 frustra

366 880 571 929 exigerent,
610 885 715 919 vetus
745 882 937 921 hominum
968 884 1168 922 insidiator
1196 886 1382 924 Sathanas
1419 887 1562 925 zizania
1599 901 1665 925 sua
1693 901 1773 926 om-

366 944 513 994 nigenis
541 945 647 984 falsis
676 947 876 998 Prophetis
904 948 1001 986 inter
1029 961 1092 987 eos
1121 949 1226 996 sevit,
1253 954 1294 988 ut
1321 963 1363 988 ea
1392 951 1462 989 sub
1492 952 1611 1003 specie
1639 953 1772 991 verita-

365 1008 413 1047 tis
452 1009 493 1047 in
530 1023 568 1048 se
604 1011 824 1062 reciperent,
861 1013 963 1063 quod
999 1013 1052 1051 ita
1087 1013 1236 1052 demum
1272 1015 1410 1052 factum
1440 1020 1509 1055 est.
1563 1017 1668 1056 Quin
1697 1018 1772 1055 imo

364 1073 568 1124 papisticae
611 1075 804 1124 religionis
851 1076 938 1113 odio
974 1076 1118 1114 incensi
1154 1090 1197 1115 eo
1235 1081 1287 1126 (A
1316 1079 1391 1126 vib)
1419 1079 1494 1116 iam
1532 1079 1773 1124 devenerunt,

365 1143 406 1176 ut
441 1139 583 1176 bonum
617 1153 768 1191 quoque
795 1140 897 1190 quod
926 1141 966 1178 in
995 1141 1166 1180 Romana
1197 1142 1362 1181 Ecclesia
1392 1149 1578 1194 superstes
1605 1149 1684 1182 erat
1712 1159 1769 1183 re-

365 1203 514 1241 siduum
550 1217 626 1241 una
663 1217 747 1242 cum
781 1206 881 1242 malo
918 1206 1144 1252 reiecissent,
1170 1207 1226 1245 uti
1253 1208 1376 1258 palam
1411 1209 1534 1246 videre
1561 1215 1619 1248 est
1646 1210 1685 1248 in
1713 1210 1772 1255 iis,

370 1267 436 1318 qui
465 1268 649 1319 duplicem
677 1269 717 1306 in
746 1269 897 1307 Christo
926 1275 1109 1317 naturam,
1139 1276 1372 1310 mortuorum
1401 1274 1709 1312 resurrectionem
1737 1282 1773 1313 et

364 1332 443 1369 eius
479 1333 627 1381 generis
663 1333 770 1384 plura
806 1339 999 1383 negantes,
1026 1335 1122 1372 inter
1150 1349 1188 1373 se
1213 1336 1287 1386 ipsi
1315 1336 1487 1375 doctores
1514 1338 1772 1385 instituerunt,

365 1396 431 1446 qui
469 1397 700 1435 voluntatem
731 1397 886 1436 Domini
914 1413 1044 1449 parum
1072 1400 1208 1444 edocti,
1236 1414 1354 1451 neque
1381 1402 1491 1439 etiam
1518 1403 1621 1441 iuxta
1650 1404 1769 1454 Spiri-

365 1465 443 1497 tum
472 1461 542 1498 Dei
570 1461 662 1498 bene
691 1462 857 1507 animati,
886 1463 948 1500 sed
979 1477 1064 1501 vero
1094 1465 1250 1514 superbe
1277 1465 1377 1509 elati,
1400 1466 1675 1516 vilipenderant
1690 1480 1770 1505 orn-

367 1536 450 1560 nem
489 1523 682 1561 scientiam
712 1529 824 1575 atque
851 1526 1024 1563 notitiam
1052 1526 1278 1575 linguarum,
1306 1540 1454 1565 omnem
1483 1528 1594 1566 etiam
1622 1542 1771 1577 germa-

365 1600 514 1625 manam
550 1588 827 1639 Scripturarum
863 1589 1226 1641 interpretationem,
1262 1605 1355 1642 quas
1394 1597 1434 1630 ut
1470 1592 1569 1630 dona
1607 1594 1771 1644 Spiritus

366 1653 496 1691 Sancti
523 1666 758 1704 summopere
785 1654 1014 1692 necessarias
1044 1655 1233 1694 Ecclesiae
1262 1656 1399 1695 Paulus
1427 1658 1654 1698 aestimavit.

415 2371 531 2415 vQuod
565 2370 695 2424 igitur,
734 2378 774 2412 ut
812 2388 922 2425 supra
959 2386 1107 2425 quoque
1143 2370 1297 2418 dictum,
1323 2378 1401 2411 tam
1429 2372 1621 2425 opulenter
1648 2370 1768 2412 bene-

364 2441 460 2478 dixit
494 2439 606 2478 nobis
643 2440 756 2485 Deus,
793 2438 934 2476 indicio
972 2439 1082 2476 nobis
1110 2451 1190 2476 esse
1217 2443 1340 2489 potest
1375 2452 1532 2487 magnae
1560 2438 1652 2476 Eius
1680 2452 1766 2488 erga

363 2517 432 2541 nos
456 2503 743 2548 misericordiae,
771 2515 864 2553 quae
890 2506 994 2540 tanta
1022 2506 1089 2547 est,
1118 2507 1257 2552 quanta
1285 2515 1488 2552 numquam
1515 2502 1588 2539 alio
1607 2501 1645 2539 in
1664 2503 1766 2540 nulla

362 2571 532 2619 gentium
574 2570 657 2608 fuit.
712 2568 817 2607 Quid
852 2568 927 2606 iam
965 2568 1208 2606 dubitemus?
1264 2567 1493 2605 Hauddubie
1520 2566 1599 2604 dies
1637 2567 1766 2606 visita·

360 2635 476 2673 tionis
522 2634 677 2671 Domini
721 2633 838 2678 adest,
881 2646 953 2683 qua
989 2645 1089 2670 nunc
1126 2632 1318 2670 nationem
1353 2636 1519 2669 nostram
1558 2631 1762 2670 Germani-

361 2712 455 2742 cam,
495 2712 589 2749 quae
622 2696 791 2735 Londini
826 2700 894 2742 est,
924 2696 1062 2735 visitat.
1119 2696 1243 2734 Quam
1272 2696 1304 2733 si
1332 2695 1616 2750 contemnimus,
1644 2710 1766 2747 neque

359 2762 612 2807 observamus,
648 2762 693 2799 de
728 2760 838 2799 nobis
875 2773 897 2797 a
934 2759 1099 2797 Domino
1135 2760 1289 2805 dicetur,
1329 2760 1382 2807 (A
1412 2758 1497 2805 viia)
1526 2759 1628 2809 quod
1667 2760 1764 2797 dixit

350 2827 448 2865 olim
500 2826 545 2864 de
588 2825 762 2863 Iudaeis:
809 2825 980 2862 uPueros
1023 2823 1178 2862 educavi
1231 2828 1267 2861 et
1303 2822 1420 2860 extuli
1466 2823 1645 2869 sublime,
1707 2837 1766 2862 me

358 2895 480 2929 autem
518 2888 773 2940 spreverunt,”
808 2892 844 2925 et
879 2900 1035 2936 regnum
1072 2887 1142 2924 Dei
1179 2887 1289 2925 nobis
1325 2886 1509 2925 adimetur
1548 2890 1583 2924 et
1615 2887 1765 2925 dabitur
