1830 3147
195 124 269 161 194

203 233 321 285 ipsius
351 246 474 272 coram
506 233 586 272 Deo
614 237 651 272 et
677 234 755 272 eius
783 234 952 272 Ecclesia
980 234 1250 279 remissionem,
1276 248 1353 272 non
1380 238 1526 273 tantum
1552 234 1591 272 in
1613 235 1738 280 terris,

203 300 266 337 sed
300 299 412 337 etiam
448 299 487 336 in
525 299 639 344 coelo,
675 299 786 351 idque
820 304 970 351 propter
1005 300 1196 338 Christum
1226 300 1443 346 Dominum,
1470 299 1535 351 qui
1559 303 1732 338 mortuus

201 367 256 401 est
291 376 358 415 pro
406 363 581 401 omnibus
617 365 779 415 peccatis
816 365 954 402 nostris
988 368 1025 402 et
1059 365 1310 403 ministerium
1344 378 1431 403 suae
1467 364 1657 403 Ecclesiae
1693 365 1732 402 in

204 428 305 465 coelo
335 441 484 479 quoque
509 429 660 465 firmum
686 441 729 466 ac
755 432 878 466 ratum
905 441 984 466 esse
1011 429 1218 468 affirmavit.

253 493 446 530 Postremo
484 492 651 531 Ministri
684 507 728 531 ac
765 493 936 531 Seniores
968 493 1102 539 'ordine
1138 505 1266 532 omnes
1303 493 1454 531 fratrem
1482 492 1733 543 poenitentem

201 557 306 595 illum
354 557 494 596 dextris
540 558 637 596 datis
682 559 942 609 amplexantur
990 558 1030 596 in
1076 557 1191 596 totius
1236 557 1427 596 Ecclesiae
1464 560 1667 608 conspectu
1698 560 1734 595 et

203 635 307 660 suam
346 635 428 660 cum
465 622 531 660 illo
567 623 759 674 totiusque
799 623 991 661 Ecclesiae
1018 623 1359 661 reconciliationem
1388 621 1486 660 datis
1512 621 1569 658 illi
1598 620 1735 659 osculis

202 688 312 734 (331)
342 686 419 724 suis
448 690 683 726 attestantur.

253 752 377 801 Atque
394 751 445 788 ita
466 751 611 789 demum
633 751 803 789 Psalmus
813 751 1080 801 gratulatorius
1093 751 1237 789 canitur
1249 754 1356 789 atota
1367 750 1547 796 Ecclesia,
1559 750 1730 799 [Psalmd

202 816 286 860 103,
323 815 519 854 uBenedic
544 816 669 854 anima
696 829 776 854 mea
803 816 995 854 Domin0”
1024 819 1087 854 aut
1107 816 1202 854 alius
1223 815 1368 861 similis,
1385 836 1436 844 —
1457 814 1731 865 dimittiturque

200 880 369 918 Ecclesia
395 894 498 918 more
526 881 635 918 solito
665 894 747 918 cum
774 894 979 932 pauperum
1009 880 1333 918 commendatione
1360 884 1396 918 et
1423 879 1697 917 benedictione.

252 944 328 982 Hic
356 945 514 996 simplex
541 946 713 996 publicae
740 946 995 997 poenitentiae
1022 946 1130 991 ritus,
1156 945 1374 997 priusquam
1401 943 1447 982 ad
1475 942 1732 981 exeommuni-

201 1009 384 1048 cationem
418 1010 670 1062 perveniatur,
706 1012 871 1048 sufficere
905 1011 1018 1049 nobis
1054 1011 1157 1048 visus
1194 1017 1249 1048 est
1284 1009 1323 1047 in
1361 1008 1500 1046 nostris
1537 1007 1730 1046 Ecclesiis.

197 1074 418 1113 Praesertim
455 1088 538 1114 cum
574 1076 614 1114 in
651 1089 689 1114 se
726 1076 923 1127 complecti
955 1075 1126 1113 videatur
1161 1075 1299 1119 omnia,
1335 1087 1430 1125 quae
1456 1073 1503 1111 ad
1533 1073 1731 1111 salutarem

200 1138 326 1177 fratris
362 1139 540 1191 cuiusque
574 1140 671 1191 lapsi
706 1140 1003 1191 resipiscentiam
1038 1140 1227 1191 pertinent
1263 1139 1339 1176 ullo
1377 1138 1490 1176 modo
1527 1142 1562 1175 et
1592 1136 1732 1174 faciant
1772 1145 1775 1148 ’

197 1204 459 1254 proculdubio,
488 1218 568 1243 cum
598 1205 643 1243 ad
672 1205 800 1243 fratris
826 1205 1054 1256 poenitentis
1084 1205 1391 1249 consolationem,
1417 1207 1497 1241 tum
1516 1215 1601 1240 vero
1619 1202 1729 1239 etiam

200 1269 244 1306 ad
290 1270 406 1307 totius
451 1270 642 1308 Ecclesiae
688 1270 1001 1316 aedificationem,
1046 1284 1140 1321 quae
1185 1269 1337 1321 quidem
1373 1267 1610 1320 potissimum
1646 1270 1734 1304 sunt

199 1335 401 1386 spectanda
436 1336 477 1373 in
511 1340 591 1374 toto
619 1350 691 1374 usu
718 1336 1005 1375 Ecclesiasticae
1034 1335 1266 1387 disciplinae.
1322 1326 1507 1372 Externas
1534 1346 1620 1371 vero
1647 1332 1732 1370 illas

196 1402 235 1438 in
269 1401 434 1439 vestibus
462 1415 504 1439 ac
531 1403 705 1451 gestibus
731 1402 1003 1453 propemodum
1030 1402 1223 1439 theatricis
1251 1404 1375 1445 notas,
1402 1413 1496 1451 quae
1523 1399 1634 1448 vulgo
1662 1411 1731 1449 pu-

199 1465 318 1503 blicae
352 1466 604 1517 poenitentiae
632 1466 804 1504 adhiberi
834 1470 1120 1511 consueverunt,
1149 1478 1227 1503 non
1254 1477 1479 1515 magnopere
1506 1462 1642 1500 morati
1670 1474 1731 1499 su-

196 1544 292 1578 mus,
319 1532 419 1582 quod
446 1545 566 1583 neque
593 1545 745 1583 prorsus
773 1546 794 1570 a
823 1533 1034 1583 suspicione
1061 1532 1200 1569 liberae
1228 1544 1306 1568 esse
1335 1529 1519 1574 videntur,
1546 1533 1580 1566 et
1599 1528 1734 1565 fallant

198 1609 275 1634 non
311 1609 394 1633 raro
432 1610 498 1634 sua
535 1597 725 1648 hypocrisi
751 1597 955 1635 multorum
981 1596 1133 1634 iudicia.
1187 1595 1360 1645 Denique
1387 1593 1542 1634 nonita
1570 1592 1727 1629 multum

199 1660 372 1698 videntur
407 1661 454 1698 ad
490 1661 787 1699 aedificationem
817 1663 950 1708 facere,
976 1665 1012 1699 et
1040 1661 1230 1712 pertinent
1256 1659 1382 1710 potius
1409 1657 1455 1695 ad
1485 1656 1730 1706 Magistratus

198 1725 343 1775 politici
377 1725 527 1771 iudicia,
563 1739 675 1777 quam
712 1726 759 1763 ad
796 1718 1084 1763 Ecclesiasticae
1111 1726 1222 1773 (332)
1253 1722 1471 1773 disciplinae
1499 1721 1730 1759 observatio-

199 1803 296 1829 nem.
349 1792 474 1841 Atque
511 1791 555 1828 de
589 1791 742 1842 publica
776 1791 1008 1842 poenitentia
1045 1793 1203 1827 tantum.
1258 1788 1373 1826 Nunc
1401 1787 1446 1824 de
1473 1785 1730 1824 excommuni-

200 1855 344 1893 catione
371 1855 571 1893 dicendum
597 1856 679 1899 erit,
706 1856 754 1893 ad
781 1869 894 1906 quam
921 1844 1108 1893 recurrere
1135 1857 1296 1905 oportet,
1323 1856 1500 1902 tanquam
1522 1851 1567 1888 ad
1589 1862 1729 1887 sacram

199 1932 387 1965 ancoram,
423 1920 454 1958 si
490 1920 555 1970 qui
589 1920 631 1957 in
667 1920 835 1958 Ecclesia
863 1920 975 1958 nullis
1003 1919 1158 1957 omnino
1187 1931 1306 1969 neque
1333 1915 1488 1968 privatis
1517 1928 1635 1966 neque
1662 1927 1730 1965 pu-
1776 1915 1777 1918 ’

201 1985 309 2022 blicis
336 1985 672 2028 admonitionibus,
699 1985 803 2023 iuxta
831 1999 957 2024 earum
985 1984 1138 2035 gradus,
1166 1983 1213 2021 ad
1244 1981 1539 2033 resipiscentiam
1567 1978 1734 2017 revocari

194 2049 352 2099 possint.

470 2201 535 2240 De
562 2202 698 2240 modo
726 2215 775 2240 ac
802 2202 899 2240 ritu
927 2199 1464 2240 excommunicationis.

248 2304 339 2342 Post
367 2305 584 2342 observatos
613 2317 741 2343 omnes
769 2305 949 2351 omnium,
979 2308 1019 2342 ut
1047 2303 1188 2341 dictum
1216 2305 1284 2348 est,
1313 2300 1613 2339 admonitionum
1641 2310 1729 2348 gra·

199 2367 279 2413 dus,
318 2369 349 2405 si
386 2368 499 2405 frater
535 2368 719 2419 quispiam
755 2367 830 2405 illis
858 2367 1036 2417 neglectis
1063 2366 1116 2404 ita
1142 2365 1182 2403 in
1211 2369 1365 2416 peccato
1396 2376 1462 2401 suo
1492 2362 1731 2405 obdurescat,

198 2438 238 2468 ut
274 2433 415 2469 nullam
451 2433 631 2483 reliquam
669 2446 768 2483 spem
805 2432 919 2470 faciat
954 2431 1232 2483 resipiscentiae
1260 2442 1347 2467 suae
1375 2427 1561 2465 Ministris
1589 2438 1632 2463 ac
1661 2425 1727 2462 Se-

198 2496 369 2534 nioribus
405 2498 595 2537 Ecclesiae
631 2497 816 2543 omnibus,
851 2501 933 2534 tum
968 2495 1178 2535 necessario
1215 2499 1270 2533 est
1305 2492 1528 2532 veniendum
1564 2490 1611 2528 ad
1641 2490 1726 2527 talis

200 2561 398 2600 cuiuslibet
426 2562 551 2600 fratris
580 2561 1015 2600 excommunicationem.
1053 2560 1205 2598 Dictum
1234 2563 1289 2597 est
1316 2561 1439 2596 autem
1467 2556 1540 2592 iam
1569 2554 1614 2592 de
1640 2567 1726 2603 gra-

199 2627 307 2664 dibus
335 2631 370 2664 et
398 2627 527 2664 ordine
554 2627 868 2670 admonitionum,
897 2639 989 2676 quae
1017 2625 1188 2676 privatim
1208 2628 1243 2661 et
1262 2623 1411 2674 publice
1426 2620 1613 2658 habentur
1630 2618 1724 2669 apud

197 2688 340 2739 lapsum
378 2689 529 2727 fratrem
566 2690 738 2740 aliquem,
777 2689 910 2727 deinde
944 2688 983 2725 in
1023 2692 1129 2726 coetu
1168 2686 1429 2745 Ministrorum
1458 2696 1500 2720 ac
1529 2682 1727 2720 Seniorum

198 2753 400 2799 Ecclesiae,
435 2758 624 2804 postremo
663 2768 788 2793 coram
822 2758 902 2792 tota
939 2753 1120 2797 Ecclesia,
1147 2752 1362 2803 priusquam
1395 2748 1442 2786 ad
1470 2747 1728 2785 excommuni-

200 2818 381 2855 cationem
409 2818 657 2868 perveniatur,
685 2818 885 2867 u-(333)bi
912 2816 956 2855 de
983 2830 1185 2868 progressu
1212 2814 1432 2865 disciplinae
1459 2812 1596 2862 agitur.
1649 2810 1729 2848 Ubi

196 2884 310 2935 igitur
338 2885 512 2922 omnibus
540 2885 615 2922 illis
642 2883 964 2923 admonitionibus
993 2882 1088 2920 nihil
1119 2881 1210 2920 efflei
1230 2879 1365 2931 potuit,
1393 2878 1463 2915 hoc
1479 2877 1600 2915 solum
1618 2879 1734 2913 restat
