1830 3147
156 105 218 155 [A.
245 103 290 143 D.
316 104 428 153 1544]
893 103 962 139 580

153 214 216 250 aut
250 225 358 257 amor,
391 212 421 248 si
454 211 521 248 ocii
554 210 608 247 tui
634 211 746 258 quies,
784 210 936 258 denique
962 211 993 247 si
1019 210 1114 247 ullus
1140 211 1284 247 omnino
1310 210 1484 246 humanus
1512 210 1569 247 vel
1594 210 1698 247 affec-

155 277 216 310 tus
243 273 299 310 vel
326 276 442 310 metus
467 271 718 320 quoquomodo
743 274 954 316 remoratur,
988 272 1181 320 quominus
1209 272 1303 308 vitae
1328 284 1440 319 genus
1466 271 1530 307 hoc
1556 271 1707 315 deseras,

159 336 196 371 in
235 347 307 382 quo
342 337 439 370 certa
478 333 620 370 interim
655 346 726 370 non
761 345 837 370 esse
863 345 971 380 queas
996 346 1041 370 an
1068 333 1201 369 Christi
1226 332 1360 379 gloriae
1384 345 1466 369 vere
1491 332 1635 377 servias,
1659 352 1708 364 -ο

159 395 272 432 adhuc
298 394 466 439 declaras,
493 381 569 430 mea
594 394 712 431 soror!
740 396 777 430 te
801 406 874 430 non
900 406 983 430 vere
1008 396 1118 441 atque
1143 406 1186 430 ex
1211 393 1328 429 animo
1352 392 1389 429 id
1414 405 1553 441 cupere,
1578 395 1622 429 ut
1647 404 1709 440 per

158 460 197 494 te
223 457 356 493 Christi
382 456 528 492 Domini
552 455 668 503 gloria
693 456 957 503 promoveatur.
984 454 1063 491 Scio
1089 454 1144 491 hic
1170 453 1362 491 habendam
1389 467 1465 491 esse
1488 453 1706 491 infirmitatis

159 521 303 555 nostrae
337 518 524 562 rationem,
557 517 618 554 sed
651 529 816 554 accusare
848 530 924 554 eam
959 517 996 553 in
1029 516 1130 554 nobis
1155 516 1333 561 debemus,
1366 529 1438 554 non
1464 516 1568 561 alere,
1593 516 1708 554 multo

160 580 277 616 minus
303 579 356 615 illi
382 580 433 615 ita
458 578 655 626 indulgere,
679 582 723 615 ut
748 578 847 614 illius
872 579 979 615 etiam
1005 577 1251 615 excusationes
1276 590 1496 626 quaeramus.

207 640 380 688 Equidem
406 643 461 677 est
486 640 551 677 hoc
576 640 725 677 rationis
750 642 894 677 nostrae
918 639 1101 686 ingenium
1126 642 1169 675 ut
1186 639 1224 676 in
1241 639 1462 677 inveniendis
1478 641 1704 688 peccatorum

159 705 366 740 nostrorum
406 701 696 739 excusationibus
722 701 870 738 nimium
895 701 1071 749 ingeniosi
1095 701 1217 745 simus,
1243 701 1304 738 sed
1330 702 1394 749 qui
1418 701 1552 738 Christi
1576 701 1709 749 gloriae

158 776 242 801 vere
275 764 408 801 servire
445 764 556 812 cupit,
592 764 622 800 is
659 762 761 800 facile
793 762 977 810 intelligit,
1010 775 1083 800 non
1109 766 1182 799 tam
1209 763 1356 800 rationis
1381 765 1524 801 nostrae
1549 763 1708 810 argutias

158 837 266 873 quam
296 824 396 861 verbi
429 824 543 862 divini
577 824 699 873 potius
733 824 968 861 autoritatem
1001 823 1068 861 sibi
1103 824 1317 871 sequendam
1343 837 1431 862 esse.
1479 824 1556 861 Iam
1581 837 1710 871 negare

158 898 230 923 non
255 890 357 934 potes
384 886 481 923 vitae
507 886 572 922 hoc
598 888 683 922 tuae
708 897 823 932 genus
848 885 983 922 larvam
1009 885 1112 934 plane
1137 886 1389 934 hypocriticam
1414 898 1501 931 esse,
1526 888 1710 934 utcunque

156 949 300 985 tandem
336 948 433 984 illam
466 960 623 992 excuses,
660 949 696 984 et
733 947 904 984 adversus
939 948 1028 985 hanc
1064 950 1205 985 exstare
1229 950 1391 996 apertum
1417 948 1485 985 Dei
1504 948 1709 985 mandatum

159 1020 231 1056 quo
267 1009 368 1045 nobis
406 1008 450 1045 ab
483 1009 578 1045 omni
620 1008 844 1056 hypocriseos
880 1009 995 1057 specie
1033 1021 1156 1045 cavere
1193 1008 1366 1047 iubemur.
1415 1010 1512 1046 Huic
1537 1010 1648 1057 igitur
1673 1012 1711 1046 te

160 1070 327 1107 mandato
361 1083 427 1107 suo
462 1070 603 1108 obedire
639 1071 750 1118 magis
783 1074 936 1119 oportet,
973 1070 1111 1108 etiamsi
1137 1071 1293 1108 infinitas
1318 1071 1541 1120 hypocriseos
1567 1084 1709 1109 excusa-

159 1131 275 1168 tiones
301 1131 426 1168 habere
451 1132 576 1180 possis,
603 1132 777 1179 siquidem
805 1132 943 1169 Christi
968 1132 1102 1180 gloriae
1127 1132 1165 1169 in
1191 1133 1356 1170 mandato
1375 1146 1440 1170 suo
1458 1134 1591 1170 servire
1607 1133 1708 1170 velis.

160 1193 275 1230 Taceo
301 1193 356 1230 hic
380 1193 574 1241 impietatis
599 1193 743 1238 lernam,
769 1194 871 1231 cuius
890 1195 1117 1232 sanctitatem
1134 1196 1164 1243 2)
1184 1194 1325 1243 publico
1342 1195 1461 1232 larvae
1477 1195 1582 1231 huius
1600 1195 1708 1243 hypo·

161 1254 306 1290 criticae
331 1254 539 1291 testimonio
564 1255 755 1303 profiteris,
781 1255 920 1292 etiamsi
946 1258 984 1292 te
1009 1255 1127 1292 animo
1153 1258 1217 1292 tuo
1243 1255 1298 1292 illi
1323 1268 1396 1293 non
1420 1256 1584 1293 assentiri
1601 1256 1709 1296 dicas.

208 1316 245 1352 Si
278 1329 361 1353 vere
396 1315 439 1353 ab
470 1316 531 1353 illa
565 1317 681 1354 animo
713 1320 779 1354 tuo
813 1317 992 1362 abhorres,
1026 1317 1276 1365 conquiescere
1311 1330 1384 1354 non
1417 1318 1564 1366 poteris,
1597 1318 1708 1356 donec

160 1379 258 1414 certa
283 1378 343 1422 sis,
369 1380 407 1414 te
431 1390 511 1414 cum
537 1377 599 1414 illa
624 1377 758 1414 nullam
783 1391 928 1425 prorsus
954 1379 1235 1415 communionem
1254 1378 1390 1422 habere,
1408 1379 1546 1415 etiamsi
1563 1381 1708 1416 tuorum

162 1438 318 1475 omnium
352 1438 433 1475 odia
464 1438 625 1475 convicia
659 1441 696 1475 et
729 1441 949 1475 contemtum
983 1438 1108 1475 debeas
1142 1439 1331 1475 sustinere.
1379 1438 1449 1475 Fac
1474 1438 1598 1485 igitur,
1633 1451 1710 1475 mea
1757 1488 1762 1491 ᾖ

161 1500 282 1536 soror!
310 1499 465 1536 declares
491 1502 528 1536 te
553 1499 645 1536 velle
671 1499 805 1536 servire
829 1505 914 1536 ante
940 1500 1058 1535 omnia
1084 1499 1218 1535 Christi
1243 1499 1377 1546 gloriae
1403 1501 1439 1535 et
1464 1497 1596 1534 larvam
1621 1499 1710 1535 hanc

161 1560 414 1609 hypocriticam
446 1560 569 1604 abiioe,
602 1560 802 1607 Papisticae
836 1560 1030 1608 impietatis
1066 1563 1206 1596 testem.
1256 1559 1423 1606 Adiunge
1455 1563 1492 1596 te
1516 1558 1630 1608 palam
1656 1559 1710 1596 his

161 1620 224 1667 qui
248 1632 366 1657 coram
391 1619 527 1666 angelis
554 1621 591 1656 et
616 1619 818 1656 hominibus
845 1619 966 1656 lumen
992 1632 1031 1656 ac
1057 1620 1255 1656 doctrinam
1282 1620 1415 1656 Christi
1441 1620 1585 1656 Domini
1614 1621 1710 1657 unici

162 1682 273 1729 Regis
307 1694 346 1718 ac
380 1682 566 1718 Pontificis
601 1682 738 1718 aeterni
776 1682 891 1718 nostri
927 1682 1154 1730 profitentur.
1203 1682 1330 1729 Neque
1355 1682 1410 1718 hic
1436 1685 1571 1730 spectes
1596 1682 1710 1719 ullum

161 1744 304 1780 omnino
338 1743 525 1788 hominem,
561 1743 622 1780 sed
659 1744 841 1780 Christum
879 1743 993 1780 solum
1021 1744 1198 1780 duntaxat
1223 1744 1376 1781 intuere.
1426 1744 1465 1780 Is
1491 1744 1557 1781 tibi
1581 1745 1711 1782 amicos

164 1805 328 1852 protinus
353 1804 451 1841 dabit
477 1805 540 1852 qui
566 1805 620 1841 tui
646 1817 766 1842 curam
792 1805 957 1850 habeant,
982 1806 1011 1842 si
1037 1806 1074 1842 in
1093 1805 1301 1853 virginitate
1318 1818 1532 1854 permaneas,
1551 1808 1587 1843 et
1605 1819 1708 1854 spon-

163 1880 241 1903 sum
267 1870 305 1904 te
331 1867 488 1914 dignum,
523 1868 553 1903 si
578 1867 665 1904 velis
691 1868 834 1913 nubere,
861 1868 999 1905 etiamsi
1023 1868 1090 1912 1110,
1116 1868 1212 1916 qnod
1238 1868 1400 1916 equidem
1425 1881 1497 1905 non
1518 1871 1619 1916 puto,
1646 1868 1708 1905 fal-

165 1929 292 1965 lamur.
342 1929 507 1966 Breviter
534 1929 715 1967 Christum
744 1930 895 1967 iudicem
921 1930 1101 1967 actionum
1128 1933 1271 1966 tuarum
1298 1930 1455 1967 omnium
1480 1943 1648 1978 propone,
1674 1931 1711 1966 in

165 1990 258 2027 hunc
284 1990 417 2028 defixos
444 1991 566 2028 oeulos
592 1991 728 2036 habeas,
756 1992 849 2028 hunc
874 1991 941 2028 tibi
967 1994 1086 2028 statue
1111 1991 1328 2039 sequendum
1355 2003 1442 2036 esse,
1469 1995 1505 2028 et
1530 2004 1574 2028 ne
1599 2004 1710 2029 more—

164 2053 212 2088 ris
355 2053 458 2100 Quod
484 2053 526 2090 ad
553 2067 607 2090 me
632 2055 777 2098 attinet,
803 2053 917 2090 detuli
943 2054 1009 2090 tibi
1034 2067 1105 2090 non
1131 2053 1237 2090 semel
1263 2066 1338 2090 mea
1363 2053 1491 2090 omnia.
1538 2054 1591 2090 Ea
1616 2066 1710 2090 nunc

164 2113 295 2150 iterum
321 2114 387 2150 tibi
412 2127 485 2150 non
511 2114 630 2151 fucate
656 2114 787 2152 defero.
813 2114 907 2151 Veni
932 2117 1054 2162 itaque
1080 2117 1116 2151 et
1142 2127 1261 2152 curam
1287 2115 1375 2151 hanc
1399 2114 1521 2159 abiice,
1540 2115 1607 2151 eris
1626 2115 1709 2151 mihi

163 2186 267 2211 curae
307 2188 379 2212 non
412 2188 512 2212 secus
545 2179 654 2223 atque
688 2189 787 2213 soror
821 2189 909 2220 mea,
943 2180 979 2213 et
1015 2189 1106 2224 quae
1132 2177 1216 2213 mihi
1250 2177 1422 2213 Dominus
1454 2177 1637 2224 largietur,
1671 2190 1712 2214 ea

166 2238 284 2271 tecum
319 2237 518 2273 communia
553 2237 697 2274 habebo.
748 2237 851 2274 Uxor
884 2250 960 2274 mea
993 2241 1030 2274 te
1063 2237 1197 2274 salutat
1230 2241 1267 2274 et
1301 2237 1344 2274 de
1368 2237 1435 2274 fide
1461 2238 1593 2275 silentii
1617 2239 1711 2287 apud

166 2295 393 2334 Franciscum
413 2299 441 2345 3)
469 2298 568 2335 iubet
594 2304 631 2335 te
658 2311 815 2335 securam
843 2311 930 2335 esse.
958 2299 995 2335 Si
1020 2299 1107 2347 quid
1131 2299 1175 2335 ad
1200 2299 1350 2336 amicum
1375 2303 1528 2336 veterem
1548 2303 1710 2336 nostrum

164 2358 254 2395 velis
288 2359 450 2404 scribere,
487 2360 539 2396 fac
575 2360 618 2396 ad
652 2373 707 2397 me
740 2361 815 2397 sine
849 2374 946 2397 mora
978 2361 1213 2404 transmittas,
1247 2360 1423 2408 simulque
1449 2361 1532 2396 mihi
1558 2365 1710 2398 mentem

166 2424 265 2456 tuam
302 2423 493 2457 extremam
526 2421 715 2469 perscribe,
751 2424 816 2458 aut
840 2421 936 2469 quod
963 2421 1112 2466 mallem,
1137 2421 1288 2470 ipsamet
1313 2434 1378 2457 nos
1403 2422 1546 2466 invisas,
1573 2421 1711 2457 etiamsi

167 2493 248 2517 mox
274 2493 397 2518 rursus
424 2485 460 2518 te
478 2482 591 2519 redire
616 2483 697 2519 istic
724 2486 917 2530 oporteret.
952 2483 1020 2519 Sed
1042 2482 1095 2519 fae
1121 2487 1163 2519 111
1188 2483 1251 2519 hac
1276 2482 1489 2518 hebdomade
1515 2481 1571 2518 vel
1597 2485 1633 2518 te
1658 2482 1708 2530 ip-

163 2554 248 2586 sam,
275 2543 370 2590 quod
396 2544 558 2591 optarim,
586 2544 643 2580 vel
668 2543 791 2580 literas
818 2549 899 2581 tuas
925 2544 1126 2581 habeamus.
1164 2544 1247 2580 Non
1274 2545 1366 2580 enim
1392 2543 1542 2580 scribere
1566 2556 1708 2591 possum

161 2604 277 2640 omnia
302 2616 392 2651 quae
418 2605 557 2643 vellem.
606 2605 696 2642 Vale
721 2605 853 2642 Emdae
879 2606 923 2641 25
950 2605 1108 2652 Augusti
1134 2605 1241 2641 Anno
1269 2606 1374 2649 1544„

1117 2660 1136 2664 ’
1270 2665 1377 2702 Νο511
1403 2677 1556 2701 manum.

207 2776 232 2816 ¹)
257 2776 278 2808 i.
309 2786 335 2807 e.
366 2776 532 2810 Hardcnb.
576 2779 602 2818 2)
628 2777 738 2810 Gerd.:
769 2777 958 2810 satietatem.
1004 2777 1030 2818 3)
1056 2778 1170 2811 Frane.
1204 2777 1361 2820 intelligo.
1392 2778 1544 2818 Rengers.
1578 2776 1628 2811 Cf.
1660 2787 1710 2819 ep.

159 2830 212 2863 19.
234 2841 265 2873 p.
292 2831 365 2865 576.

582 2917 1035 2923 -wffl-..--.--.——.-.
1042 2916 1704 2924 -fi-ss—*b-x——n--..Q—„w-
