<?xml version="1.0" encoding="UTF-8"?>
<!DOCTYPE html PUBLIC "-//W3C//DTD XHTML 1.0 Transitional//EN"
    "http://www.w3.org/TR/xhtml1/DTD/xhtml1-transitional.dtd">
<html xmlns="http://www.w3.org/1999/xhtml" xml:lang="en" lang="en">
 <head>
  <title>
</title>
<meta http-equiv="Content-Type" content="text/html;charset=utf-8" />
  <meta name='ocr-system' content='tesseract 3.04.00' />
  <meta name='ocr-capabilities' content='ocr_page ocr_carea ocr_par ocr_line ocrx_word'/>
</head>
<body>
  <div class='ocr_page' id='page_1' title='image "./operatameditaqua02lask_0667.png"; bbox 0 0 1830 3147; ppageno 0'>
   <div class='ocr_carea' id='block_1_1' title="bbox 99 87 1639 357">
    <p class='ocr_par' dir='ltr' id='par_1_1' title="bbox 99 87 1639 357">
     <span class='ocr_line' id='line_1_1' title="bbox 836 87 1639 142; baseline -0.014 -6"><span class='ocrx_word' id='word_1_1' title='bbox 836 101 904 136; x_wconf 86' lang='lat'><strong>645</strong></span> <span class='ocrx_word' id='word_1_2' title='bbox 1368 92 1429 142; x_wconf 87' lang='lat' dir='ltr'><strong>[A.</strong></span> <span class='ocrx_word' id='word_1_3' title='bbox 1456 90 1502 128; x_wconf 90' lang='lat' dir='ltr'><strong>D.</strong></span> <span class='ocrx_word' id='word_1_4' title='bbox 1528 87 1639 137; x_wconf 82' lang='lat'>1551]</span> 
     </span>
     <span class='ocr_line' id='line_1_2' title="bbox 99 200 1633 257; baseline -0.013 -1"><span class='ocrx_word' id='word_1_5' title='bbox 99 218 135 256; x_wconf 93' lang='lat' dir='ltr'>N</span> <span class='ocrx_word' id='word_1_6' title='bbox 138 217 165 256; x_wconf 82' lang='lat'><strong>⁰.</strong></span> <span class='ocrx_word' id='word_1_7' title='bbox 192 217 249 257; x_wconf 87' lang='lat'><strong>70.</strong></span> <span class='ocrx_word' id='word_1_8' title='bbox 942 209 991 256; x_wconf 69' lang='lat'>[131</span> <span class='ocrx_word' id='word_1_9' title='bbox 1004 213 1093 254; x_wconf 71' lang='lat' dir='ltr'><strong>lpogr.</strong></span> <span class='ocrx_word' id='word_1_10' title='bbox 1104 210 1142 244; x_wconf 74' lang='lat' dir='ltr'><strong>ed.</strong></span> <span class='ocrx_word' id='word_1_11' title='bbox 1158 208 1227 247; x_wconf 67' lang='lat'>155⁴,</span> <span class='ocrx_word' id='word_1_12' title='bbox 1243 216 1310 250; x_wconf 76' lang='lat' dir='ltr'><strong>quam</strong></span> <span class='ocrx_word' id='word_1_13' title='bbox 1323 206 1385 240; x_wconf 76' lang='lat' dir='ltr'><strong>Bibt.</strong></span> <span class='ocrx_word' id='word_1_14' title='bbox 1397 203 1490 240; x_wconf 78' lang='lat' dir='ltr'><strong>nuhlin.</strong></span> <span class='ocrx_word' id='word_1_15' title='bbox 1500 200 1633 248; x_wconf 59' lang='lat' dir='ltr'><strong>asservat]</strong></span> 
     </span>
     <span class='ocr_line' id='line_1_3' title="bbox 661 302 1070 357; baseline -0.015 0"><span class='ocrx_word' id='word_1_16' title='bbox 661 302 720 357; x_wconf 78' lang='lat' dir='ltr'><strong>Ad</strong></span> <span class='ocrx_word' id='word_1_17' title='bbox 744 319 975 356; x_wconf 66' lang='lat' dir='ltr'><strong>Enwmmm</strong></span> <span class='ocrx_word' id='word_1_18' title='bbox 999 315 1070 353; x_wconf 85' lang='lat' dir='ltr'><strong>VI.</strong></span> 
     </span>
    </p>
   </div>
   <div class='ocr_carea' id='block_1_2' title="bbox 276 421 1453 537">
    <p class='ocr_par' dir='ltr' id='par_1_2' title="bbox 276 421 1453 537">
     <span class='ocr_line' id='line_1_4' title="bbox 276 421 1453 479; baseline -0.009 -11"><span class='ocrx_word' id='word_1_19' title='bbox 276 429 437 479; x_wconf 88' lang='lat' dir='ltr'><strong>Epistola</strong></span> <span class='ocrx_word' id='word_1_20' title='bbox 461 426 679 467; x_wconf 74' lang='lat' dir='ltr'>dedicatoria</span> <span class='ocrx_word' id='word_1_21' title='bbox 704 424 945 463; x_wconf 81' lang='lat' dir='ltr'><strong>Confessionis</strong></span> <span class='ocrx_word' id='word_1_22' title='bbox 969 423 1147 461; x_wconf 81' lang='lat' dir='ltr'><strong>Ecclesiae</strong></span> <span class='ocrx_word' id='word_1_23' title='bbox 1169 421 1453 470; x_wconf 88' lang='lat' dir='ltr'><strong>Peregrinorum,</strong></span> 
     </span>
     <span class='ocr_line' id='line_1_5' title="bbox 601 485 1144 537; baseline -0.006 -12"><span class='ocrx_word' id='word_1_24' title='bbox 601 501 694 537; x_wconf 87' lang='lat' dir='ltr'><strong>quae</strong></span> <span class='ocrx_word' id='word_1_25' title='bbox 719 486 875 524; x_wconf 87' lang='lat' dir='ltr'><strong>Londini</strong></span> <span class='ocrx_word' id='word_1_26' title='bbox 899 485 1144 535; x_wconf 84' lang='lat' dir='ltr'><strong>colligebatur.</strong></span> 
     </span>
    </p>
   </div>
   <div class='ocr_carea' id='block_1_3' title="bbox 437 592 1301 647">
    <p class='ocr_par' dir='ltr' id='par_1_3' title="bbox 437 592 1301 647">
     <span class='ocr_line' id='line_1_6' title="bbox 437 592 1301 647; baseline -0.008 -11"><span class='ocrx_word' id='word_1_27' title='bbox 437 598 589 647; x_wconf 81' lang='lat' dir='ltr'><strong>Legitur</strong></span> <span class='ocrx_word' id='word_1_28' title='bbox 615 597 669 635; x_wconf 89' lang='lat' dir='ltr'><strong>ed.</strong></span> <span class='ocrx_word' id='word_1_29' title='bbox 696 598 811 634; x_wconf 92' lang='lat' dir='ltr'><strong>nostr.</strong></span> <span class='ocrx_word' id='word_1_30' title='bbox 834 596 934 633; x_wconf 88' lang='lat' dir='ltr'><strong>Tom.</strong></span> <span class='ocrx_word' id='word_1_31' title='bbox 960 595 1014 632; x_wconf 91' lang='lat' dir='ltr'><strong>II.</strong></span> <span class='ocrx_word' id='word_1_32' title='bbox 1039 607 1074 643; x_wconf 87' lang='lat' dir='ltr'><strong>p.</strong></span> <span class='ocrx_word' id='word_1_33' title='bbox 1100 592 1301 632; x_wconf 79' lang='lat'><strong>287-292.</strong></span> 
     </span>
    </p>
   </div>
   <div class='ocr_carea' id='block_1_4' title="bbox 96 716 322 724">
    <p class='ocr_par' dir='ltr' id='par_1_4' title="bbox 96 716 322 724">
     <span class='ocr_line' id='line_1_7' title="bbox 96 716 322 724; baseline 0 2423"><span class='ocrx_word' id='word_1_34' title='bbox 96 716 322 724; x_wconf 95' lang='lat' dir='ltr'><strong> </strong></span> 
     </span>
    </p>
   </div>
   <div class='ocr_carea' id='block_1_5' title="bbox 99 777 1635 827">
    <p class='ocr_par' dir='ltr' id='par_1_5' title="bbox 99 777 1635 827">
     <span class='ocr_line' id='line_1_8' title="bbox 99 777 1635 827; baseline -0.007 -4"><span class='ocrx_word' id='word_1_35' title='bbox 99 785 134 823; x_wconf 90' lang='lat' dir='ltr'>N</span> <span class='ocrx_word' id='word_1_36' title='bbox 139 786 166 822; x_wconf 64' lang='grc' dir='ltr'><strong>ο.</strong></span> <span class='ocrx_word' id='word_1_37' title='bbox 193 785 250 825; x_wconf 88' lang='grc'><strong>71.</strong></span> <span class='ocrx_word' id='word_1_38' title='bbox 1228 780 1277 827; x_wconf 81' lang='lat' dir='ltr'><strong>[Ex</strong></span> <span class='ocrx_word' id='word_1_39' title='bbox 1290 781 1358 815; x_wconf 65' lang='lat' dir='ltr'><strong>trah.</strong></span> <span class='ocrx_word' id='word_1_40' title='bbox 1371 791 1434 815; x_wconf 81' lang='lat' dir='ltr'><strong>secr.</strong></span> <span class='ocrx_word' id='word_1_41' title='bbox 1446 790 1498 822; x_wconf 84' lang='lat' dir='ltr'><strong>reg.</strong></span> <span class='ocrx_word' id='word_1_42' title='bbox 1511 777 1635 824; x_wconf 62' lang='lat' dir='ltr'><strong>Region]</strong></span> 
     </span>
    </p>
   </div>
   <div class='ocr_carea' id='block_1_6' title="bbox 647 891 1095 929">
    <p class='ocr_par' dir='ltr' id='par_1_6' title="bbox 647 891 1095 929">
     <span class='ocr_line' id='line_1_9' title="bbox 647 891 1095 929; baseline -0.011 1"><span class='ocrx_word' id='word_1_43' title='bbox 647 891 708 929; x_wconf 92' lang='lat' dir='ltr'><strong>Ad</strong></span> <span class='ocrx_word' id='word_1_44' title='bbox 732 892 870 929; x_wconf 66' lang='lat' dir='ltr'><strong>Ducam</strong></span> <span class='ocrx_word' id='word_1_45' title='bbox 894 891 1095 927; x_wconf 68' lang='lat' dir='ltr'><strong>Pnussma.</strong></span> 
     </span>
    </p>
   </div>
   <div class='ocr_carea' id='block_1_7' title="bbox 98 1006 1650 2964">
    <p class='ocr_par' dir='ltr' id='par_1_7' title="bbox 98 1006 1650 2851">
     <span class='ocr_line' id='line_1_10' title="bbox 145 1006 1639 1055; baseline -0.005 -5"><span class='ocrx_word' id='word_1_46' title='bbox 145 1013 312 1050; x_wconf 87' lang='lat' dir='ltr'><strong>Ternas</strong></span> <span class='ocrx_word' id='word_1_47' title='bbox 345 1025 367 1049; x_wconf 79' lang='lat' dir='ltr'><strong>a</strong></span> <span class='ocrx_word' id='word_1_48' title='bbox 400 1014 479 1049; x_wconf 84' lang='lat' dir='ltr'><strong>tua</strong></span> <span class='ocrx_word' id='word_1_49' title='bbox 514 1011 812 1050; x_wconf 90' lang='lat' dir='ltr'><strong>Celsitudine</strong></span> <span class='ocrx_word' id='word_1_50' title='bbox 844 1011 1037 1049; x_wconf 74' lang='lat' dir='ltr'><strong>litteras</strong></span> <span class='ocrx_word' id='word_1_51' title='bbox 1072 1008 1271 1047; x_wconf 89' lang='lat' dir='ltr'><strong>eiusdem</strong></span> <span class='ocrx_word' id='word_1_52' title='bbox 1295 1006 1554 1055; x_wconf 85' lang='lat' dir='ltr'><strong>argumenti</strong></span> <span class='ocrx_word' id='word_1_53' title='bbox 1578 1019 1639 1043; x_wconf 84' lang='lat' dir='ltr'><strong>ac·</strong></span> 
     </span>
     <span class='ocr_line' id='line_1_11' title="bbox 99 1070 1642 1123; baseline -0.005 -11"><span class='ocrx_word' id='word_1_54' title='bbox 99 1074 212 1122; x_wconf 87' lang='lat' dir='ltr'><strong>cepi,</strong></span> <span class='ocrx_word' id='word_1_55' title='bbox 248 1087 301 1112; x_wconf 83' lang='lat' dir='ltr'><strong>ex</strong></span> <span class='ocrx_word' id='word_1_56' title='bbox 327 1074 493 1123; x_wconf 88' lang='lat' dir='ltr'><strong>quibus</strong></span> <span class='ocrx_word' id='word_1_57' title='bbox 519 1074 650 1111; x_wconf 88' lang='lat' dir='ltr'><strong>video</strong></span> <span class='ocrx_word' id='word_1_58' title='bbox 676 1074 850 1123; x_wconf 89' lang='lat' dir='ltr'><strong>scripta</strong></span> <span class='ocrx_word' id='word_1_59' title='bbox 876 1086 966 1110; x_wconf 89' lang='lat' dir='ltr'><strong>mea</strong></span> <span class='ocrx_word' id='word_1_60' title='bbox 990 1072 1041 1110; x_wconf 87' lang='lat' dir='ltr'><strong>ad</strong></span> <span class='ocrx_word' id='word_1_61' title='bbox 1066 1076 1187 1109; x_wconf 86' lang='lat' dir='ltr'><strong>tuam</strong></span> <span class='ocrx_word' id='word_1_62' title='bbox 1212 1070 1536 1109; x_wconf 82' lang='lat' dir='ltr'><strong>celsitudinem</strong></span> <span class='ocrx_word' id='word_1_63' title='bbox 1563 1071 1642 1105; x_wconf 85' lang='lat' dir='ltr'><strong>aut</strong></span> 
     </span>
     <span class='ocr_line' id='line_1_12' title="bbox 98 1130 1640 1184; baseline -0.005 -11"><span class='ocrx_word' id='word_1_64' title='bbox 98 1149 184 1173; x_wconf 87' lang='lat' dir='ltr'><strong>non</strong></span> <span class='ocrx_word' id='word_1_65' title='bbox 216 1136 499 1184; x_wconf 88' lang='lat' dir='ltr'><strong>pervenisse,</strong></span> <span class='ocrx_word' id='word_1_66' title='bbox 531 1139 609 1172; x_wconf 90' lang='lat' dir='ltr'><strong>aut</strong></span> <span class='ocrx_word' id='word_1_67' title='bbox 644 1136 792 1172; x_wconf 87' lang='lat' dir='ltr'><strong>serius</strong></span> <span class='ocrx_word' id='word_1_68' title='bbox 829 1148 960 1184; x_wconf 85' lang='lat' dir='ltr'><strong>quam</strong></span> <span class='ocrx_word' id='word_1_69' title='bbox 985 1133 1200 1183; x_wconf 85' lang='lat' dir='ltr'><strong>oportuit</strong></span> <span class='ocrx_word' id='word_1_70' title='bbox 1226 1132 1419 1169; x_wconf 87' lang='lat' dir='ltr'><strong>venisse.</strong></span> <span class='ocrx_word' id='word_1_71' title='bbox 1470 1130 1523 1167; x_wconf 89' lang='lat' dir='ltr'><strong>In</strong></span> <span class='ocrx_word' id='word_1_72' title='bbox 1549 1130 1640 1178; x_wconf 88' lang='lat' dir='ltr'><strong>qui-</strong></span> 
     </span>
     <span class='ocr_line' id='line_1_13' title="bbox 99 1192 1640 1245; baseline -0.003 -12"><span class='ocrx_word' id='word_1_73' title='bbox 99 1197 178 1233; x_wconf 91' lang='lat' dir='ltr'><strong>bus</strong></span> <span class='ocrx_word' id='word_1_74' title='bbox 204 1210 282 1244; x_wconf 89' lang='lat' dir='ltr'><strong>ego</strong></span> <span class='ocrx_word' id='word_1_75' title='bbox 308 1196 490 1245; x_wconf 88' lang='lat' dir='ltr'><strong>alioqui</strong></span> <span class='ocrx_word' id='word_1_76' title='bbox 514 1196 645 1245; x_wconf 87' lang='lat' dir='ltr'><strong>plene</strong></span> <span class='ocrx_word' id='word_1_77' title='bbox 670 1196 720 1233; x_wconf 89' lang='lat' dir='ltr'><strong>de</strong></span> <span class='ocrx_word' id='word_1_78' title='bbox 744 1196 955 1233; x_wconf 89' lang='lat' dir='ltr'><strong>omnibus</strong></span> <span class='ocrx_word' id='word_1_79' title='bbox 980 1195 1335 1244; x_wconf 87' lang='lat' dir='ltr'><strong>perscripseram</strong></span> <span class='ocrx_word' id='word_1_80' title='bbox 1367 1193 1418 1229; x_wconf 87' lang='lat' dir='ltr'><strong>ad</strong></span> <span class='ocrx_word' id='word_1_81' title='bbox 1443 1192 1640 1229; x_wconf 87' lang='lat' dir='ltr'><strong>Celsitu-</strong></span> 
     </span>
     <span class='ocr_line' id='line_1_14' title="bbox 99 1254 1644 1306; baseline -0.003 -11"><span class='ocrx_word' id='word_1_82' title='bbox 99 1258 242 1295; x_wconf 90' lang='lat' dir='ltr'><strong>dinem</strong></span> <span class='ocrx_word' id='word_1_83' title='bbox 283 1261 423 1302; x_wconf 87' lang='lat' dir='ltr'><strong>tuam,</strong></span> <span class='ocrx_word' id='word_1_84' title='bbox 457 1270 759 1306; x_wconf 85' lang='lat' dir='ltr'><strong>quaecunque</strong></span> <span class='ocrx_word' id='word_1_85' title='bbox 792 1257 842 1294; x_wconf 88' lang='lat' dir='ltr'><strong>ad</strong></span> <span class='ocrx_word' id='word_1_86' title='bbox 876 1270 1056 1294; x_wconf 85' lang='lat' dir='ltr'><strong>causam</strong></span> <span class='ocrx_word' id='word_1_87' title='bbox 1090 1255 1368 1292; x_wconf 85' lang='lat' dir='ltr'><strong>videbantur</strong></span> <span class='ocrx_word' id='word_1_88' title='bbox 1401 1254 1644 1303; x_wconf 87' lang='lat' dir='ltr'><strong>pertinere.</strong></span> 
     </span>
     <span class='ocr_line' id='line_1_15' title="bbox 99 1315 1640 1368; baseline -0.004 -11"><span class='ocrx_word' id='word_1_89' title='bbox 99 1320 312 1368; x_wconf 85' lang='lat' dir='ltr'><strong>Repetam</strong></span> <span class='ocrx_word' id='word_1_90' title='bbox 345 1322 492 1356; x_wconf 86' lang='lat' dir='ltr'><strong>autem</strong></span> <span class='ocrx_word' id='word_1_91' title='bbox 518 1319 677 1368; x_wconf 87' lang='lat' dir='ltr'><strong>paucis</strong></span> <span class='ocrx_word' id='word_1_92' title='bbox 703 1320 868 1364; x_wconf 87' lang='lat' dir='ltr'><strong>omnia,</strong></span> <span class='ocrx_word' id='word_1_93' title='bbox 894 1319 932 1355; x_wconf 90' lang='lat' dir='ltr'><strong>si</strong></span> <span class='ocrx_word' id='word_1_94' title='bbox 958 1319 1080 1355; x_wconf 84' lang='lat' dir='ltr'><strong>forte</strong></span> <span class='ocrx_word' id='word_1_95' title='bbox 1105 1317 1258 1366; x_wconf 87' lang='lat' dir='ltr'><strong>priora</strong></span> <span class='ocrx_word' id='word_1_96' title='bbox 1283 1316 1455 1365; x_wconf 87' lang='lat' dir='ltr'><strong>scripta</strong></span> <span class='ocrx_word' id='word_1_97' title='bbox 1479 1315 1640 1352; x_wconf 83' lang='lat' dir='ltr'><strong>interi-</strong></span> 
     </span>
     <span class='ocr_line' id='line_1_16' title="bbox 99 1377 1643 1430; baseline -0.003 -11"><span class='ocrx_word' id='word_1_98' title='bbox 99 1385 247 1420; x_wconf 85' lang='lat' dir='ltr'><strong>erunt.</strong></span> <span class='ocrx_word' id='word_1_99' title='bbox 294 1382 391 1419; x_wconf 88' lang='lat' dir='ltr'><strong>Petii</strong></span> <span class='ocrx_word' id='word_1_100' title='bbox 424 1381 686 1430; x_wconf 87' lang='lat' dir='ltr'><strong>quinquaginta</strong></span> <span class='ocrx_word' id='word_1_101' title='bbox 718 1381 812 1418; x_wconf 87' lang='lat' dir='ltr'><strong>milia</strong></span> <span class='ocrx_word' id='word_1_102' title='bbox 843 1381 1036 1418; x_wconf 83' lang='lat' dir='ltr'><strong>talerorum</strong></span> <span class='ocrx_word' id='word_1_103' title='bbox 1077 1380 1122 1417; x_wconf 89' lang='lat' dir='ltr'><strong>ad</strong></span> <span class='ocrx_word' id='word_1_104' title='bbox 1162 1379 1356 1416; x_wconf 88' lang='lat' dir='ltr'><strong>triennium</strong></span> <span class='ocrx_word' id='word_1_105' title='bbox 1384 1379 1412 1423; x_wconf 85' lang='lat'><strong>¹)</strong></span> <span class='ocrx_word' id='word_1_106' title='bbox 1454 1377 1520 1415; x_wconf 91' lang='lat' dir='ltr'><strong>sub</strong></span> <span class='ocrx_word' id='word_1_107' title='bbox 1545 1380 1643 1415; x_wconf 85' lang='lat' dir='ltr'><strong>certa</strong></span> 
     </span>
     <span class='ocr_line' id='line_1_17' title="bbox 99 1440 1644 1492; baseline -0.003 -11"><span class='ocrx_word' id='word_1_108' title='bbox 99 1444 218 1492; x_wconf 84' lang='lat' dir='ltr'><strong>aliqua</strong></span> <span class='ocrx_word' id='word_1_109' title='bbox 248 1444 423 1482; x_wconf 85' lang='lat' dir='ltr'><strong>cautione.</strong></span> <span class='ocrx_word' id='word_1_110' title='bbox 471 1444 697 1492; x_wconf 81' lang='lat' dir='ltr'><strong>Responsum</strong></span> <span class='ocrx_word' id='word_1_111' title='bbox 728 1446 783 1480; x_wconf 89' lang='lat' dir='ltr'><strong>est</strong></span> <span class='ocrx_word' id='word_1_112' title='bbox 815 1443 881 1481; x_wconf 89' lang='lat' dir='ltr'><strong>hoc</strong></span> <span class='ocrx_word' id='word_1_113' title='bbox 913 1456 1006 1480; x_wconf 87' lang='lat' dir='ltr'><strong>anno</strong></span> <span class='ocrx_word' id='word_1_114' title='bbox 1039 1442 1076 1479; x_wconf 88' lang='lat' dir='ltr'><strong>id</strong></span> <span class='ocrx_word' id='word_1_115' title='bbox 1107 1455 1178 1479; x_wconf 90' lang='lat' dir='ltr'><strong>non</strong></span> <span class='ocrx_word' id='word_1_116' title='bbox 1204 1442 1364 1490; x_wconf 90' lang='lat' dir='ltr'><strong>potuisse</strong></span> <span class='ocrx_word' id='word_1_117' title='bbox 1388 1440 1464 1477; x_wconf 87' lang='lat' dir='ltr'><strong>fieri</strong></span> <span class='ocrx_word' id='word_1_118' title='bbox 1499 1442 1644 1489; x_wconf 86' lang='lat' dir='ltr'><strong>propter</strong></span> 
     </span>
     <span class='ocr_line' id='line_1_18' title="bbox 100 1501 1641 1552; baseline -0.003 -10"><span class='ocrx_word' id='word_1_119' title='bbox 100 1505 219 1542; x_wconf 86' lang='lat' dir='ltr'><strong>debita</strong></span> <span class='ocrx_word' id='word_1_120' title='bbox 251 1505 359 1552; x_wconf 81' lang='lat' dir='ltr'><strong>Regis</strong></span> <span class='ocrx_word' id='word_1_121' title='bbox 392 1504 544 1552; x_wconf 85' lang='lat' dir='ltr'><strong>Angliae</strong></span> <span class='ocrx_word' id='word_1_122' title='bbox 575 1509 612 1541; x_wconf 91' lang='lat' dir='ltr'><strong>et</strong></span> <span class='ocrx_word' id='word_1_123' title='bbox 637 1505 760 1541; x_wconf 90' lang='lat' dir='ltr'><strong>datum</strong></span> <span class='ocrx_word' id='word_1_124' title='bbox 784 1504 958 1541; x_wconf 83' lang='lat' dir='ltr'><strong>auxilium</strong></span> <span class='ocrx_word' id='word_1_125' title='bbox 983 1503 1166 1541; x_wconf 84' lang='lat' dir='ltr'><strong>maritimis</strong></span> <span class='ocrx_word' id='word_1_126' title='bbox 1197 1501 1404 1539; x_wconf 85' lang='lat' dir='ltr'><strong>civitatibus</strong></span> <span class='ocrx_word' id='word_1_127' title='bbox 1437 1514 1498 1549; x_wconf 88' lang='lat' dir='ltr'><strong>per</strong></span> <span class='ocrx_word' id='word_1_128' title='bbox 1525 1501 1641 1538; x_wconf 88' lang='lat' dir='ltr'><strong>Comi-</strong></span> 
     </span>
     <span class='ocr_line' id='line_1_19' title="bbox 100 1563 1642 1615; baseline -0.003 -11"><span class='ocrx_word' id='word_1_129' title='bbox 100 1573 155 1604; x_wconf 85' lang='lat' dir='ltr'><strong>tes</strong></span> <span class='ocrx_word' id='word_1_130' title='bbox 181 1566 443 1604; x_wconf 83' lang='lat' dir='ltr'><strong>Mansfeldicos.</strong></span> <span class='ocrx_word' id='word_1_131' title='bbox 477 1566 650 1603; x_wconf 88' lang='lat' dir='ltr'><strong>Deinde</strong></span> <span class='ocrx_word' id='word_1_132' title='bbox 674 1579 754 1614; x_wconf 87' lang='lat' dir='ltr'><strong>ego</strong></span> <span class='ocrx_word' id='word_1_133' title='bbox 780 1567 913 1603; x_wconf 89' lang='lat' dir='ltr'><strong>video</strong></span> <span class='ocrx_word' id='word_1_134' title='bbox 938 1565 1172 1615; x_wconf 86' lang='lat' dir='ltr'><strong>promptiores</strong></span> <span class='ocrx_word' id='word_1_135' title='bbox 1197 1564 1313 1600; x_wconf 90' lang='lat' dir='ltr'><strong>multo</strong></span> <span class='ocrx_word' id='word_1_136' title='bbox 1337 1575 1413 1600; x_wconf 86' lang='lat' dir='ltr'><strong>esse</strong></span> <span class='ocrx_word' id='word_1_137' title='bbox 1436 1563 1574 1611; x_wconf 84' lang='lat' dir='ltr'><strong>Anglos</strong></span> <span class='ocrx_word' id='word_1_138' title='bbox 1598 1563 1642 1600; x_wconf 85' lang='lat' dir='ltr'><strong>ad</strong></span> 
     </span>
     <span class='ocr_line' id='line_1_20' title="bbox 99 1625 1641 1671; baseline -0.002 -6"><span class='ocrx_word' id='word_1_139' title='bbox 99 1628 213 1665; x_wconf 86' lang='lat' dir='ltr'><strong>danda</strong></span> <span class='ocrx_word' id='word_1_140' title='bbox 243 1628 376 1665; x_wconf 77' lang='lat' dir='ltr'><strong>auxilia</strong></span> <span class='ocrx_word' id='word_1_141' title='bbox 408 1628 515 1665; x_wconf 87' lang='lat' dir='ltr'><strong>etiam</strong></span> <span class='ocrx_word' id='word_1_142' title='bbox 540 1628 673 1665; x_wconf 88' lang='lat' dir='ltr'><strong>maiora</strong></span> <span class='ocrx_word' id='word_1_143' title='bbox 698 1628 886 1665; x_wconf 81' lang='lat' dir='ltr'><strong>foederatis</strong></span> <span class='ocrx_word' id='word_1_144' title='bbox 911 1627 1017 1664; x_wconf 87' lang='lat' dir='ltr'><strong>simul</strong></span> <span class='ocrx_word' id='word_1_145' title='bbox 1042 1626 1216 1671; x_wconf 88' lang='lat' dir='ltr'><strong>omnibus,</strong></span> <span class='ocrx_word' id='word_1_146' title='bbox 1242 1627 1274 1663; x_wconf 87' lang='lat' dir='ltr'><strong>si</strong></span> <span class='ocrx_word' id='word_1_147' title='bbox 1298 1625 1334 1662; x_wconf 89' lang='lat' dir='ltr'><strong>id</strong></span> <span class='ocrx_word' id='word_1_148' title='bbox 1358 1625 1573 1663; x_wconf 88' lang='lat' dir='ltr'><strong>unanimiter</strong></span> <span class='ocrx_word' id='word_1_149' title='bbox 1598 1625 1641 1662; x_wconf 86' lang='lat' dir='ltr'><strong>ab</strong></span> 
     </span>
     <span class='ocr_line' id='line_1_21' title="bbox 98 1687 1641 1739; baseline -0.003 -11"><span class='ocrx_word' id='word_1_150' title='bbox 98 1691 170 1729; x_wconf 92' lang='lat' dir='ltr'><strong>illis</strong></span> <span class='ocrx_word' id='word_1_151' title='bbox 203 1695 358 1739; x_wconf 90' lang='lat' dir='ltr'><strong>petatur,</strong></span> <span class='ocrx_word' id='word_1_152' title='bbox 393 1703 500 1738; x_wconf 85' lang='lat' dir='ltr'><strong>quam</strong></span> <span class='ocrx_word' id='word_1_153' title='bbox 534 1691 570 1726; x_wconf 93' lang='lat' dir='ltr'><strong>id</strong></span> <span class='ocrx_word' id='word_1_154' title='bbox 597 1693 626 1738; x_wconf 86' lang='lat'><strong>²)</strong></span> <span class='ocrx_word' id='word_1_155' title='bbox 653 1691 716 1727; x_wconf 92' lang='lat' dir='ltr'><strong>uni</strong></span> <span class='ocrx_word' id='word_1_156' title='bbox 741 1693 825 1727; x_wconf 89' lang='lat' dir='ltr'><strong>tuae</strong></span> <span class='ocrx_word' id='word_1_157' title='bbox 851 1689 1064 1727; x_wconf 88' lang='lat' dir='ltr'><strong>Celsitudini</strong></span> <span class='ocrx_word' id='word_1_158' title='bbox 1089 1691 1216 1726; x_wconf 91' lang='lat' dir='ltr'><strong>mutuo</strong></span> <span class='ocrx_word' id='word_1_159' title='bbox 1242 1688 1434 1726; x_wconf 87' lang='lat' dir='ltr'><strong>concedere</strong></span> <span class='ocrx_word' id='word_1_160' title='bbox 1459 1687 1555 1736; x_wconf 90' lang='lat' dir='ltr'><strong>quod</strong></span> <span class='ocrx_word' id='word_1_161' title='bbox 1580 1701 1641 1737; x_wconf 90' lang='lat' dir='ltr'><strong>po-</strong></span> 
     </span>
     <span class='ocr_line' id='line_1_22' title="bbox 100 1749 1640 1798; baseline -0.002 -9"><span class='ocrx_word' id='word_1_162' title='bbox 100 1751 244 1789; x_wconf 87' lang='lat' dir='ltr'><strong>stulavi.</strong></span> <span class='ocrx_word' id='word_1_163' title='bbox 293 1751 570 1788; x_wconf 85' lang='lat' dir='ltr'><strong>Praesertim</strong></span> <span class='ocrx_word' id='word_1_164' title='bbox 603 1752 642 1788; x_wconf 91' lang='lat' dir='ltr'><strong>si</strong></span> <span class='ocrx_word' id='word_1_165' title='bbox 675 1764 731 1789; x_wconf 87' lang='lat' dir='ltr'><strong>res</strong></span> <span class='ocrx_word' id='word_1_166' title='bbox 765 1751 923 1789; x_wconf 90' lang='lat' dir='ltr'><strong>omnium</strong></span> <span class='ocrx_word' id='word_1_167' title='bbox 955 1751 1087 1788; x_wconf 86' lang='lat' dir='ltr'><strong>litteris</strong></span> <span class='ocrx_word' id='word_1_168' title='bbox 1123 1763 1194 1787; x_wconf 90' lang='lat' dir='ltr'><strong>una</strong></span> <span class='ocrx_word' id='word_1_169' title='bbox 1227 1749 1436 1798; x_wconf 85' lang='lat' dir='ltr'><strong>subscriptis</strong></span> <span class='ocrx_word' id='word_1_170' title='bbox 1461 1763 1548 1787; x_wconf 92' lang='lat' dir='ltr'><strong>non</strong></span> <span class='ocrx_word' id='word_1_171' title='bbox 1572 1762 1640 1786; x_wconf 90' lang='lat' dir='ltr'><strong>au-</strong></span> 
     </span>
     <span class='ocr_line' id='line_1_23' title="bbox 103 1813 1644 1864; baseline -0.002 -11"><span class='ocrx_word' id='word_1_172' title='bbox 103 1818 190 1853; x_wconf 90' lang='lat' dir='ltr'><strong>tem</strong></span> <span class='ocrx_word' id='word_1_173' title='bbox 222 1828 284 1864; x_wconf 89' lang='lat' dir='ltr'><strong>per</strong></span> <span class='ocrx_word' id='word_1_174' title='bbox 316 1815 475 1860; x_wconf 88' lang='lat' dir='ltr'><strong>nuntios,</strong></span> <span class='ocrx_word' id='word_1_175' title='bbox 509 1819 546 1852; x_wconf 90' lang='lat' dir='ltr'><strong>et</strong></span> <span class='ocrx_word' id='word_1_176' title='bbox 580 1815 722 1863; x_wconf 91' lang='lat' dir='ltr'><strong>quidem</strong></span> <span class='ocrx_word' id='word_1_177' title='bbox 748 1818 884 1853; x_wconf 90' lang='lat' dir='ltr'><strong>secreto</strong></span> <span class='ocrx_word' id='word_1_178' title='bbox 909 1814 944 1851; x_wconf 90' lang='lat' dir='ltr'><strong>id</strong></span> <span class='ocrx_word' id='word_1_179' title='bbox 969 1817 1124 1863; x_wconf 84' lang='lat' dir='ltr'><strong>petatur.</strong></span> <span class='ocrx_word' id='word_1_180' title='bbox 1173 1813 1241 1851; x_wconf 88' lang='lat' dir='ltr'><strong>Sed</strong></span> <span class='ocrx_word' id='word_1_181' title='bbox 1265 1813 1309 1850; x_wconf 90' lang='lat' dir='ltr'><strong>de</strong></span> <span class='ocrx_word' id='word_1_182' title='bbox 1333 1813 1398 1850; x_wconf 87' lang='lat' dir='ltr'><strong>hoc</strong></span> <span class='ocrx_word' id='word_1_183' title='bbox 1422 1813 1461 1850; x_wconf 91' lang='lat' dir='ltr'><strong>in</strong></span> <span class='ocrx_word' id='word_1_184' title='bbox 1485 1817 1644 1862; x_wconf 83' lang='lat' dir='ltr'><strong>tempore</strong></span> 
     </span>
     <span class='ocr_line' id='line_1_24' title="bbox 101 1875 1642 1926; baseline -0.002 -11"><span class='ocrx_word' id='word_1_185' title='bbox 101 1878 332 1926; x_wconf 85' lang='lat' dir='ltr'><strong>cogitandum</strong></span> <span class='ocrx_word' id='word_1_186' title='bbox 357 1880 462 1915; x_wconf 90' lang='lat' dir='ltr'><strong>esset.</strong></span> <span class='ocrx_word' id='word_1_187' title='bbox 487 1877 702 1915; x_wconf 82' lang='lat' dir='ltr'><strong>Foederatos</strong></span> <span class='ocrx_word' id='word_1_188' title='bbox 719 1890 806 1915; x_wconf 87' lang='lat' dir='ltr'><strong>voco</strong></span> <span class='ocrx_word' id='word_1_189' title='bbox 824 1877 1067 1914; x_wconf 87' lang='lat' dir='ltr'><strong>Marchionem</strong></span> <span class='ocrx_word' id='word_1_190' title='bbox 1085 1875 1435 1923; x_wconf 88' lang='lat' dir='ltr'><strong>Brandeburgensem</strong></span> <span class='ocrx_word' id='word_1_191' title='bbox 1454 1877 1497 1923; x_wconf 65' lang='grc' dir='ltr'><strong>θ),</strong></span> <span class='ocrx_word' id='word_1_192' title='bbox 1523 1875 1642 1912; x_wconf 87' lang='lat' dir='ltr'><strong>Duces</strong></span> 
     </span>
     <span class='ocr_line' id='line_1_25' title="bbox 101 1937 1643 1985; baseline -0.002 -8"><span class='ocrx_word' id='word_1_193' title='bbox 101 1940 340 1985; x_wconf 73' lang='lat' dir='ltr'><strong>Pomeranjae,</strong></span> <span class='ocrx_word' id='word_1_194' title='bbox 373 1940 510 1978; x_wconf 89' lang='lat' dir='ltr'><strong>Ducem</strong></span> <span class='ocrx_word' id='word_1_195' title='bbox 534 1940 713 1985; x_wconf 87' lang='lat' dir='ltr'><strong>Prussiae,</strong></span> <span class='ocrx_word' id='word_1_196' title='bbox 748 1940 941 1977; x_wconf 87' lang='lat' dir='ltr'><strong>maritimas</strong></span> <span class='ocrx_word' id='word_1_197' title='bbox 966 1939 1130 1977; x_wconf 85' lang='lat' dir='ltr'><strong>civitates</strong></span> <span class='ocrx_word' id='word_1_198' title='bbox 1156 1942 1193 1975; x_wconf 87' lang='lat' dir='ltr'><strong>et</strong></span> <span class='ocrx_word' id='word_1_199' title='bbox 1218 1938 1311 1975; x_wconf 80' lang='lat' dir='ltr'><strong>forte</strong></span> <span class='ocrx_word' id='word_1_200' title='bbox 1336 1938 1471 1985; x_wconf 84' lang='lat' dir='ltr'><strong>Regem</strong></span> <span class='ocrx_word' id='word_1_201' title='bbox 1497 1937 1643 1975; x_wconf 82' lang='lat' dir='ltr'><strong>Daniae.</strong></span> 
     </span>
     <span class='ocr_line' id='line_1_26' title="bbox 103 1999 1644 2051; baseline -0.002 -13"><span class='ocrx_word' id='word_1_202' title='bbox 103 2003 284 2051; x_wconf 88' lang='lat' dir='ltr'><strong>Cuperent</strong></span> <span class='ocrx_word' id='word_1_203' title='bbox 310 2001 402 2039; x_wconf 89' lang='lat' dir='ltr'><strong>enim</strong></span> <span class='ocrx_word' id='word_1_204' title='bbox 427 2002 538 2050; x_wconf 88' lang='lat' dir='ltr'><strong>Angli</strong></span> <span class='ocrx_word' id='word_1_205' title='bbox 565 2015 645 2039; x_wconf 88' lang='lat' dir='ltr'><strong>cum</strong></span> <span class='ocrx_word' id='word_1_206' title='bbox 671 2002 751 2039; x_wconf 87' lang='lat' dir='ltr'><strong>istis</strong></span> <span class='ocrx_word' id='word_1_207' title='bbox 775 2002 958 2039; x_wconf 89' lang='lat' dir='ltr'><strong>coniuncti</strong></span> <span class='ocrx_word' id='word_1_208' title='bbox 983 2014 1069 2045; x_wconf 85' lang='lat' dir='ltr'><strong>esse,</strong></span> <span class='ocrx_word' id='word_1_209' title='bbox 1095 2000 1156 2038; x_wconf 86' lang='lat' dir='ltr'><strong>sed</strong></span> <span class='ocrx_word' id='word_1_210' title='bbox 1181 2000 1311 2037; x_wconf 87' lang='lat' dir='ltr'><strong>volunt</strong></span> <span class='ocrx_word' id='word_1_211' title='bbox 1336 1999 1464 2047; x_wconf 84' lang='lat' dir='ltr'><strong>rogari.</strong></span> <span class='ocrx_word' id='word_1_212' title='bbox 1496 1999 1644 2036; x_wconf 87' lang='lat' dir='ltr'><strong>Habet</strong></span> 
     </span>
     <span class='ocr_line' id='line_1_27' title="bbox 104 2061 1642 2112; baseline -0.002 -12"><span class='ocrx_word' id='word_1_213' title='bbox 104 2063 306 2101; x_wconf 82' lang='lat' dir='ltr'><strong>breviter</strong></span> <span class='ocrx_word' id='word_1_214' title='bbox 330 2064 533 2112; x_wconf 89' lang='lat' dir='ltr'><strong>repetita</strong></span> <span class='ocrx_word' id='word_1_215' title='bbox 558 2064 697 2101; x_wconf 89' lang='lat' dir='ltr'><strong>omnia.</strong></span> <span class='ocrx_word' id='word_1_216' title='bbox 720 2063 947 2101; x_wconf 89' lang='lat' dir='ltr'><strong>celsitudo</strong></span> <span class='ocrx_word' id='word_1_217' title='bbox 972 2067 1067 2107; x_wconf 89' lang='lat' dir='ltr'><strong>tua,</strong></span> <span class='ocrx_word' id='word_1_218' title='bbox 1094 2075 1206 2110; x_wconf 89' lang='lat' dir='ltr'><strong>quae</strong></span> <span class='ocrx_word' id='word_1_219' title='bbox 1231 2062 1283 2099; x_wconf 90' lang='lat' dir='ltr'><strong>ad</strong></span> <span class='ocrx_word' id='word_1_220' title='bbox 1307 2074 1481 2099; x_wconf 86' lang='lat' dir='ltr'><strong>causam</strong></span> <span class='ocrx_word' id='word_1_221' title='bbox 1502 2061 1642 2109; x_wconf 87' lang='lat' dir='ltr'><strong>ipsam</strong></span> 
     </span>
     <span class='ocr_line' id='line_1_28' title="bbox 104 2123 1644 2173; baseline -0.001 -11"><span class='ocrx_word' id='word_1_222' title='bbox 104 2125 296 2170; x_wconf 83' lang='lat' dir='ltr'><strong>faciunt,</strong></span> <span class='ocrx_word' id='word_1_223' title='bbox 337 2137 542 2172; x_wconf 86' lang='lat' dir='ltr'><strong>quaeque</strong></span> <span class='ocrx_word' id='word_1_224' title='bbox 581 2127 715 2162; x_wconf 87' lang='lat' dir='ltr'><strong>antea</strong></span> <span class='ocrx_word' id='word_1_225' title='bbox 756 2125 1086 2173; x_wconf 78' lang='lat' dir='ltr'><strong>significaram.</strong></span> <span class='ocrx_word' id='word_1_226' title='bbox 1144 2124 1229 2162; x_wconf 90' lang='lat' dir='ltr'><strong>Hic</strong></span> <span class='ocrx_word' id='word_1_227' title='bbox 1270 2123 1387 2161; x_wconf 88' lang='lat' dir='ltr'><strong>nihil</strong></span> <span class='ocrx_word' id='word_1_228' title='bbox 1428 2124 1644 2161; x_wconf 91' lang='lat' dir='ltr'><strong>habemus</strong></span> 
     </span>
     <span class='ocr_line' id='line_1_29' title="bbox 105 2185 1643 2231; baseline -0.001 -8"><span class='ocrx_word' id='word_1_229' title='bbox 105 2199 220 2224; x_wconf 88' lang='lat' dir='ltr'><strong>nunc</strong></span> <span class='ocrx_word' id='word_1_230' title='bbox 253 2185 381 2231; x_wconf 86' lang='lat' dir='ltr'><strong>novi,</strong></span> <span class='ocrx_word' id='word_1_231' title='bbox 414 2186 507 2223; x_wconf 90' lang='lat' dir='ltr'><strong>nisi</strong></span> <span class='ocrx_word' id='word_1_232' title='bbox 541 2186 593 2223; x_wconf 89' lang='lat' dir='ltr'><strong>de</strong></span> <span class='ocrx_word' id='word_1_233' title='bbox 631 2186 863 2223; x_wconf 87' lang='lat' dir='ltr'><strong>instituta</strong></span> <span class='ocrx_word' id='word_1_234' title='bbox 895 2187 946 2223; x_wconf 91' lang='lat' dir='ltr'><strong>ad</strong></span> <span class='ocrx_word' id='word_1_235' title='bbox 981 2186 1147 2223; x_wconf 88' lang='lat' dir='ltr'><strong>Maium</strong></span> <span class='ocrx_word' id='word_1_236' title='bbox 1173 2185 1378 2223; x_wconf 88' lang='lat' dir='ltr'><strong>Concilii</strong></span> <span class='ocrx_word' id='word_1_237' title='bbox 1403 2186 1643 2224; x_wconf 87' lang='lat' dir='ltr'><strong>continua-</strong></span> 
     </span>
     <span class='ocr_line' id='line_1_30' title="bbox 104 2247 1643 2297; baseline 0 -12"><span class='ocrx_word' id='word_1_238' title='bbox 104 2250 228 2286; x_wconf 82' lang='lat' dir='ltr'><strong>tione</strong></span> <span class='ocrx_word' id='word_1_239' title='bbox 264 2247 499 2294; x_wconf 76' lang='lat' dir='ltr'><strong>T,ridenti,</strong></span> <span class='ocrx_word' id='word_1_240' title='bbox 530 2247 578 2284; x_wconf 88' lang='lat' dir='ltr'><strong>in</strong></span> <span class='ocrx_word' id='word_1_241' title='bbox 610 2260 698 2296; x_wconf 91' lang='lat' dir='ltr'><strong>quo</strong></span> <span class='ocrx_word' id='word_1_242' title='bbox 724 2248 833 2296; x_wconf 88' lang='lat' dir='ltr'><strong>quid</strong></span> <span class='ocrx_word' id='word_1_243' title='bbox 858 2248 922 2285; x_wconf 92' lang='lat' dir='ltr'><strong>sit</strong></span> <span class='ocrx_word' id='word_1_244' title='bbox 947 2248 1284 2297; x_wconf 80' lang='lat' dir='ltr'><strong>expectandum</strong></span> <span class='ocrx_word' id='word_1_245' title='bbox 1310 2247 1448 2285; x_wconf 85' lang='lat' dir='ltr'><strong>facile</strong></span> <span class='ocrx_word' id='word_1_246' title='bbox 1473 2250 1545 2285; x_wconf 91' lang='lat' dir='ltr'><strong>est</strong></span> <span class='ocrx_word' id='word_1_247' title='bbox 1570 2248 1643 2285; x_wconf 89' lang='lat' dir='ltr'><strong>Di-</strong></span> 
     </span>
     <span class='ocr_line' id='line_1_31' title="bbox 104 2310 1642 2358; baseline -0.001 -9"><span class='ocrx_word' id='word_1_248' title='bbox 104 2311 262 2349; x_wconf 85' lang='lat' dir='ltr'><strong>vinare</strong></span> <span class='ocrx_word' id='word_1_249' title='bbox 286 2312 330 2358; x_wconf 81' lang='lat'><strong>⁴).</strong></span> <span class='ocrx_word' id='word_1_250' title='bbox 378 2310 472 2347; x_wconf 92' lang='lat' dir='ltr'><strong>Nos</strong></span> <span class='ocrx_word' id='word_1_251' title='bbox 505 2310 575 2348; x_wconf 87' lang='lat' dir='ltr'><strong>hic</strong></span> <span class='ocrx_word' id='word_1_252' title='bbox 610 2310 784 2348; x_wconf 88' lang='lat' dir='ltr'><strong>Divino</strong></span> <span class='ocrx_word' id='word_1_253' title='bbox 819 2313 863 2348; x_wconf 91' lang='lat' dir='ltr'><strong>et</strong></span> <span class='ocrx_word' id='word_1_254' title='bbox 896 2310 1042 2358; x_wconf 87' lang='lat' dir='ltr'><strong>Regio</strong></span> <span class='ocrx_word' id='word_1_255' title='bbox 1068 2310 1292 2348; x_wconf 83' lang='lat' dir='ltr'><strong>benificio</strong></span> <span class='ocrx_word' id='word_1_256' title='bbox 1317 2311 1404 2347; x_wconf 89' lang='lat' dir='ltr'><strong>iam</strong></span> <span class='ocrx_word' id='word_1_257' title='bbox 1429 2310 1642 2348; x_wconf 85' lang='lat' dir='ltr'><strong>institui-</strong></span> 
     </span>
     <span class='ocr_line' id='line_1_32' title="bbox 103 2371 1642 2416; baseline 0 -7"><span class='ocrx_word' id='word_1_258' title='bbox 103 2385 195 2409; x_wconf 89' lang='lat' dir='ltr'><strong>mus</strong></span> <span class='ocrx_word' id='word_1_259' title='bbox 227 2372 562 2416; x_wconf 81' lang='lat' dir='ltr'><strong>Germanicam,</strong></span> <span class='ocrx_word' id='word_1_260' title='bbox 594 2371 813 2409; x_wconf 85' lang='lat' dir='ltr'><strong>Gallicam</strong></span> <span class='ocrx_word' id='word_1_261' title='bbox 846 2374 889 2409; x_wconf 90' lang='lat' dir='ltr'><strong>et</strong></span> <span class='ocrx_word' id='word_1_262' title='bbox 914 2371 1126 2409; x_wconf 88' lang='lat' dir='ltr'><strong>Italicam</strong></span> <span class='ocrx_word' id='word_1_263' title='bbox 1142 2371 1378 2409; x_wconf 84' lang='lat' dir='ltr'><strong>Ecelesias</strong></span> <span class='ocrx_word' id='word_1_264' title='bbox 1395 2371 1642 2409; x_wconf 89' lang='lat' dir='ltr'><strong>edidimus-</strong></span> 
     </span>
     <span class='ocr_line' id='line_1_33' title="bbox 105 2432 1645 2482; baseline 0.001 -12"><span class='ocrx_word' id='word_1_265' title='bbox 105 2446 192 2482; x_wconf 89' lang='lat' dir='ltr'><strong>que</strong></span> <span class='ocrx_word' id='word_1_266' title='bbox 224 2433 479 2469; x_wconf 91' lang='lat' dir='ltr'><strong>unanimem</strong></span> <span class='ocrx_word' id='word_1_267' title='bbox 513 2432 708 2470; x_wconf 92' lang='lat' dir='ltr'><strong>illarum</strong></span> <span class='ocrx_word' id='word_1_268' title='bbox 740 2433 1084 2471; x_wconf 85' lang='lat' dir='ltr'><strong>confessionem</strong></span> <span class='ocrx_word' id='word_1_269' title='bbox 1109 2434 1140 2481; x_wconf 83' lang='lat'><strong>⁵)</strong></span> <span class='ocrx_word' id='word_1_270' title='bbox 1177 2433 1292 2481; x_wconf 89' lang='lat' dir='ltr'><strong>quod</strong></span> <span class='ocrx_word' id='word_1_271' title='bbox 1323 2433 1375 2470; x_wconf 87' lang='lat' dir='ltr'><strong>ad</strong></span> <span class='ocrx_word' id='word_1_272' title='bbox 1400 2433 1645 2472; x_wconf 88' lang='lat' dir='ltr'><strong>doctrinae</strong></span> 
     </span>
     <span class='ocr_line' id='line_1_34' title="bbox 104 2493 1642 2544; baseline 0.001 -12"><span class='ocrx_word' id='word_1_273' title='bbox 104 2495 350 2544; x_wconf 88' lang='lat' dir='ltr'><strong>praecipua</strong></span> <span class='ocrx_word' id='word_1_274' title='bbox 386 2493 603 2542; x_wconf 84' lang='lat' dir='ltr'><strong>quaedam</strong></span> <span class='ocrx_word' id='word_1_275' title='bbox 638 2495 797 2543; x_wconf 90' lang='lat' dir='ltr'><strong>capita</strong></span> <span class='ocrx_word' id='word_1_276' title='bbox 828 2494 1025 2539; x_wconf 85' lang='lat' dir='ltr'><strong>attinet,</strong></span> <span class='ocrx_word' id='word_1_277' title='bbox 1051 2507 1183 2544; x_wconf 88' lang='lat' dir='ltr'><strong>quam</strong></span> <span class='ocrx_word' id='word_1_278' title='bbox 1208 2497 1252 2532; x_wconf 87' lang='lat' dir='ltr'><strong>et</strong></span> <span class='ocrx_word' id='word_1_279' title='bbox 1277 2494 1474 2532; x_wconf 87' lang='lat' dir='ltr'><strong>Vestrae</strong></span> <span class='ocrx_word' id='word_1_280' title='bbox 1499 2495 1642 2533; x_wconf 89' lang='lat' dir='ltr'><strong>Celsi-</strong></span> 
     </span>
     <span class='ocr_line' id='line_1_35' title="bbox 106 2556 1643 2595; baseline -0.001 0"><span class='ocrx_word' id='word_1_281' title='bbox 106 2558 267 2595; x_wconf 80' lang='lat' dir='ltr'><strong>tudini</strong></span> <span class='ocrx_word' id='word_1_282' title='bbox 299 2557 567 2594; x_wconf 87' lang='lat' dir='ltr'><strong>adiunctam</strong></span> <span class='ocrx_word' id='word_1_283' title='bbox 599 2557 729 2594; x_wconf 89' lang='lat' dir='ltr'><strong>hisce</strong></span> <span class='ocrx_word' id='word_1_284' title='bbox 753 2556 935 2595; x_wconf 90' lang='lat' dir='ltr'><strong>litteris</strong></span> <span class='ocrx_word' id='word_1_285' title='bbox 961 2557 1100 2594; x_wconf 88' lang='lat' dir='ltr'><strong>mitto</strong></span> <span class='ocrx_word' id='word_1_286' title='bbox 1126 2557 1172 2593; x_wconf 85' lang='lat' dir='ltr'><strong>in</strong></span> <span class='ocrx_word' id='word_1_287' title='bbox 1196 2556 1278 2594; x_wconf 87' lang='lat' dir='ltr'><strong>hoc</strong></span> <span class='ocrx_word' id='word_1_288' title='bbox 1302 2556 1405 2593; x_wconf 88' lang='lat' dir='ltr'><strong>anni</strong></span> <span class='ocrx_word' id='word_1_289' title='bbox 1430 2557 1538 2594; x_wconf 82' lang='lat' dir='ltr'><strong>novi</strong></span> <span class='ocrx_word' id='word_1_290' title='bbox 1562 2557 1643 2594; x_wconf 88' lang='lat' dir='ltr'><strong>ini-</strong></span> 
     </span>
     <span class='ocr_line' id='line_1_36' title="bbox 105 2617 1646 2667; baseline 0 -11"><span class='ocrx_word' id='word_1_291' title='bbox 105 2619 191 2664; x_wconf 90' lang='lat' dir='ltr'><strong>tio,</strong></span> <span class='ocrx_word' id='word_1_292' title='bbox 226 2631 353 2667; x_wconf 89' lang='lat' dir='ltr'><strong>quem</strong></span> <span class='ocrx_word' id='word_1_293' title='bbox 386 2621 495 2655; x_wconf 86' lang='lat' dir='ltr'><strong>tuae</strong></span> <span class='ocrx_word' id='word_1_294' title='bbox 529 2617 830 2655; x_wconf 87' lang='lat' dir='ltr'><strong>Celsitudini</strong></span> <span class='ocrx_word' id='word_1_295' title='bbox 863 2624 907 2655; x_wconf 87' lang='lat' dir='ltr'><strong>et</strong></span> <span class='ocrx_word' id='word_1_296' title='bbox 940 2618 1030 2655; x_wconf 90' lang='lat' dir='ltr'><strong>toti</strong></span> <span class='ocrx_word' id='word_1_297' title='bbox 1063 2618 1172 2655; x_wconf 87' lang='lat' dir='ltr'><strong>adeo</strong></span> <span class='ocrx_word' id='word_1_298' title='bbox 1206 2617 1380 2654; x_wconf 88' lang='lat' dir='ltr'><strong>Christi</strong></span> <span class='ocrx_word' id='word_1_299' title='bbox 1405 2618 1646 2657; x_wconf 88' lang='lat' dir='ltr'><strong>Ecclesiae</strong></span> 
     </span>
     <span class='ocr_line' id='line_1_37' title="bbox 110 2678 1647 2728; baseline 0.001 -12"><span class='ocrx_word' id='word_1_300' title='bbox 110 2679 312 2716; x_wconf 80' lang='lat' dir='ltr'><strong>faustum</strong></span> <span class='ocrx_word' id='word_1_301' title='bbox 342 2691 390 2716; x_wconf 89' lang='lat' dir='ltr'><strong>ac</strong></span> <span class='ocrx_word' id='word_1_302' title='bbox 416 2678 626 2716; x_wconf 89' lang='lat' dir='ltr'><strong>foelicem</strong></span> <span class='ocrx_word' id='word_1_303' title='bbox 668 2682 771 2716; x_wconf 89' lang='lat' dir='ltr'><strong>toto</strong></span> <span class='ocrx_word' id='word_1_304' title='bbox 813 2682 1000 2728; x_wconf 90' lang='lat' dir='ltr'><strong>pectore</strong></span> <span class='ocrx_word' id='word_1_305' title='bbox 1032 2690 1205 2727; x_wconf 91' lang='lat' dir='ltr'><strong>precor,</strong></span> <span class='ocrx_word' id='word_1_306' title='bbox 1232 2681 1275 2715; x_wconf 89' lang='lat' dir='ltr'><strong>et</strong></span> <span class='ocrx_word' id='word_1_307' title='bbox 1300 2691 1361 2715; x_wconf 90' lang='lat' dir='ltr'><strong>me</strong></span> <span class='ocrx_word' id='word_1_308' title='bbox 1386 2679 1647 2728; x_wconf 78' lang='lat' dir='ltr'><strong>officiaque</strong></span> 
     </span>
     <span class='ocr_line' id='line_1_38' title="bbox 108 2740 1650 2779; baseline 0.001 -2"><span class='ocrx_word' id='word_1_309' title='bbox 108 2753 201 2777; x_wconf 89' lang='lat' dir='ltr'><strong>mea</strong></span> <span class='ocrx_word' id='word_1_310' title='bbox 242 2743 348 2778; x_wconf 90' lang='lat' dir='ltr'><strong>tuae</strong></span> <span class='ocrx_word' id='word_1_311' title='bbox 388 2740 670 2778; x_wconf 87' lang='lat' dir='ltr'><strong>celsitudini</strong></span> <span class='ocrx_word' id='word_1_312' title='bbox 712 2753 879 2778; x_wconf 85' lang='lat' dir='ltr'><strong>summa</strong></span> <span class='ocrx_word' id='word_1_313' title='bbox 912 2754 1007 2779; x_wconf 88' lang='lat' dir='ltr'><strong>cum</strong></span> <span class='ocrx_word' id='word_1_314' title='bbox 1042 2740 1337 2778; x_wconf 84' lang='lat' dir='ltr'><strong>observantia</strong></span> <span class='ocrx_word' id='word_1_315' title='bbox 1370 2741 1650 2779; x_wconf 86' lang='lat' dir='ltr'><strong>commendo·</strong></span> 
     </span>
     <span class='ocr_line' id='line_1_39' title="bbox 107 2802 1415 2851; baseline 0 -12"><span class='ocrx_word' id='word_1_316' title='bbox 107 2802 298 2839; x_wconf 83' lang='lat' dir='ltr'><strong>Loudini</strong></span> <span class='ocrx_word' id='word_1_317' title='bbox 323 2802 476 2851; x_wconf 85' lang='lat' dir='ltr'><strong>pridie</strong></span> <span class='ocrx_word' id='word_1_318' title='bbox 502 2802 852 2850; x_wconf 84' lang='lat' dir='ltr'><strong>Epiphaniorum</strong></span> <span class='ocrx_word' id='word_1_319' title='bbox 879 2804 1004 2840; x_wconf 92' lang='lat' dir='ltr'><strong>Anno</strong></span> <span class='ocrx_word' id='word_1_320' title='bbox 1031 2803 1135 2839; x_wconf 80' lang='lat'>1551.</span> <span class='ocrx_word' id='word_1_321' title='bbox 1185 2802 1223 2850; x_wconf 91' lang='lat'><strong>[5</strong></span> <span class='ocrx_word' id='word_1_322' title='bbox 1250 2803 1415 2851; x_wconf 66' lang='lat' dir='ltr'><strong>Januan]</strong></span> 
     </span>
    </p>

    <p class='ocr_par' dir='ltr' id='par_1_8' title="bbox 187 2863 1645 2964">
     <span class='ocr_line' id='line_1_40' title="bbox 187 2863 1645 2903; baseline 0.001 -2"><span class='ocrx_word' id='word_1_323' title='bbox 187 2864 586 2902; x_wconf 56' lang='lat' dir='ltr'><strong>illustrissimae</strong></span> <span class='ocrx_word' id='word_1_324' title='bbox 611 2866 719 2903; x_wconf 77' lang='lat' dir='ltr'><strong>tuae</strong></span> <span class='ocrx_word' id='word_1_325' title='bbox 744 2865 1038 2903; x_wconf 86' lang='lat' dir='ltr'><strong>Celsitudini</strong></span> <span class='ocrx_word' id='word_1_326' title='bbox 1067 2863 1412 2902; x_wconf 88' lang='lat' dir='ltr'><strong>addictissimus</strong></span> <span class='ocrx_word' id='word_1_327' title='bbox 1437 2864 1645 2903; x_wconf 79' lang='lat' dir='ltr'><strong>servitor</strong></span> 
     </span>
     <span class='ocr_line' id='line_1_41' title="bbox 1048 2925 1422 2964; baseline 0 -1"><span class='ocrx_word' id='word_1_328' title='bbox 1048 2926 1215 2964; x_wconf 57' lang='lat' dir='ltr'><strong>lomus</strong></span> <span class='ocrx_word' id='word_1_329' title='bbox 1240 2925 1261 2963; x_wconf 78' lang='lat' dir='ltr'><strong>a</strong></span> <span class='ocrx_word' id='word_1_330' title='bbox 1285 2926 1422 2963; x_wconf 62' lang='lat' dir='ltr'><strong>Lasco.</strong></span> 
     </span>
    </p>
   </div>
  </div>
 </body>
</html>
