1830 3147
331 118 404 155 390
810 124 983 154 carnea.
1013 125 1121 154 Ecca.
1151 123 1267 166 toan.

919 492 1062 532 Interr.
1093 495 1153 534 77.

383 558 488 597 Quid
525 559 600 597 iam
629 558 721 596 dicit
760 557 948 596 Dominus
976 557 1022 596 de
1049 557 1096 596 iis
1124 558 1191 609 qui
1217 558 1395 597 mandata
1420 558 1487 597 illa
1513 558 1658 598 violant
1684 563 1751 598 aut

332 624 563 663 observant?

987 689 1100 739 Resp.

44 753 122 785 E>20-
145 753 195 784 20.
383 754 583 805 Loquitur,
609 758 651 792 ut
679 754 860 805 scriptum
890 755 995 802 (29³)
1024 757 1146 792 exstat
1173 754 1214 792 in
1241 754 1406 793 secundo
1427 758 1645 807 praecepto:
1666 755 1750 805 Ego

331 833 413 858 sum
441 819 629 857 Dominus
658 818 761 857 Deus
789 824 890 863 tuus,
916 823 1052 870 potens
1081 832 1150 857 nec
1177 819 1323 870 patiens
1352 820 1632 866 contumeliam,
1660 821 1749 859 visi-

330 890 415 924 tans
443 890 594 936 peccata
622 888 770 935 patrum
800 885 838 922 in
868 884 966 922 filios
994 897 1113 935 usque
1140 884 1187 922 ad
1214 885 1362 922 tertiam
1391 889 1427 923 et
1447 889 1619 936 quartam
1636 899 1749 936 gene-

332 950 517 988 rationem
545 962 674 987 eorum
705 949 772 1000 qui
799 962 859 987 me
888 949 1063 988 oderunt.
1104 949 1219 987 Facio
1249 954 1372 987 autem
1399 950 1697 989 misericordiam
1716 956 1753 990 et

331 1015 536 1053 amicitiam
573 1015 613 1051 in
647 1013 766 1051 millia
793 1027 945 1064 genera,
973 1027 1102 1053 eorum
1132 1015 1197 1065 qui
1225 1027 1283 1053 me
1312 1014 1477 1065 diligunt
1511 1019 1547 1053 et
1573 1015 1750 1054 mandata

333 1093 413 1118 mea
442 1079 659 1117 observant.

929 1143 1070 1182 Interr.
1103 1145 1164 1184 78.

386 1209 490 1247 Quid
520 1209 600 1247 vult
627 1208 730 1246 Deus
759 1207 948 1247 Dominus
977 1208 1102 1246 verbis
1129 1208 1235 1247 illis?

987 1273 1101 1324 Resp.

45 1351 162 1382 Psalm.
186 1353 214 1383 5.
385 1338 522 1376 Verbis
549 1338 625 1376 illis
655 1351 834 1382 severam,
863 1341 1053 1376 aeternam
1081 1342 1194 1389 atque
1220 1338 1495 1377 immutabilem
1519 1352 1623 1377 suam
1642 1339 1752 1378 iusti-

44 1395 155 1426 Roma.
179 1395 206 1426 1·
334 1405 425 1442 tiam
454 1404 502 1441 ob
532 1403 661 1441 oculos
689 1403 770 1441 vult
797 1415 949 1453 ponere,
977 1402 1110 1454 quanti
1138 1416 1326 1453 quamque
1352 1403 1483 1452 magni
1511 1403 1638 1442 omnia
1659 1403 1753 1441 haec

334 1482 400 1506 sua
436 1472 634 1519 praecepta
671 1467 854 1512 aestimet,
891 1467 1090 1504 minimum
1129 1479 1214 1504 cum
1247 1467 1426 1512 maximo,
1462 1476 1503 1505 ut
1537 1467 1591 1505 sic
1628 1467 1752 1505 omnis

335 1533 443 1581 (29¹³)
473 1545 558 1570 caro
587 1532 720 1570 timere
748 1545 846 1577 eum,
874 1531 1030 1580 diligere
1056 1531 1164 1582 eique
1192 1530 1347 1569 obedire
1373 1531 1507 1570 discat.

928 1665 1068 1701 lnterr.
1099 1664 1160 1703 79.

386 1731 566 1768 Potestne
605 1729 720 1766 etiam
760 1728 872 1765 homo
909 1741 953 1765 ex
983 1741 1021 1765 se
1048 1727 1128 1778 ipse
1155 1727 1230 1776 legi
1259 1726 1328 1765 Dei
1356 1726 1571 1765 satisfacere
1598 1740 1754 1777 eamque

334 1796 500 1847 implere,
529 1800 569 1832 ut
598 1807 723 1831 coram
753 1793 823 1831 Dei
851 1793 992 1830 iudicio
1022 1792 1238 1838 consistere,
1269 1793 1414 1830 beatam
1436 1792 1550 1831 vitam
1572 1792 1752 1830 salutem-

242 1906 254 1912 „
335 1879 407 1915 que
434 1863 571 1901 exinde
598 1860 758 1911 adipisci
786 1860 926 1910 queat?

50 1907 162 1950 Roma.
187 1906 215 1942 3,
240 1916 269 1936 ο.
987 1924 1061 1962 Res

49 1949 138 1979 Gala.
162 1949 191 1979 2.
1064 1937 1100 1975 P·

47 1990 169 2045 §juthe
192 1990 220 2041 5·
390 1994 549 2032 Minime
585 1992 698 2030 eheu!
754 1991 913 2028 Frustra
950 1989 1048 2026 enim
1082 1988 1151 2026 Dei
1179 1988 1279 2025 filius
1308 1987 1471 2025 venisset
1499 1987 1546 2024 ad
1574 2000 1656 2025 eam
1682 1987 1753 2024 im-

51 2034 164 2105 (ffiffig',
183 2033 285 2106 >fist
335 2060 527 2112 piendam,
556 2059 587 2095 si
616 2058 727 2094 homo
757 2056 802 2093 ad
831 2055 869 2092 id
902 2054 1093 2092 valuisset.
1124 2053 1212 2098 Sed,
1241 2066 1326 2090 cum
1355 2058 1489 2090 natura
1520 2057 1649 2090 nostra
1675 2056 1753 2090 tam

55 2118 194 2189 &Il-11:⁴34
221 2117 269 2147 15.
336 2137 491 2176 prorsus
529 2127 703 2173 corrupta
741 2125 850 2165 esset,
894 2125 932 2157 ut
961 2119 1014 2156 nil
1049 2119 1124 2156 nisi
1159 2131 1311 2169 peccare
1348 2131 1392 2155 cx
1421 2132 1459 2155 se
1485 2122 1625 2169 posset,
1652 2117 1754 2156 Deus

71 2172 100 2189 [ί
136 2183 142 2189 .
188 2183 194 2189 .

52 2202 145 2233 Rom.
176 2202 203 2237 5,
232 2200 261 2239 7,
285 2201 315 2233 8.
338 2203 438 2228 mera
465 2187 724 2226 misericordia
752 2185 905 2223 unicum
933 2197 1042 2221 suum
1070 2184 1190 2221 filium
1220 2183 1335 2230 misit,
1362 2189 1403 2222 ut
1431 2195 1498 2234 pro
1527 2183 1638 2221 nobis
1649 2184 1753 2231 (30³)

50 2243 205 2327 chpiigrig‘
229 2244 258 2274 9·
337 2254 520 2306 impleret,
547 2251 648 2303 quod
678 2250 750 2302 ipsi
780 2250 884 2287 nullo
912 2248 1025 2286 modo
1054 2248 1317 2299 potuissemus.

52 2328 141 2358 Ioan.
166 2328 194 2358 3.

50 2370 113 2402 Tit.
136 2369 166 2402 3.

53 2413 166 2444 Roma..
191 2413 219 2450 3,
244 2413 273 2443 8.

927 2445 1065 2482 Interr.
1096 2447 1158 2481 80.

392 2514 531 2552 Nonne
566 2513 681 2562 igitur
717 2511 830 2548 homo
859 2510 915 2548 sic
941 2509 1060 2546 libera
1089 2508 1283 2546 voluntate
1309 2521 1330 2545 a
1359 2506 1438 2544 Deo
1466 2504 1656 2556 praeditus
1685 2509 1754 2551 est,

340 2586 382 2618 ut
407 2591 584 2630 peragere
613 2577 685 2614 hoc
711 2575 850 2626 queat?

980 2638 1093 2688 Resp.
1612 2676 1613 2679 Ἴ

57 2722 146 2753 Gala.
171 2724 199 2759 2,
224 2723 252 2755 5.
392 2707 509 2744 Initio
546 2709 634 2744 ante
667 2706 813 2756 lapsum
851 2703 994 2753 primus
1030 2702 1143 2739 homo
1180 2700 1329 2751 quidem
1366 2698 1421 2736 sic
1448 2711 1469 2735 a
1488 2697 1576 2735 Deo
1607 2701 1752 2736 creatus

52 2764 158 2837 {205}ss
184 2766 233 2837 lj-
341 2777 431 2817 erat,
476 2771 539 2809 sed
574 2783 660 2809 vero
699 2768 838 2808 Adami
874 2766 1133 2804 inobedientia
1167 2770 1280 2816 atque
1304 2768 1466 2815 peccato
1503 2763 1623 2801 libera
1660 2762 1753 2801 haec

52 2817 171 2922 ἓξὲξ]
190 2850 217 2886 5,
340 2838 516 2876 voluntas
543 2837 583 2874 in
611 2835 723 2874 nobis
752 2833 930 2872 omnibus
959 2831 1080 2883 periit.

123 2902 168 2923 or.
193 2892 243 2925 15.

50 2933 206 2978 Ephe„9.
