1830 3147
824 75 891 112 715
1348 77 1410 126 [A.
1436 77 1481 115 D.
1508 79 1618 128 1553]

92 183 193 232 plane
226 182 356 219 litteris
387 181 472 217 meis
504 180 683 217 includere
715 180 889 228 exemplar
927 183 1095 230 epistolae
1126 196 1222 221 meae
1258 184 1300 221 ad
1334 185 1467 233 Regem
1503 199 1617 224 meum

91 247 250 293 scriptae,
283 244 325 280 de
358 255 429 291 quo
462 242 505 278 ad
540 248 576 278 te
610 242 810 287 scribebam,
845 243 905 280 sed
930 248 1073 281 coactus
1099 245 1163 282 sim
1189 246 1290 283 alteri
1315 247 1397 284 dare
1422 251 1617 297 negotium,

92 310 133 341 ut
166 305 209 341 ad
234 308 269 341 te
295 303 560 340 transmitteret.
586 303 692 339 Nunc
718 316 800 340 vero
826 317 886 352 per
910 305 1013 342 hosce
1038 305 1153 342 decem
1179 314 1242 343 aut
1267 308 1417 356 amplius
1442 310 1516 347 dies
1541 323 1615 348 rec-

92 366 164 402 tius
190 378 329 401 rursum
356 364 460 407 valui,
487 364 546 399 sed
572 364 703 400 sentire
728 364 812 400 mihi
837 365 950 402 denuo
977 366 1095 403 videor
1121 367 1268 404 redituri
1294 369 1362 405 iam
1388 370 1500 407 morbi
1527 359 1613 408 indi-

90 426 153 469 cia,
179 427 297 472 itaque
323 425 459 460 brevior
485 436 559 460 esse
584 437 700 471 cogor.

136 486 273 522 Turbae
297 485 351 521 hic
373 488 513 521 nostrae
531 485 685 521 noudum
703 486 967 533 conquiescunt,
984 486 1044 523 sed
1061 487 1098 522 in
1116 487 1188 524 dies
1207 501 1244 524 se
1260 492 1376 526 tamen
1396 490 1424 538 ')
1443 492 1553 539 magis
1572 506 1612 530 ac

90 548 198 595 magis
221 546 340 595 prodit
368 546 546 582 temeritas
572 546 804 594 quorundam.
832 547 974 583 Domini
999 547 1042 583 de
1059 548 1241 585 Seschellis
1260 550 1368 586 vicem
1386 550 1498 596 doleo,
1517 554 1612 601 quod

88 621 210 656 passus
235 608 293 652 sit,
319 620 357 644 se
381 620 422 644 eo
447 608 608 655 protrudi
633 608 782 645 aliorum
807 609 1109 656 instigationibus.
1147 610 1234 646 Esto
1261 612 1363 656 0111111,
1390 613 1550 651 habuerit
1575 616 1612 652 in

88 669 216 716 quibus
248 668 485 705 Valerandum
518 670 644 705 merito
680 672 717 705 et
741 670 898 715 graviter
924 671 1202 718 reprehenderet,
1229 674 1522 719 quemadmodum
1547 689 1611 724 ego

88 743 171 767 sane
195 743 249 766 me
274 730 400 778 ipsum,
428 734 468 767 ut
494 731 536 766 de
560 730 637 766 aliis
663 736 806 775 taceam,
831 731 953 767 multis
979 736 1014 768 et
1040 733 1174 780 magnis
1191 735 1518 782 reprehensionibus
1536 738 1611 786 dig-

88 804 173 827 num
206 804 280 828 esse
313 804 475 837 agnosco,
508 791 660 828 multum
694 792 845 829 interest
878 793 1031 837 interim,
1064 795 1306 842 corrigendiue
1337 810 1380 834 an
1415 812 1498 836 vero
1525 801 1611 837 infa-

87 852 203 889 mandi
227 852 342 888 animo
366 852 500 900 aliquid
524 865 677 900 agamuS‚
702 853 744 889 ab
769 866 885 890 amore
910 867 954 890 ne
978 854 1061 891 item
1087 860 1149 892 aut
1173 856 1216 892 ab
1240 858 1319 894 odio
1345 860 1611 907 proficiscantur

88 925 208 950 omnes
234 917 311 949 tum
336 913 601 957 admonitiones,
628 916 705 950 tum
729 915 1024 962 reprehensiones.
1052 916 1120 952 Hic
1147 930 1240 962 vero,
1267 923 1309 955 ut
1325 921 1418 967 apud
1436 924 1472 958 te
1489 935 1611 960 verum

86 975 206 1019 fatear,
233 974 345 1011 multa
369 975 405 1011 111
430 975 552 1011 multis
577 975 771 1012 desiderare
795 988 913 1023 cogor.
939 977 1036 1013 Illud
1060 991 1169 1014 unum
1196 980 1267 1016 scio
1293 984 1328 1017 et
1353 983 1477 1020 testari
1506 985 1610 1022 etiam

86 1048 167 1072 vere
191 1048 343 1083 possum,
368 1036 604 1072 Valerandum
630 1037 786 1083 graviter
811 1050 928 1073 secum
953 1038 1067 1086 ipsum
1090 1040 1320 1078 colluctatum
1337 1055 1411 1080 esse
1429 1045 1515 1082 etin
1535 1046 1609 1083 dies

84 1095 278 1139 colluctari,
316 1103 357 1132 ut
393 1109 429 1133 50
460 1097 572 1144 ipsum
608 1097 736 1134 vincat.
786 1098 889 1144 Quod
922 1099 1082 1146 equidem
1116 1103 1316 1139 certaminis
1339 1116 1462 1151 genus,
1488 1108 1531 1142 ut
1556 1110 1611 1144 est

85 1158 240 1194 omnium
272 1157 376 1205 longe
408 1158 689 1205 pulcherrimum,
726 1159 776 1195 ita
807 1160 912 1196 etiam
947 1161 1101 1198 omniurn
1132 1162 1237 1210 longe
1270 1164 1507 1203 difficillimum
1533 1180 1609 1205 esse

83 1220 256 1255 fateamur
288 1232 428 1256 necesse
452 1223 516 1263 est,
543 1219 747 1268 quicunque
771 1221 808 1257 in
835 1221 988 1259 Domino
1013 1223 1050 1259 in
1076 1223 1149 1260 dies
1174 1225 1284 1272 magis
1310 1239 1350 1263 ac
1375 1229 1484 1275 magis
1509 1242 1609 1266 reno-

85 1281 160 1316 vari
185 1293 227 1316 ex
251 1281 367 1316 animo
393 1283 568 1327 optamus.

129 1341 205 1388 Ego
231 1353 312 1377 sane
338 1340 379 1376 de
404 1353 458 1376 me
483 1342 558 1388 ipso
583 1340 732 1378 libenter
759 1341 906 1386 fatebor,
932 1355 986 1378 me
1011 1343 1096 1379 adeo
1123 1357 1193 1380 11011
1218 1346 1349 1383 sentire
1367 1360 1511 1396 magnos
1530 1363 1609 1398 pro-

82 1414 225 1450 gressus
262 1403 297 1438 in
331 1402 399 1438 mei
424 1401 483 1437 illa
507 1401 551 1437 ad
576 1414 680 1449 quem
704 1402 819 1450 aspiro
845 1404 1082 1448 renovatione,
1108 1408 1151 1441 ut
1176 1406 1260 1442 mihi
1287 1409 1401 1445 nescio
1433 1411 1609 1457 quomodo

81 1463 275 1511 retrogredi
300 1463 409 1509 magis
434 1475 539 1509 quam
565 1463 726 1510 progredi
752 1464 881 1507 videar,
908 1476 946 1500 ac
971 1465 1117 1512 proinde
1143 1479 1213 1502 non
1238 1467 1354 1512 miror,
1381 1469 1411 1505 si
1434 1470 1494 1506 alii
1521 1484 1608 1519 quo-

83 1536 153 1571 que
186 1536 257 1559 non
291 1522 453 1570 protinus
485 1535 556 1569 quo
592 1523 720 1559 volunt
755 1523 903 1560 eluctari
934 1525 1083 1573 possint,
1118 1539 1353 1575 magnumque
1386 1542 1609 1577 progressum

83 1589 223 1621 nostrae
248 1584 487 1620 renovationis
515 1597 589 1620 esse
613 1584 840 1632 interpretor,
865 1586 894 1621 si
919 1598 1010 1633 quae
1035 1587 1154 1624 subito
1180 1601 1307 1625 exuere
1325 1603 1393 1626 non
1412 1604 1609 1639 possumus,

84 1659 174 1694 quae
212 1651 331 1682 nostra
366 1650 419 1682 est
444 1645 640 1690 infirmitas,
666 1658 705 1681 ea
729 1647 871 1682 interim
897 1651 933 1684 et
958 1648 1051 1696 apud
1076 1660 1141 1685 1105
1167 1651 1261 1698 ipsos
1286 1651 1322 1687 in
1347 1653 1451 1690 corde
1475 1659 1608 1701 nostro,

82 1714 118 1745 et
143 1707 235 1756 apud
259 1706 348 1743 alios
374 1706 478 1743 etiam
506 1707 580 1743 51110
606 1707 779 1754 hypocrisi
804 1720 1018 1753 accusemus,
1045 1711 1081 1746 in
1107 1711 1148 1746 iis
1174 1712 1274 1748 nobis
1299 1712 1366 1761 ipsi
1393 1727 1473 1751 vere
1490 1716 1608 1765 displi-

81 1782 220 1806 ceamus
254 1773 290 1805 et
328 1769 464 1805 veniam
499 1768 641 1804 illorum
676 1781 756 1805 cum
788 1770 880 1817 apud
914 1770 1028 1807 Deum
1055 1774 1131 1808 tum
1157 1773 1249 1821 apud
1275 1774 1431 1812 homines
1455 1777 1608 1825 ingenue

82 1834 252 1880 petamus.
294 1830 345 1866 Ea
370 1842 475 1878 porro
501 1843 580 1866 cum
605 1831 642 1866 111
666 1830 873 1878 νο101011110,
892 1832 1007 1868 videre
1040 1834 1123 1869 mihi
1157 1834 1274 1872 videar
1300 1836 1401 1873 iuxta
1426 1841 1604 1877 externam

80 1892 204 1928 saltem
230 1891 378 1927 hominis
403 1891 524 1927 faciem
541 1912 587 1919 —·
603 1891 646 1927 de
663 1891 766 1928 corde
784 1893 874 1928 enim
895 1893 970 1929 Deo
988 1906 1090 1930 suum
1108 1895 1269 1943 relinquo
1287 1897 1454 1936 iudicium
1472 1922 1519 1930 —-
1536 1915 1606 1939 11011

81 1965 223 2000 possum
247 1951 405 2000 profecto
430 1951 526 1987 illius
549 1951 612 1988 hac
629 1952 665 1987 in
682 1955 781 1999 parte
798 1953 1017 1993 innocentiae
1035 1968 1148 1992 meum
1167 1957 1408 1995 testimonium
1425 1960 1605 2010 denegare.

125 2011 254 2049 Scribit
278 2011 321 2048 ad
346 2015 382 2047 te
407 2011 461 2047 vir
485 2011 697 2047 clarissimus
722 2012 824 2049 iuxta
847 2026 886 2049 ac
900 2013 1149 2061 pientissimus,
1176 2017 1348 2055 Iohannes
1369 2019 1604 2069 Clauburgus‚

78 2076 121 2110 ut
145 2073 274 2110 litteris
299 2074 370 2109 tuis
396 2086 515 2109 omnes
540 2073 644 2109 simul
669 2074 722 2110 hic
748 2075 1011 2122 peregrinorum
1037 2076 1198 2114 ecclesias
1222 2079 1265 2115 ad
1283 2083 1442 2118 mutuam
1460 2095 1604 2121 concor-

79 2135 171 2171 diam
196 2137 233 2171 et
269 2147 387 2182 pacem
423 2134 674 2172 cohortareris:
708 2135 843 2179 deinde,
869 2140 911 2172 ut
936 2137 979 2173 ad
1004 2138 1100 2174 urbis
1125 2152 1268 2187 quoque
1293 2141 1397 2177 huius
1422 2143 1604 2182 ministros

79 2195 304 2232 Germanicos
340 2194 564 2243 peculiariter
596 2195 724 2231 scribas
763 2196 798 2232 in
835 2196 978 2233 eandem
1011 2200 1234 2244 sententiam,
1259 2214 1385 2249 meque
1411 2205 1537 2249 oravit,
1562 2210 1604 2242 ut

79 2256 144 2292 tibi
169 2269 310 2304 quoque
337 2256 411 2292 eius
437 2256 487 2292 rei
511 2260 616 2293 autor
641 2269 761 2293 essem.
787 2258 863 2305 Ego
889 2271 972 2295 vero
997 2272 1052 2296 me
1077 2273 1114 2296 ea
1140 2261 1182 2297 de
1207 2274 1244 2298 re
1268 2263 1311 2298 ad
1336 2269 1373 2299 te
1390 2265 1602 2313 scripturum

78 2331 152 2354 esse
184 2319 308 2365 recepi,
334 2324 369 2354 et
394 2318 495 2365 plane
519 2317 555 2354 id
580 2318 640 2354 abs
666 2322 702 2355 te
727 2319 800 2355 fieri
826 2320 986 2367 optarim,
1014 2321 1067 2357 vir
1089 2321 1308 2360 doctissime!
1336 2325 1492 2362 Multum
1512 2328 1603 2364 enim

78 2378 241 2427 ponderis
266 2378 403 2414 litteras
429 2378 599 2415 eiusmodi
625 2383 705 2416 tuas
729 2379 784 2416 hic
811 2380 989 2418 habituras
1015 2395 1199 2430 sperarem.
1225 2384 1317 2420 Nam
1343 2387 1409 2423 etsi
1434 2388 1603 2436 Anglicae

77 2440 200 2476 turbae
234 2442 418 2486 utcunque
443 2440 683 2487 conquievisse
709 2441 907 2486 videantur,
934 2443 1002 2479 etsi
1027 2443 1111 2480 item
1137 2445 1174 2480 in
1199 2445 1432 2484 Flaudrorum
1458 2451 1602 2487 ecclesia

74 2501 160 2537 nihil
186 2502 233 2537 sit
258 2501 450 2544 turbarum,
476 2502 588 2548 gratia
615 2502 784 2538 Domino!
812 2504 898 2550 quin
925 2507 960 2540 et
986 2504 1028 2541 de
1053 2505 1196 2542 Gallicis
1222 2520 1366 2555 quoque
1391 2510 1505 2547 turbis
1523 2524 1600 2559 spes

74 2562 133 2605 sit,
171 2562 418 2609 conquieturas
452 2575 525 2598 esse
564 2575 624 2609 per
655 2565 802 2609 gratiam
842 2564 920 2608 Dei,
956 2568 1072 2602 tamen
1099 2579 1279 2614 nunquam
1306 2582 1375 2606 11011
1401 2574 1454 2607 est
1481 2572 1601 2609 futura

77 2623 175 2658 utilis
199 2622 242 2658 ad
267 2635 383 2670 pacem
410 2622 581 2670 publicam
609 2627 644 2659 et
670 2631 828 2660 mutuam
855 2626 1070 2662 corcordiam
1095 2628 1305 2666 exhortatio.

124 2682 172 2718 Et-
197 2687 239 2717 ut
265 2682 351 2718 nihil
376 2682 470 2718 aliud
497 2682 568 2726 11111,
587 2683 775 2730 plurimum
793 2685 1018 2722 nihilomiuus
1036 2687 1201 2734 proderit,
1220 2694 1339 2726 extare
1356 2692 1598 2730 testimonium

76 2743 188 2778 nostri
213 2755 294 2790 erga
318 2755 434 2790 pacem
460 2755 499 2779 ac
525 2745 741 2780 concordiam
767 2745 887 2789 studii,
915 2746 1010 2793 quod
1036 2761 1099 2784 nos
1125 2748 1257 2796 alioqui
1282 2751 1385 2787 etiam
1411 2753 1502 2800 apud
1528 2768 1596 2790 ma-

73 2804 262 2849 gistratum
296 2811 377 2852 post
403 2808 482 2841 tuas
519 2804 656 2841 litteras
681 2814 838 2854 acceptas
864 2809 1027 2845 attestari
1053 2810 1256 2856 poterimus,
1282 2813 1312 2849 si
1337 2826 1408 2860 quo
1433 2815 1537 2854 modo
1562 2816 1597 2853 id

72 2865 202 2902 efficere
235 2865 420 2913 110551111115,
446 2870 488 2902 111,
513 2879 584 2904 una
608 2880 687 2905 cum
714 2868 818 2907 huius
844 2869 942 2909 urbis
968 2871 1139 2910 ministris
1164 2873 1339 2925 peregrini
1365 2888 1508 2927 quoque
1534 2877 1595 2916 mi·
