1830 3147
188 80 256 127 [A.
280 80 325 116 D.
350 78 462 125 1559]
919 76 987 115 762

188 188 294 235 igitur
325 187 387 223 abs
419 191 470 228 te,
509 186 646 232 Regina
677 185 916 222 Serenissima!
954 187 995 220 ut
1031 187 1066 220 te
1090 185 1228 221 ethnico
1252 197 1345 222 more
1369 185 1414 221 ad
1437 184 1650 221 dominatum
1674 183 1711 219 in

188 252 270 285 tuos
294 261 314 284 a
339 247 564 284 Dominorum
589 246 744 282 omnium
768 246 994 283 Dominatore
1019 247 1096 283 Deo
1121 250 1280 283 vocatam
1304 259 1388 289 esse,
1413 248 1475 282 aut
1498 248 1600 292 putes
1624 245 1712 292 ipsa,

187 310 245 346 vel
269 309 332 345 tibi
357 309 400 344 ab
423 309 500 344 aliis
526 308 722 355 persuaderi
747 308 782 344 id
807 309 959 355 patiaris,
983 309 1041 344 sed
1065 309 1212 356 cogites,
1241 321 1358 344 omnes
1393 307 1586 344 istiusmodi
1610 317 1713 342 voces

187 371 354 407 Ethnicas
389 382 476 413 esse,
501 382 541 406 ac
565 369 706 416 proinde
731 382 752 406 a
776 369 974 406 Christiano
999 369 1153 418 quolibet
1177 370 1385 417 Magistratu
1414 369 1557 405 maxime
1582 368 1710 404 alienas

187 444 261 467 esse
285 434 453 478 oportere.
499 430 618 468 Quid?
645 431 736 477 quod
763 431 893 466 Paulus
917 431 952 466 iu
976 430 1059 477 ipsis
1083 432 1184 466 etiam
1210 430 1365 466 Ethnicis
1389 429 1575 465 Christiani
1600 428 1713 475 Magi-

187 494 317 527 stratus
352 491 533 537 imaginem
569 490 667 525 nobis
691 490 922 533 adumbravit,
947 494 997 533 ut,
1023 490 1157 526 etiamsi
1181 503 1254 526 eam
1280 490 1323 526 ab
1347 490 1428 531 illis,
1452 492 1618 535 usurpato
1643 487 1709 523 sibi

186 551 385 588 dominandi
409 553 444 587 in
469 563 550 586 suos
576 551 660 593 iure,
685 551 846 587 violatam
872 563 947 586 esse
972 552 1159 593 videamus,
1184 554 1331 586 mentem
1363 550 1582 586 nihilominus
1606 551 1713 595 atque

188 612 439 649 ordinationem
474 611 540 648 Dei
564 624 628 648 nos
654 612 689 647 in
714 612 868 659 legitimo
893 612 1158 659 Christianoque
1184 612 1394 658 Magistratu
1419 610 1572 658 quolibet
1595 609 1713 645 obser-

188 686 317 710 vemus.
352 674 409 709 Ita
435 685 516 709 sane
541 685 675 709 omnem
699 673 810 708 omnis
837 675 1042 719 potestatem
1068 672 1172 708 docet
1197 685 1271 708 esse
1297 673 1362 708 Dei
1386 671 1590 707 ministrium
1606 673 1712 716 atque

187 734 450 776 ordinationem,
483 736 522 768 ut
554 734 600 769 sit
633 738 751 770 custos
784 733 870 780 legis
894 733 928 769 in
955 733 1152 769 concredito
1174 734 1237 769 sibi
1262 732 1403 780 p0pu10,
1429 732 1512 767 dum
1536 731 1609 766 eius
1635 729 1715 766 obe-

186 795 350 831 dientiam
398 798 636 830 remuneratur
677 798 713 829 et
756 794 1025 830 inobedientiam
1069 795 1177 841 punit.
1226 794 1349 840 Capita
1382 796 1497 828 autem
1533 792 1715 839 praecipua

188 857 373 893 constituit
398 856 487 892 idem
513 856 655 898 Paulus,
679 856 714 891 in
740 856 865 904 quibus
890 856 1101 902 potissimum
1127 856 1316 891 Christiani
1340 855 1507 902 cuiusque
1533 853 1715 899 Magistra-

184 920 244 954 tus
279 918 426 954 officium
461 921 631 959 versatur,
666 929 788 964 nempe
814 917 971 964 publicae
998 918 1136 963 pietatis
1161 920 1197 952 et
1223 916 1482 964 tranquillitatis
1506 913 1714 955 custodiam,

183 991 327 1027 quorum
364 980 474 1015 altero
509 991 595 1027 quae
632 978 677 1014 ad
710 978 834 1021 Deum,
870 978 980 1014 altero
1016 990 1095 1013 vero
1132 990 1219 1025 quae
1244 977 1287 1013 ad
1313 977 1504 1023 proximum
1531 974 1715 1022 pertinent,

187 1042 422 1083 continentur,
458 1044 497 1076 nt
531 1041 758 1087 Magistratus
794 1041 937 1087 quisque
975 1040 1157 1086 intelligat,
1182 1051 1219 1074 se
1245 1042 1279 1074 et
1306 1038 1434 1085 publici
1458 1037 1572 1073 cultus
1597 1035 1716 1071 Divini

186 1116 205 1138 a
241 1103 317 1138 Deo
342 1102 510 1148 imperati,
536 1103 592 1150 qui
619 1102 683 1136 sub
709 1102 847 1149 pietatis
873 1100 1010 1137 nomine
1035 1104 1206 1142 censetur,
1231 1103 1266 1136 et
1291 1100 1450 1146 politicae
1475 1099 1557 1134 itcm
1583 1097 1716 1132 univer-

185 1176 242 1199 sae
275 1163 534 1210 gubernationis
566 1175 666 1210 quam
701 1162 837 1209 publica
871 1162 1100 1210 tranquillitas
1135 1162 1170 1197 in
1195 1173 1232 1197 se
1257 1160 1509 1207 complectitur,
1534 1157 1714 1195 custodem

185 1236 260 1259 esse
285 1227 457 1270 oportere.

232 1285 329 1323 Quin
367 1288 403 1320 et
436 1284 573 1320 modum
609 1284 683 1319 eius
718 1283 897 1320 custodiae
923 1284 1006 1330 legis
1028 1283 1126 1320 nobis
1152 1283 1347 1319 luculenter
1371 1283 1522 1330 exponit,
1547 1293 1590 1316 ne
1616 1292 1716 1316 voca-

186 1343 319 1378 tionum
363 1343 398 1377 in
440 1342 629 1377 ministerio
664 1341 912 1377 Ecclesiastico
947 1341 1144 1376 discrimina
1179 1340 1388 1377 confundere
1425 1339 1511 1375 velle
1547 1338 1714 1374 videatur·

185 1402 365 1439 Discernit
401 1402 581 1449 politicum
620 1402 772 1448 gladium
810 1415 831 1438 a
867 1401 983 1449 gladio
1021 1402 1180 1448 Spiritus,
1221 1405 1323 1448 atque
1355 1401 1457 1436 huius
1492 1400 1714 1436 ministerium

185 1463 365 1510 Episcopis
399 1466 436 1498 et
470 1462 688 1509 Presbyteris
725 1463 760 1498 in
796 1463 961 1505 Ecclesia,
991 1463 1084 1498 illius
1120 1475 1198 1498 vero
1235 1475 1334 1498 usum
1371 1461 1560 1509 legitimum
1587 1461 1720 1508 Magis·

186 1524 295 1559 tratui
334 1523 530 1570 consignat,
566 1535 608 1558 ne
640 1529 701 1558 aut
735 1523 895 1569 Episcopi
930 1523 1159 1569 Magistratus
1196 1522 1344 1558 officium
1369 1521 1540 1562 invadere,
1564 1521 1656 1568 quod
1680 1520 1716 1556 in

186 1584 348 1631 Papismo
381 1585 511 1620 factum
548 1583 715 1625 videmus,
748 1587 809 1619 aut
846 1584 1077 1631 Magistratus
1112 1595 1244 1619 rursum
1282 1583 1387 1630 gladii
1420 1583 1567 1629 Spiritus
1592 1581 1716 1629 guber-

185 1646 359 1681 nationem
384 1644 449 1680 sibi
473 1644 713 1692 quoquomodo
739 1656 904 1691 usurpare
930 1645 1076 1692 possint,
1104 1645 1164 1680 sed
1187 1645 1244 1680 alii
1270 1645 1408 1680 interim
1432 1645 1517 1680 alios
1543 1645 1579 1680 in
1604 1644 1714 1680 officio

186 1707 401 1748 contineant,
431 1706 495 1742 hoc
529 1709 592 1747 est,
627 1711 667 1740 ut
700 1705 931 1752 Magistratus
960 1706 1151 1753 Episcopos
1184 1706 1355 1748 observet,
1388 1719 1430 1742 ne
1464 1707 1546 1754 quid
1580 1711 1713 1753 praeter

187 1768 283 1803 verbi
316 1767 434 1803 Divini
467 1766 659 1802 doctrinam
691 1767 727 1802 in
752 1767 909 1802 Ecclesia
933 1767 987 1802 vel
1012 1767 1161 1803 doceant
1185 1768 1240 1804 vel
1267 1773 1424 1803 statuant
1448 1769 1616 1815 fidemque
1641 1768 1717 1804 illo-

188 1840 265 1863 rum
300 1828 364 1863 hac
400 1828 436 1863 in
468 1832 565 1873 parte
601 1839 640 1862 ac
677 1827 858 1874 diligentia
893 1832 1035 1864 externa
1074 1830 1176 1864 etiam
1210 1829 1482 1864 remuneratione
1509 1829 1715 1876 compendat

188 1893 293 1936 atque
318 1892 429 1930 ornet,
454 1888 696 1924 infidelitatem
722 1901 803 1924 vero
827 1901 868 1925 ac
892 1890 1140 1936 negligentiam
1168 1891 1321 1936 legitimo
1345 1891 1451 1938 gladii
1474 1892 1527 1927 sui
1553 1904 1618 1927 usu
1643 1904 1716 1927 cor-

188 1951 276 1998 rigat
311 1954 346 1985 et
379 1950 510 1996 puniat,
547 1961 607 1997 pro
630 1962 670 1986 eo
693 1962 733 1986 ac
759 1950 793 1986 id
818 1951 937 1986 Divini
963 1952 1109 1987 nominis
1135 1952 1243 1999 gloria
1267 1956 1302 1987 et
1324 1953 1498 1989 Ecclesiae
1523 1953 1718 1990 aedificatio

188 2011 364 2058 postulare
389 2011 541 2052 videtur,
572 2032 612 2037 —
640 2011 803 2057 Episcopi
830 2023 910 2046 vero
936 2012 1021 2047 dent
1045 2024 1181 2059 operam
1209 2013 1325 2059 petitis
1349 2025 1388 2049 ex
1405 2013 1509 2048 verbo
1522 2014 1588 2050 Dei
1600 2014 1717 2050 admo-

187 2071 389 2112 nitionibus‚
424 2082 468 2106 ne
502 2071 585 2117 quid
611 2071 841 2118 Magistratus
867 2084 1000 2107 rursum
1026 2073 1080 2108 vel
1105 2073 1261 2119 designet
1287 2074 1339 2109 vel
1369 2075 1578 2121 praescribat
1602 2075 1720 2112 Eccle-

190 2134 270 2175 siae,
296 2145 454 2180 pugnans
480 2132 551 2168 ullo
577 2132 679 2167 modo
704 2143 782 2168 cum
808 2133 936 2177 pietate
961 2145 1041 2168 vera
1067 2145 1214 2180 veroque
1240 2134 1306 2170 Dei
1331 2135 1442 2179 cultu,
1467 2147 1542 2171 eum
1558 2136 1716 2183 publicae

189 2193 270 2228 item
306 2193 509 2234 honestatis,
539 2204 641 2240 quam
674 2204 744 2228 non
781 2196 908 2228 temere
939 2193 1066 2241 alioqui
1100 2194 1222 2240 pietati
1254 2195 1413 2242 adiungit
1449 2196 1654 2243 Apostolus,
1679 2201 1714 2232 et

188 2253 452 2300 tranquillitatis
479 2252 682 2289 custodiam.
714 2254 756 2289 ln
782 2253 844 2289 hac
869 2255 976 2301 igitur
1002 2255 1238 2301 praecellentis
1265 2260 1344 2292 tuae
1370 2258 1560 2293 vocationis
1585 2258 1718 2305 Regiae

190 2327 209 2349 a
235 2315 346 2350 Paulo
371 2314 546 2361 Apostolo
571 2314 735 2349 deliniata
760 2314 870 2350 veluti
893 2316 1041 2362 imagine
1067 2318 1213 2363 quadam
1241 2321 1336 2352 tuum
1361 2318 1469 2364 ipsius
1495 2319 1642 2354 officium
1667 2319 1717 2355 in-

191 2374 280 2410 tueri
304 2377 407 2422 atque
433 2374 616 2409 observare
642 2374 793 2417 debebis,
817 2375 1040 2411 Sereuissima
1057 2377 1212 2422 Regina!
1240 2390 1360 2424 nempe
1380 2382 1420 2413 ut
1439 2382 1472 2413 te
1486 2380 1621 2415 fidelem
1640 2392 1716 2416 esse

190 2436 352 2472 ancillam
389 2448 429 2472 ac
463 2435 653 2471 ministram
687 2436 754 2471 Dei
787 2435 938 2471 declares
964 2448 1077 2472 coram
1104 2445 1164 2472 tua
1188 2438 1342 2474 Ecclesia
1367 2439 1402 2474 in
1427 2440 1583 2485 publicae
1609 2440 1716 2486 pieta-

191 2497 236 2532 tis
273 2496 463 2532 honestatis
501 2499 537 2532 et
561 2497 824 2543 tranquillitatis
850 2498 1017 2539 custodia,
1045 2498 1109 2534 hoc
1135 2502 1200 2540 est,
1226 2503 1265 2534 ut
1289 2501 1465 2536 doctrinae
1492 2502 1717 2547 Apostolicae

191 2562 227 2593 et
261 2558 332 2593 veri
357 2558 471 2593 cultus
507 2558 623 2593 Divini
651 2558 848 2604 puritatem,
877 2571 1006 2594 morum
1035 2560 1114 2595 item
1143 2560 1371 2603 honestatem,
1398 2562 1608 2598 individuam
1634 2563 1717 2597 alio-

191 2618 251 2664 qui
288 2629 388 2653 verae
420 2618 557 2664 pietatis
592 2619 728 2659 sociam,
761 2622 797 2653 et
831 2620 1117 2665 tranquillitatem
1152 2621 1324 2667 publicam
1355 2622 1444 2657 inter
1470 2625 1546 2657 tuos
1570 2624 1717 2658 retineas

192 2679 265 2714 alas
302 2691 445 2714 exornes
483 2682 517 2714 et
550 2683 610 2714 tua
647 2680 836 2714 autoritate
869 2680 981 2727 Regia
1019 2682 1117 2716 iuxta
1154 2681 1273 2716 traditi
1308 2681 1369 2717 tibi
1394 2694 1413 2717 a
1438 2682 1588 2718 Domino
1612 2683 1718 2728 gladii

195 2740 328 2786 politici
366 2752 466 2774 usum
492 2741 620 2775 tuearis
646 2752 686 2776 ac
711 2752 918 2787 propugnes.
967 2742 1097 2776 Contra
1123 2754 1202 2777 vero
1226 2747 1266 2777 ut
1291 2727 1466 2779 doctiinae
1492 2744 1716 2789 Apostolicae

193 2799 482 2835 adulterationem
517 2811 557 2835 ac
592 2801 877 2847 profanationem,
901 2801 1019 2838 cultus
1043 2803 1125 2838 item
1152 2802 1270 2838 Divini
1295 2804 1365 2838 veri
1389 2803 1606 2839 violationem
1631 2806 1719 2840 anti-

194 2859 411 2897 christianam
447 2865 483 2894 et
515 2860 707 2897 obstinatos
741 2861 930 2900 honestatis
965 2866 1000 2899 et
1032 2862 1293 2911 tranquillitatis
1328 2862 1484 2911 publicae
1511 2863 1717 2907 turbatores,
