1830 3147
433 422 1237 502 EPISTOLAE

62 773 124 810 ΝΟ.
147 774 183 809 1.
1165 773 1300 818 [netues
1321 776 1372 807 Str.
1390 779 1437 806 aul.
1458 775 1495 807 Ἠ.
1514 771 1587 817 m]

620 894 678 931 Ad
702 895 791 932 Jon.
818 895 972 932 HESSUM
997 897 1039 938 ¹).

108 1016 329 1064 Quamquam
356 1017 437 1053 mihi
469 1030 538 1053 non
564 1018 611 1054 sis
636 1018 679 1054 de
703 1018 791 1055 facie
816 1019 988 1065 cognitus,
1013 1021 1128 1054 tamen
1154 1018 1208 1054 hic
1233 1018 1320 1054 adeo
1343 1030 1468 1054 nomen
1493 1021 1590 1054 tuum

58 1076 232 1116 inclaruit,
264 1082 304 1112 ut
337 1077 411 1124 ipse
444 1078 625 1115 doctorum
659 1080 812 1115 omnium
844 1078 975 1126 alioqui
1006 1077 1280 1115 studiosissimus
1314 1079 1495 1115 statuerim
1529 1079 1594 1115 tibi

58 1136 162 1172 etiam
189 1136 418 1173 innotescere.
446 1138 563 1185 Atque
588 1151 665 1175 cum
691 1150 785 1174 nunc
812 1137 893 1174 mihi
926 1149 985 1185 per
1016 1138 1101 1174 alias
1126 1139 1370 1185 occupationes
1395 1150 1464 1174 non
1490 1138 1594 1174 liceat

58 1200 174 1233 tecum
207 1209 267 1244 per
301 1197 419 1234 literas
453 1202 557 1246 atque
591 1211 656 1246 ego
690 1199 814 1235 vellem
850 1210 963 1245 agere,
995 1198 1082 1234 illud
1113 1199 1235 1235 saltem
1259 1202 1294 1235 te
1318 1211 1409 1235 nunc
1434 1197 1594 1246 ro'gatum

61 1259 176 1301 velim,
203 1264 242 1295 ut
267 1260 302 1295 in
328 1259 379 1295 his
406 1260 488 1296 mihi
512 1272 650 1306 operam
677 1262 772 1296 tuam
799 1259 1048 1303 accommodes,
1073 1261 1107 1296 in
1133 1261 1268 1309 quibus.
1293 1264 1332 1296 ut
1357 1260 1458 1297 isthic
1475 1272 1594 1297 omnes

64 1320 167 1357 facile
202 1333 358 1368 superas,
391 1320 439 1356 ita
472 1321 538 1357 nisi
574 1324 621 1362 te.
654 1321 757 1357 alium
785 1321 867 1357 mihi
892 1322 1061 1357 neminem
1088 1321 1330 1358 consulturum
1360 1325 1456 1368 puto.
1508 1321 1599 1356 Sunt

66 1383 148 1419 mihi
174 1382 332 1419 nonnulli
356 1382 490 1418 emendi
519 1382 605 1421 libri.
630 1394 774 1429 quorum
801 1382 855 1418 hic
881 1394 1016 1418 summa
1041 1385 1096 1418 est
1122 1383 1276 1429 penuria,
1302 1394 1365 1418 nec
1390 1382 1504 1417 haberi
1531 1382 1598 1417 nisi

65 1444 255 1480 cracoviae
280 1447 436 1490 possunt.
472 1443 606 1479 Vellem
630 1444 746 1491 itaque
772 1443 862 1479 hunc
887 1444 944 1491 qui
969 1456 1008 1480 ea
1036 1443 1252 1490 potissimum
1278 1455 1382 1479 causa
1406 1443 1518 1479 isthuc
1545 1446 1600 1479 est

66 1518 88 1541 a
121 1517 175 1540 me
212 1505 350 1545 missus,
389 1503 534 1539 consilio
567 1504 748 1539 adiuvares
784 1507 846 1540 tuo
880 1516 1085 1553 curaresque
1119 1508 1171 1544 ut,
1209 1503 1372 1552 quicquid
1405 1504 1487 1539 novi
1520 1506 1600 1550 post

66 1563 354 1610 Hyperaspistem
378 1563 408 1608 2)
437 1562 564 1609 prodiit
587 1563 630 1597 ab
655 1562 801 1598 Erasmo
827 1563 880 1598 vel
906 1563 1076 1605 Luthero,
1100 1563 1128 1599 is
1154 1563 1299 1599 consilio
1323 1566 1386 1598 tuo
1410 1575 1485 1598 mea
1499 1574 1599 1609 pecu-

62 1623 118 1658 nia
151 1625 254 1659 emat.
305 1622 397 1659 Fieri
424 1623 552 1669 poterit
576 1626 618 1657 ut
644 1625 705 1658 tuo
731 1622 811 1658 huic
836 1623 948 1658 officio
972 1623 1180 1670 respondere
1206 1635 1270 1670 ego
1294 1622 1498 1670 quandoque
1523 1634 1599 1669 pos-

62 1682 137 1725 sim,
162 1682 254 1730 quod
280 1695 332 1719 me
357 1683 424 1718 iam
449 1681 529 1718 inde
555 1694 688 1730 semper
713 1683 887 1718 facturum
915 1683 978 1718 tibi
1004 1683 1145 1730 recipio.
1173 1682 1262 1718 Vale
1275 1686 1311 1718 et
1331 1695 1433 1730 opera
1447 1683 1595 1720 vicissim

62 1743 170 1779 utaris
197 1756 283 1779 mea.
335 1742 455 1779 Calisii
481 1744 525 1778 15
553 1743 632 1780 Kal.
656 1743 856 1779 Decembris
886 1743 949 1789 [17
973 1742 1182 1790 Novembr.j
1209 1744 1316 1779 1526.

499 1803 532 1840 Ι.
559 1805 579 1840 ὲ
605 1805 736 1847 Lisco,
765 1804 923 1841 Decanus
948 1805 1150 1841 Gnezensis.
1177 1817 1220 1841 m.
1245 1817 1297 1852 pr.
1324 1804 1385 1841 sed
1410 1805 1564 1842 volante.

106 1913 132 1952 ¹)
155 1912 315 1945 Iohannes
349 1911 480 1950 Hessus,
515 1911 797 1954 Norimbergensis
831 1911 1068 1953 (1487—1547)
1099 1912 1292 1954 Theologiae
1325 1912 1450 1944 Doctor
1474 1915 1543 1945 erat
1565 1916 1598 1946 et

63 1968 244 2000 eanonicus
267 1967 552 2000 Wratislaviensis.
576 1968 626 2000 Ad
650 1969 680 2001 d.
704 1969 743 1999 25
768 1969 840 2000 Oct.
864 1969 946 2000 1523
963 1970 1264 2009 (SECKENDORHUS
1276 1969 1359 2001 male
1375 1969 1488 2001 scribit
1501 1970 1595 2009 1528)

62 2024 200 2066 primam
224 2023 420 2056 Concionem
444 2026 575 2066 rogante
599 2025 718 2056 Senatu
742 2027 856 2056 contra
878 2025 1067 2057 Pontificios
1090 2025 1213 2057 habuit.
1237 2026 1288 2058 Cf.
1311 2025 1349 2057 de
1369 2036 1406 2057 eo
1423 2026 1597 2060 stomun.

63 2078 106 2112 H.
137 2079 173 2114 L.
202 2079 231 2110 1.
260 2079 344 2111 Sect.
376 2078 428 2112 47.
459 2081 473 2118 §
503 2080 573 2111 151.
605 2091 636 2122 p.
660 2080 732 2113 270.
755 2082 869 2120 AnAM,
903 2081 963 2114 Vit.⁴
990 2081 1092 2114 Tlceol.
1120 2081 1221 2114 Germ.
1246 2092 1276 2124 p.
1302 2081 1372 2113 183.
1395 2081 1597 2113 ΒΕΘΕΝνοι-

65 2143 168 2172 serus,
192 2135 279 2166 Hist.
305 2134 387 2166 Eccl.
411 2134 494 2167 Slav.
517 2146 548 2176 p.
572 2135 644 2167 346.
667 2136 862 2174 Fmfflmws,
886 2136 915 2168 1.
938 2147 970 2178 p.
995 2136 1084 2169 1481».
1116 2137 1263 2174 Garmias,
1287 2136 1373 2168 Hist.
1399 2136 1473 2178 Rff.
1494 2137 1539 2169 ΙΙ.
1563 2148 1595 2179 p.
1616 2168 1619 2171 .

64 2190 115 2223 69.
159 2190 186 2229 ²)
210 2189 499 2228 HYPERASPISTES‚
524 2189 544 2221 i.
561 2201 588 2221 e.
612 2190 780 2221 Diatribae
794 2191 944 2222 adversus
958 2202 1078 2223 servum
1091 2191 1257 2223 arbitrium
1274 2191 1374 2224 Mart.
1398 2191 1599 2233 Lutlterz'per

63 2245 104 2278 D.
137 2245 320 2279 ERASMUM.
353 2245 500 2277 Basileae
531 2245 623 2278 1526.
668 2246 719 2279 Cf.
755 2235 893 2285 Gniissn.
923 2247 1033 2279 Τνέεον
1055 2247 1109 2279 des
1131 2247 1226 2279 livre-r
1253 2258 1352 2281 rares.
1375 2248 1491 2282 Dresd.
1515 2248 1594 2280 1861

63 2301 156 2334 Tom.
178 2300 223 2335 ΙΙ.
246 2301 320 2334 496.

66 2511 128 2549 No,
155 2511 191 2547 2,
1075 2510 1133 2558 [Ex.
1154 2513 1222 2545 Areli.
1242 2513 1306 2545 seer.
1328 2513 1408 2554 Regiis
1429 2512 1592 2560 Rogiomonl]

697 2630 972 2668 IURAMENTUM.

114 2750 189 2798 Ego
222 2751 371 2789 Ioannes
395 2752 417 2788 ὲ,
442 2753 577 2794 Lasko,
604 2764 683 2789 cum
708 2765 761 2789 me
788 2753 877 2790 salso
901 2752 944 2789 ab
969 2752 1114 2789 aemulis
1139 2752 1193 2788 hic
1223 2753 1420 2789 traductum
1447 2766 1521 2790 esse
1547 2755 1599 2791 in·

67 2810 277 2848 tellexissem
302 2813 402 2860 quasi
426 2816 589 2860 suspecta
613 2813 730 2861 aliqua
754 2812 919 2860 dogmata
941 2817 978 2849 et
1002 2826 1023 2849 a
1048 2814 1197 2848 Sanctae
1223 2813 1423 2850 Catholicae
1440 2818 1474 2850 et
1501 2815 1596 2860 Apo·

66 2870 208 2909 stolicae
240 2873 421 2910 Romanae
455 2874 624 2911 ecclesiae
649 2873 809 2911 doctrina
829 2874 940 2911 aliena
964 2874 1062 2922 sequi
1085 2873 1257 2918 deberem,
1289 2875 1409 2922 putavi
1449 2887 1601 2912 necessa·

1343 2934 1414 2970 35*
