1830 3147
279 400 744 456 INDEX
857 399 1353 453 RERUM

458 538 1186 580 MEMORABILIUM.

308 805 432 838 Primus
453 816 600 838 numeru-s·
618 805 777 848 paqinanz,
799 805 954 837 secundus
976 816 1047 838 vero
1069 805 1183 838 lineam
1205 805 1337 839 indicat.

54 1065 256 1103 Accusatio
305 1063 401 1116 lapsi
447 1063 606 1102 alicuius
656 1063 783 1102 fratris
822 1063 921 1115 apud
965 1063 1161 1103 ministros
1196 1059 1437 1103 ac‘seniores
1473 1065 1592 1104 eccle·

107 1129 194 1169 siae.
1036 1119 1040 1120 ⁷
1195 1128 1288 1179 Pag.
1319 1131 1403 1168 293.
1432 1129 1499 1168 lin.
1529 1132 1592 1168 21.

55 1194 276 1233 Admonitio
305 1194 353 1232 ad
380 1193 574 1232 ecclesiam
600 1194 640 1231 in
666 1193 819 1245 publica
846 1193 1079 1232 matrimonii
1106 1194 1382 1233 coniunctione.
1413 1196 1498 1236 576.
1528 1198 1590 1234 24.

54 1259 276 1298 Admonitio
304 1258 351 1297 ad
370 1258 565 1297 ecclesiam
585 1271 695 1310 super
717 1258 821 1310 lapso
835 1261 871 1296 et
885 1258 1034 1309 publice
1048 1258 1262 1310 poenitente
1280 1259 1406 1297 fratre.
1437 1260 1496 1297 12.
1556 1261 1588 1298 1.

55 1323 279 1364 Admonitio
313 1323 361 1362 ad
396 1324 543 1375 lapsum
578 1336 622 1361 ac
658 1323 913 1375 poenitentem
957 1324 1111 1361 fratrem
1147 1327 1233 1375 post
1268 1323 1347 1361 eius
1384 1324 1592 1362 confessio-

106 1404 204 1429 nem.
1411 1392 1500 1429 325.
1530 1392 1590 1430 13.

53 1454 275 1492 Admonitio
304 1453 351 1490 ad
377 1453 523 1505 lapsum
550 1466 594 1491 ac
619 1454 874 1505 poenitentem
901 1454 1067 1493 fratrem.
1409 1458 1497 1495 321.
1530 1457 1589 1496 19.

54 1518 274 1557 Admonitio
310 1517 357 1556 ad
394 1518 587 1556 ministros
625 1518 728 1556 verbi
766 1518 863 1556 circa
900 1519 1067 1570 ipsorum
1104 1519 1292 1571 publicam
1329 1521 1589 1571 inauguratio-

104 1597 202 1623 nem.
1439 1590 1501 1625 39.
1556 1590 1592 1626 9.

54 1649 277 1688 Admonitio
305 1649 353 1686 ad
380 1652 567 1700 receptum
595 1649 670 1686 iam
699 1649 866 1688 fratrem.
1414 1654 1500 1691 501.
1529 1654 1590 1691 13.

53 1713 275 1752 Admonitio
305 1713 403 1751 circa
432 1713 618 1764 Baptismi
645 1713 1026 1764 administrationem.
1412 1717 1499 1754 121.
1530 1718 1590 1755 13.

53 1779 273 1818 Admonitio
312 1779 356 1817 de
390 1778 531 1830 peccati
567 1779 760 1828 agnitione
795 1782 881 1829 post
916 1778 1097 1829 Decalogi
1136 1780 1394 1818 recitationem
1422 1781 1460 1818 in
1499 1794 1590 1819 con-

105 1843 277 1882 cionibus
305 1842 605 1881 dominicalibus.
1437 1848 1498 1886 67.
1528 1848 1588 1885 14.

53 1908 275 1946 Admonitio
311 1911 475 1946 extrema
510 1907 556 1945 ad
593 1908 838 1957 inauguratos
875 1907 979 1946 verbi
1015 1908 1221 1955 ministros,
1256 1913 1457 1961 antequam
1482 1911 1590 1948 Psal-

102 1987 186 2011 mus
215 1973 407 2021 decan-(A
436 1974 607 2022 la)tetur.
1436 1978 1498 2014 39.
1554 1978 1588 2014 6.

53 2037 276 2076 Admonitio
303 2037 502 2088 peculiaris
529 2038 577 2075 ad
606 2050 796 2089 sponsum.
1413 2041 1500 2080 607.
1529 2043 1590 2079 23.

53 2102 275 2140 Admonitio
301 2102 500 2153 peculiaris
527 2103 575 2140 ad
603 2115 791 2153 sponsam.
1409 2106 1494 2142 610.
1529 2107 1590 2144 16.

53 2168 304 2217 Aegrotorum
334 2167 499 2205 visitatio
527 2167 568 2205 in
597 2168 751 2205 ecclesia
781 2167 1068 2207 Germanorum.
1414 2173 1499 2209 620.
1529 2173 1590 2209 16.

54 2232 330 2282 Argumentum
357 2231 627 2270 admonitionis
654 2232 701 2270 ad
728 2231 922 2270 ecclesiam
950 2232 995 2270 de
1020 2233 1430 2271 excommunicatorum
1458 2235 1591 2285 poeni-

104 2296 223 2334 tentia
249 2308 293 2333 ac
318 2296 637 2334 reconciliatione.
1410 2299 1497 2339 373.
1527 2301 1590 2337 19.

54 2360 329 2411 Argumentum
366 2360 636 2399 admonitionis
671 2365 756 2412 post
793 2373 929 2399 coenae
964 2361 1185 2399 Dominicae
1211 2362 1587 2403 administrationem.

1409 2430 1495 2466 265.
1524 2429 1585 2466 15.

54 2490 330 2540 Argumentum
357 2490 627 2528 admonitionis
655 2490 826 2541 publicae
854 2490 899 2528 de
927 2491 1327 2530 excommunicatione.
1407 2495 1493 2530 341.
1526 2496 1585 2531 23.

56 2557 328 2605 Argumentum
358 2555 551 2593 concionis
580 2556 623 2593 de
652 2556 770 2593 officio
800 2556 1067 2595 Diaconorum.
1433 2560 1495 2596 21.
1526 2561 1586 2596 23.

55 2623 326 2668 Argumentum
357 2620 548 2658 concionis
577 2620 614 2657 in
642 2620 793 2671 publica
820 2621 996 2658 ecclesiae
1024 2621 1246 2659 calamitate.
1405 2625 1490 2662 549.
1523 2625 1583 2660 25.

55 2685 330 2733 Argumentum
359 2684 551 2722 concionis
579 2684 624 2722 de
652 2685 770 2722 officio
799 2686 1058 2723 ministrorum
1085 2685 1202 2724 verbi.
1462 2689 1495 2727 7.
1527 2689 1586 2725 13.

56 2750 328 2798 Argumentum
359 2750 552 2788 concionis
583 2750 626 2786 de
654 2750 772 2787 officio
801 2751 1012 2796 Seniorum,
1437 2753 1495 2790 12.
1551 2755 1586 2790 9.

51 2813 326 2869 Argumentum
355 2814 546 2857 concionis
575 2814 620 2859 de
648 2815 768 2856 officio
798 2815 1152 2872 superintendentiS.
1436 2817 1494 2859 16.
1525 2817 1585 2861 16.
