1830 3147
154 174 225 210 156

202 284 264 322 Sic
290 284 407 334 igitur
434 286 469 321 et
498 283 645 320 Coenae
672 281 895 320 Dominieae
924 281 1084 319 eundem
1114 281 1226 332 plane
1254 282 1367 319 finem
1386 294 1466 319 esse
1485 293 1531 318 ex
1552 279 1693 319 Christi

151 348 345 399 ipsiusmet
373 347 528 385 Domini
558 346 680 384 verbis
709 346 899 392 docemus,
926 345 1106 384 nimirum
1136 350 1176 383 ut
1202 359 1268 397 per
1294 345 1507 383 institutam
1534 345 1582 382 ab
1597 345 1695 396 ipso,

151 427 226 451 non
265 412 434 463 equidem
473 411 648 462 frigidam
685 412 813 458 ullam,
851 411 916 449 sed
954 423 1047 462 quae
1086 410 1250 462 Spiritus
1288 411 1408 448 sancti
1445 410 1582 448 virtute
1617 411 1696 455 fiat,

149 479 207 517 sui
233 478 536 516 recordationem
562 477 733 515 Ecclesia
762 477 879 528 ipsius
908 476 1131 525 obsignetur
1159 475 1198 512 in
1228 475 1383 513 salutari
1411 488 1476 512 sua
1506 488 1590 512 cum
1609 475 1692 526 ipso

150 543 423 581 communione.
467 542 517 579 Et
545 541 863 593 quemadmodum
892 541 1066 579 Christus
1098 540 1283 578 Dominus
1309 543 1365 578 est
1395 553 1479 577 caro
1509 553 1554 578 ex
1584 553 1694 578 carne

149 613 277 646 nostra
311 608 416 645 iuxta
456 606 707 645 substantiam
745 607 865 658 ipsam
904 611 938 644 et
977 618 1018 643 os
1055 618 1100 643 ex
1137 604 1284 642 ossibus
1321 604 1459 642 nostris
1494 618 1559 656 per
1587 618 1693 643 suam

147 673 460 715 incarnationem,
497 672 549 709 ita
587 676 622 709 et
660 684 729 709 nos
768 669 934 709 vicissim
974 671 1122 708 Coenae
1150 683 1238 708 suae
1263 670 1480 708 testimonio
1510 670 1602 708 certi
1631 684 1693 708 su-

149 752 243 785 mus,
281 751 351 776 nos
388 751 468 775 esse
507 750 657 775 carnem
693 750 738 774 ex
777 740 1016 774 sacrosancta
1046 748 1156 772 carne
1179 735 1310 786 ipsius
1344 738 1380 773 et
1410 748 1491 772 ossa
1521 748 1565 783 ex
1594 749 1692 772 nun-

148 817 260 854 quam
297 802 439 854 alioqui
478 801 778 840 comminuendis
815 801 966 838 ossibus
1002 800 1122 852 ipsius
1159 813 1224 851 per
1262 799 1438 837 donatam
1467 800 1578 837 nobis
1605 813 1693 850 gra-

148 868 243 906 tuito
275 868 397 905 omnis
427 867 484 905 sui
514 867 636 904 meriti
665 866 863 917 omnisque
892 879 980 903 suae
1008 865 1176 903 iustitiae
1204 864 1244 902 in
1273 877 1428 916 corpore
1456 869 1492 902 et
1512 865 1695 915 sanguine

147 947 215 971 suo
246 932 559 971 communionem.
609 932 666 970 Ita
699 945 787 969 sane
816 931 953 968 Paulus
983 930 1161 968 convivas
1190 930 1337 968 Coenae
1363 929 1586 967 Dominicae
1613 943 1693 967 om-

150 1013 213 1037 nes
252 1012 367 1036 unum
404 1011 487 1035 cum
527 997 675 1035 Christo
716 1009 851 1047 corpus
889 1009 969 1034 esse
1005 995 1115 1033 docet
1145 995 1293 1033 Coenae
1319 994 1437 1046 ipsius
1465 995 1697 1040 testimonio,

149 1063 238 1101 dum
266 1064 365 1108 illos,
399 1076 442 1100 eo
471 1062 572 1113 quod
602 1061 646 1099 de
674 1074 748 1099 uno
776 1074 871 1112 pane
899 1060 1026 1107 edunt,
1056 1073 1171 1098 unum
1203 1072 1338 1111 corpus
1366 1073 1446 1097 esse
1473 1064 1631 1098 testatur
1653 1060 1695 1107 ¹),

149 1133 188 1166 ut
216 1128 472 1177 intelligamus
500 1140 541 1164 ea
571 1126 709 1172 omnia,
736 1139 830 1176 quae
859 1125 1009 1163 Christo
1039 1125 1203 1163 Domino
1227 1125 1297 1162 soli
1315 1125 1356 1162 in
1377 1138 1532 1176 corpore
1553 1131 1587 1162 et
1608 1138 1693 1163 san-

147 1193 262 1243 guine
288 1192 407 1244 ipsius
435 1213 485 1219 —
513 1205 672 1242 quorum
702 1195 891 1241 utrunque
919 1190 999 1241 ipse
1026 1204 1045 1227 a
1066 1190 1178 1228 nobis
1198 1190 1304 1227 iuxta
1324 1189 1573 1227 substantiam
1592 1189 1694 1240 ipso-

149 1272 231 1297 rum
258 1258 298 1296 in
325 1260 436 1305 (235)
468 1271 532 1295 sua
552 1256 814 1294 incarnatione
833 1260 1024 1294 mutuatus
1043 1255 1185 1306 alioqui
1204 1259 1282 1293 erat
1300 1277 1348 1284 —-
1368 1255 1520 1306 propria
1538 1256 1693 1293 omnino

150 1325 299 1362 fucrant
334 1337 454 1374 neque
491 1322 537 1360 ad
567 1335 637 1360 nos
665 1335 729 1373 per
759 1335 837 1359 sese
867 1322 943 1359 ullo
972 1321 1085 1358 modo
1114 1321 1367 1371 pertinebant,
1396 1334 1436 1358 ea
1465 1321 1535 1358 iam
1567 1321 1692 1358 omnia

152 1389 307 1440 inquam
344 1392 475 1426 nostra
511 1387 667 1425 omnino
705 1400 786 1424 esse
820 1400 886 1438 per
925 1386 1100 1424 donatam
1130 1386 1240 1424 nobis
1269 1399 1396 1423 eorum
1426 1386 1591 1423 omnium
1623 1387 1692 1424 sub

153 1455 319 1506 corporis
357 1459 392 1492 et
427 1453 621 1503 sauguinis
661 1452 813 1490 nomine
851 1453 1053 1489 salutarem
1081 1456 1116 1489 et
1143 1452 1346 1501 gratuitam
1379 1452 1694 1497 communionem,

154 1534 284 1572 nempe
328 1525 370 1557 ut
411 1519 485 1556 iam
533 1517 652 1556 sancti
687 1517 778 1554 iusti
815 1517 1049 1561 innocentes,
1088 1516 1247 1567 denique
1285 1521 1319 1553 et
1356 1516 1482 1554 dilecti
1518 1516 1589 1554 Dei
1625 1516 1694 1553 filii

153 1587 268 1624 simus
305 1585 346 1623 in
375 1584 525 1622 Christo
555 1597 619 1634 per
647 1587 813 1620 nostram
843 1582 940 1619 hanc
970 1595 1095 1619 secum
1126 1581 1445 1626 communionem,
1474 1581 1537 1632 qui
1563 1582 1602 1619 in
1623 1595 1691 1619 no-

153 1652 211 1689 bis
238 1651 379 1702 alioqui
406 1650 498 1701 ipsis
526 1648 628 1687 aliud
657 1648 753 1685 nihil
782 1661 894 1698 quam
922 1648 1066 1699 peccati
1094 1653 1128 1685 et
1156 1647 1288 1684 mortis
1310 1651 1483 1685 aeternae
1506 1647 1692 1699 mancipia

154 1729 295 1754 sumus.

202 1782 320 1818 Porro
358 1793 473 1831 quum
510 1793 591 1817 eam
626 1779 747 1830 ipsam
786 1778 925 1817 Christi
961 1778 1116 1816 Domini
1152 1778 1450 1816 recordationem
1478 1779 1518 1816 in
1547 1779 1691 1817 Coenae

152 1859 222 1883 usu
251 1845 412 1896 Spiritus
441 1851 605 1887 sanctus,
633 1849 675 1882 ut
703 1843 808 1881 testis
838 1848 872 1881 et
901 1843 1132 1892 glorificator
1161 1843 1262 1880 illius
1284 1850 1496 1893 perpetuus„
1522 1843 1561 1880 in
1579 1844 1690 1882 nobis

150 1916 336 1961 operetur,
363 1908 676 1961 quemadmodum
706 1922 818 1959 supra
847 1908 987 1945 dictum
1017 1912 1083 1950 est,
1111 1911 1223 1957 atque
1251 1907 1320 1944 bac
1346 1907 1414 1945 tali
1432 1909 1692 1946 recordatione

151 1975 267 2012 animi
302 1974 424 2012 nostri
455 1974 494 2011 in
533 1979 663 2011 nostra
700 1973 764 2009 illa
795 1986 877 2010 cum
909 1972 1058 2010 Christo
1089 1972 1252 2009 Domino
1283 1973 1547 2011 communione
1575 1973 1689 2011 obfir-

152 2044 299 2077 mentur
335 2044 369 2077 et
405 2038 667 2087 obsignentur,
693 2059 744 2066 ·—
770 2038 813 2074 fit
855 2050 943 2074 sane
980 2034 1092 2074 etiam
1121 2027 1252 2074 eodem'
1279 2037 1360 2088 ipso
1391 2038 1533 2088 Spiritu
1562 2042 1690 2076 sancto

152 2110 294 2149 autore,
323 2108 362 2142 ut
391 2104 479 2141 dum
506 2103 577 2140 hac
605 2102 670 2140 tali
700 2102 840 2140 Christi
868 2102 1024 2140 Domini
1052 2101 1312 2140 recordatione
1339 2102 1379 2140 in
1398 2103 1471 2140 fide
1490 2103 1689 2141 beneficio—

151 2181 234 2206 rum
261 2168 378 2220 ipsius
407 2167 666 2217 obsignamur,
694 2167 805 2204 simul
833 2166 944 2204 etiam
975 2167 1087 2204 corda
1116 2170 1244 2204 nostra
1266 2167 1476 2205 excitentur
1495 2168 1541 2205 ad
1562 2182 1689 2206 aman-

151 2233 240 2271 dum
264 2237 344 2271 ‘tam
372 2233 580 2271 beneficum
610 2236 779 2270 nostrum
809 2231 1050 2269 liberatorem
1078 2236 1113 2269 et
1143 2236 1371 2270 servatorem
1390 2233 1689 2284 praestandaque

153 2301 301 2335 nostrae
339 2311 425 2346 erga
461 2297 584 2348 ipsum
619 2296 862 2345 gratitudinis
900 2296 1018 2333 officia
1056 2296 1194 2342 omnia,
1230 2309 1323 2347 quae
1360 2297 1473 2334 modo
1501 2302 1689 2347 praestare

151 2373 217 2410 pro
263 2362 374 2408 (236)
417 2364 546 2397 nostra
592 2359 809 2397 infirmitate
845 2372 1057 2410 possumus,
1092 2359 1376 2410 gignunturque
1414 2361 1502 2397 novi
1538 2360 1688 2411 quidam

152 2428 275 2462 motus
301 2425 339 2462 in
368 2425 507 2462 nostris
537 2425 712 2462 cordibus
741 2429 872 2462 autore
902 2417 1042 2475 Spiritu
1072 2429 1202 2462 sancto
1231 2438 1294 2476 per
1320 2425 1434 2477 talem
1455 2425 1687 2473 obsignatio-

152 2502 249 2532 nem,
275 2493 317 2527 ut
346 2490 538 2528 Christum
572 2489 773 2527 Dominum
802 2496 837 2526 et
867 2503 931 2526 sua
960 2502 1125 2527 amemus
1153 2489 1292 2534 omnia,
1319 2493 1382 2526 aut
1409 2502 1532 2526 amare
1558 2490 1686 2527 saltem

152 2552 345 2603 cupiamus
383 2556 591 2604 (utcunque
618 2567 688 2592 nos
726 2553 849 2591 carnis
884 2560 1036 2590 nostrae
1074 2555 1282 2604 corruptela
1320 2553 1430 2590 nobis
1464 2553 1601 2590 adnata
1630 2567 1686 2591 re-

150 2621 316 2654 moretur
352 2631 396 2654 ae
422 2618 620 2668 impediat)
649 2624 684 2656 et
711 2618 758 2656 ad
789 2618 1052 2655 declarandam
1081 2623 1248 2656 nostram
1278 2631 1362 2667 erga
1392 2618 1496 2654 illum
1525 2618 1687 2665 gratitu-

150 2680 274 2717 dinem
312 2693 379 2731 pro
418 2686 548 2719 nostra
585 2682 684 2720 virili
722 2681 950 2720 adnitamur.
1006 2682 1084 2720 Qui
1120 2682 1271 2733 quidem
1312 2682 1401 2731 nqvi
1436 2687 1561 2719 motus
1588 2687 1687 2721 certa

150 2749 237 2783 sunt
264 2744 404 2782 indicia
443 2747 608 2797 certique
637 2748 780 2785 fructus
810 2751 956 2784 nostrae
984 2746 1087 2784 illius
1113 2747 1153 2784 in
1181 2747 1254 2784 fide
1282 2746 1549 2784 beneficiorum
1578 2748 1686 2785 Chri·

149 2809 196 2847 sti
232 2808 522 2858 obsignationis,
560 2815 611 2856 ut,
649 2812 680 2848 si
708 2811 793 2848 illos
820 2811 919 2848 intra
948 2824 1017 2848 nos
1044 2811 1117 2862 ipsi
1145 2811 1360 2854 sentiamus,
1388 2810 1432 2847 de
1461 2823 1545 2848 vera
1573 2811 1684 2849 etiam

192 2937 216 2979 ¹)
241 2937 257 2967 1
283 2937 356 2969 Cor.
381 2937 428 2970 10.
