1830 3147
323 115 394 151 536
848 122 938 149 OAT.
967 121 1076 151 noct..
1104 122 1202 152 EMD.

42 244 130 275 Ioan.
157 245 206 282 14,
230 244 280 276 16.
1005 225 1054 265 R·

39 286 204 359 {fay-ll}-
374 290 429 326 Ea
457 292 524 334 est,
551 302 662 339 quam
693 288 834 326 Christi
856 289 1008 327 nomine
1035 289 1073 327 in
1103 289 1235 341 spiritu
1264 296 1300 328 et
1329 290 1481 328 veritate
1502 303 1627 328 coram
1649 291 1725 329 Dco

42 353 175 402 Rouuiu.
200 352 228 402 3
324 355 432 391 Putre
461 353 611 390 caelesti
638 352 878 391 effundimus.

957 418 1007 455 Q.
1039 419 1099 458 79.

373 482 455 519 Iam
485 494 572 519 vero
601 481 691 532 quid
722 481 918 519 continere
946 494 1073 532 preces
1103 484 1254 519 nostrae
1284 481 1445 520 debent?

1006 544 1052 582 R.

39 611 154 643 Matth.
178 613 207 643 6.
374 609 458 658 (Id)
496 610 587 658 [Ea‚
613 613 701 657 post
730 609 835 646 aliud
859 609 975 654 aliud,
1002 609 1138 657 omnia]
1168 609 1300 647 ordine
1328 609 1438 647 nobis
1475 609 1514 647 in
1545 609 1728 646 Oratione

40 653 116 684 Luc.
144 654 190 685 H'
324 674 557 723 (Dominiea)
596 675 766 722 [aPater
801 672 972 721 noster’']
1011 673 1198 711 Dominus
1235 674 1341 711 Iesus
1380 674 1595 724 [Christus]
1625 686 1727 711 conv

323 739 455 789 plexus
484 741 552 775 est.
581 737 693 774 Illum
721 736 819 773 enim
849 739 1030 786 tanquam
1059 737 1261 786 perfectam
1292 738 1463 774 omnium
1491 737 1727 775 Christiana-

323 817 405 841 rum
441 815 590 853 preeum
629 801 830 838 formulam
867 800 1073 851 Discipulis
1111 801 1188 838 suis
1218 801 1382 851 reliquit,
1409 801 1501 839 adeo
1529 807 1570 839 ut
1598 814 1727 838 omncs

322 881 461 919 [Ji-ecee,
489 879 583 917 quae
612 878 694 903 eum
724 866 794 902 hae
822 878 954 902 norma
983 878 1059 903 non
1090 865 1336 912 conveniunt,
1362 866 1443 904 iure
1468 879 1536 916 pro
1564 865 1726 904 infideli·

322 933 393 970 bus
421 935 639 983 reputentur
667 929 973 980 reiieianturque.

955 993 1005 1033 Q.
1036 995 1096 1032 80.

373 1061 482 1099 Quae
508 1063 563 1097 est
592 1058 791 1097 verborum
818 1057 1015 1095 institutae
1044 1061 1079 1096 et
1109 1057 1261 1096 relictae
1289 1071 1309 1095 a
1329 1058 1481 1096 Christo
1499 1058 1725 1110 precationis

320 1125 468 1163 forma?

996 1185 1042 1223 R.

37 1263 154 1295 Matth.
178 1265 206 1295 6,
370 1252 480 1290 Pater
509 1254 634 1288 noster
662 1249 724 1300 qui
753 1263 791 1287 es
819 1249 859 1287 in
887 1250 1013 1289 coelis.

35 1306 113 1339 Luc.
138 1307 186 1339 ll.
1003 1315 1037 1354 I·

372 1379 636 1418 Sanctificetur
665 1391 803 1416 nomen
831 1382 949 1417 tuum.

1000 1444 1058 1483 ΙΙ.

373 1510 560 1548 Adveniat
588 1510 762 1559 Regnum
790 1512 911 1546 tuum.

982 1573 1060 1611 III.

371 1639 456 1678 Fiat
484 1639 659 1677 voluntas
687 1642 763 1682 tua,
791 1637 888 1675 sieut
914 1636 955 1674 in
984 1637 1088 1674 coelo
1116 1641 1152 1674 et
1180 1636 1218 1674 in
1247 1640 1360 1674 terra.

981 1700 1082 1739 1111.

372 1768 510 1805 Panem
539 1771 709 1805 nostrum
739 1765 1001 1817 quotidianum
1032 1765 1079 1801 da
1107 1764 1217 1802 nobis
1248 1763 1371 1802 hodie.

1001 1830 1048 1868 V.

376 1897 425 1935 Et
452 1896 600 1934 remitte
628 1895 738 1933 nohis
764 1894 890 1933 debita
918 1898 1061 1938 nostra,
1091 1893 1188 1931 sieut
1216 1897 1251 1930 et
1280 1905 1347 1930 nos
1377 1892 1600 1931 remittimus
1622 1892 1727 1930 debi-

324 1961 470 1999 toribus
499 1960 653 1998 nostris.

995 2021 1064 2059 VI.

378 2090 427 2128 Et
457 2101 503 2127 ne
529 2089 567 2126 in
597 2087 756 2125 inducas
784 2099 854 2124 nos
880 2085 919 2123 in
948 2085 1207 2123 tentationem.

981 2149 1073 2188 VII.

380 2218 451 2256 Sed
481 2217 598 2254 libera
628 2229 696 2253 nos
723 2229 743 2252 a
770 2214 884 2253 malo.

380 2283 482 2320 Quia
518 2285 624 2318 tuum
654 2283 710 2317 est
738 2279 909 2328 Regnum
940 2281 975 2315 et
1003 2276 1177 2315 Potentia
1206 2281 1242 2314 et
1271 2276 1401 2314 Gloria
1430 2276 1468 2314 in
1497 2276 1643 2314 saecula
1672 2289 1730 2313 se-

331 2347 511 2385 culorum.
541 2349 675 2383 Amen.

963 2406 1013 2444 Q.
1043 2408 1106 2444 81.

384 2473 487 2512 Quid
525 2471 718 2510 invocatio
747 2474 784 2508 te
813 2470 933 2516 docet,
961 2482 1043 2507 eum
1071 2468 1220 2519 inquis:
1249 2469 1358 2506 Pater
1386 2472 1511 2506 noster
1538 2467 1601 2517 qui
1627 2480 1666 2504 es
1692 2466 1731 2504 in

334 2538 475 2576 coelis?

1013 2597 1058 2636 R.

48 2694 132 2726 Effl-
158 2693 208 2724 ssss.
385 2664 503 2701 Deum
534 2663 830 2713 omnipotentem
858 2660 923 2711 qui
943 2660 981 2698 in
1002 2660 1117 2698 coelis
1136 2663 1204 2703 est
1204 2657 1533 2719 henin-numque
1523 2671 1561 2694 m
1583 2657 1733 2695 Christo

50 2738 127 2768 Luc.
154 2735 200 2766 ll.
334 2730 421 2766 Iesu
460 2741 497 2765 se
536 2726 625 2764 mihi
665 2727 810 2763 Patrem
847 2724 1012 2768 exhibet,
1049 2737 1130 2761 cum
1169 2723 1273 2760 filiali
1310 2722 1443 2759 fi‹1u‹·‹i1
1474 2722 1736 2765 invocandum.

51 2775 265 2852 Ῑέἶῇ1ῑ““63103
337 2800 446 2844 atque
474 2793 557 2829 ideo
585 2806 605 2829 a
634 2795 788 2842 paterno
817 2789 933 2840 ipsius
960 2789 999 2826 in
1028 2802 1086 2826 me
1114 2790 1242 2826 fz·1v01e
1269 2793 1305 2825 et
1325 2788 1461 2825 viltute
1481 2787 1737 2837 omnipotente

54 2864 143 2899 Ioan.
168 2861 217 2892 16.
335 2857 516 2909 quicquid
544 2869 609 2907 per
637 2860 672 2893 et
701 2859 852 2906 propter
879 2853 1005 2891 Iesum
1036 2852 1228 2891 Christum
1257 2864 1399 2903 precor,
1425 2855 1506 2889 tum
1535 2854 1737 2902 expectan-

337 2922 425 2965 dum
452 2920 546 2961 mihi
574 2932 665 2964 esse,
692 2922 774 2958 tum
802 2917 915 2958 etiam
944 2930 1003 2954 me
1030 2916 1267 2969 adepturum.
