1830 3147
840 77 909 114 653
1362 74 1423 123 [A.
1449 73 1494 112 D.
1521 71 1632 121 1551]

102 206 182 231 cum
215 194 290 241 egit
322 190 477 239 scriptis,
511 199 602 236 quae
628 187 720 224 forte
745 187 900 235 utraque
923 185 1128 234 prodibunt,
1153 186 1190 222 et
1215 183 1356 221 tandem
1381 183 1425 220 ad
1452 195 1505 220 me
1530 183 1637 231 scrip-

103 256 163 300 sit,
189 268 226 293 se
250 251 414 292 assentiri
438 250 620 288 doctrinae
645 261 752 293 meae,
778 260 885 296 quam
910 247 947 284 in
971 247 1084 284 Frisia
1100 245 1240 293 reliqui.
1266 244 1379 282 Mitto
1396 243 1463 281 tibi
1479 243 1638 280 libellum

103 329 210 365 quern
235 316 290 352 hic
315 313 408 352 edidi
431 312 475 349 de
500 311 740 354 sacramentis,
765 310 824 348 eui
849 311 905 346 est
927 308 1064 346 adnexa
1088 320 1164 344 mea
1189 309 1295 344 vetus
1321 304 1493 354 quaedam
1518 305 1638 341 eadem

102 379 145 416 de
170 391 208 416 re
232 375 405 426 Epistola,
430 386 537 422 quam
563 376 606 410 tu
631 373 727 410 nosti
752 374 794 421 ⁵).
830 371 942 409 Mitto
968 373 1004 408 et
1030 369 1186 407 Domino
1211 367 1341 406 Iacobo
1366 368 1397 416 6)
1423 369 1459 404 et
1485 366 1640 404 Domino

105 439 245 476 Danieli
272 441 314 487 ⁷).

153 499 417 538 cantuariensis
443 510 541 535 meus
566 496 727 534 nonnihil
750 496 898 544 languet
923 507 966 532 ex
991 492 1145 542 pruritu,
1171 503 1287 539 neque
1312 490 1368 528 hic
1394 491 1460 527 est.
1503 489 1640 526 Domus

93 563 216 611 ipsius
240 562 279 598 in
303 573 374 609 qua
398 572 493 597 nunc
527 564 581 596 est
614 561 748 607 septem
773 558 853 594 hinc
878 556 1032 593 millibus
1057 566 1224 603 passuum
1249 565 1320 589 una
1344 565 1424 589 cum
1451 554 1528 589 toto
1554 563 1644 599 pago

103 623 204 672 gravi
228 626 343 660 terrae
366 625 470 659 motu
494 633 666 658 concussa
691 622 746 657 est
771 619 837 656 hoc
862 619 918 656 die
942 618 1067 654 Lunae
1092 615 1298 665 praeterito,
1324 627 1447 662 nempe
1473 615 1516 650 25
1544 613 1645 658 Maii,

106 685 187 722 libri
220 697 339 722 omnes
374 696 393 721 e
428 682 540 720 thecis
572 683 610 719 in
645 685 774 719 terram
809 679 1027 723 decidebant,
1062 677 1237 715 fenestrae
1269 689 1390 713 omnes
1415 675 1558 720 fractae,
1583 674 1646 712 sed

108 748 233 784 domus
258 750 376 783 tamen
402 745 499 782 salva
524 744 728 792 permansit.
770 743 813 780 In
840 755 930 791 pago
954 745 1073 778 tamen
1097 739 1237 786 aliquae
1261 738 1387 775 domus
1421 740 1646 782 corruerunt,

106 806 251 843 duravit
284 805 356 842 fere
390 807 505 841 terrae
529 806 648 840 motus
673 802 809 839 duabus
835 801 931 838 horis
956 800 999 836 ab
1024 799 1110 836 hora
1134 798 1246 847 prima
1270 797 1508 845 pomeridiana
1532 809 1647 845 usque

106 867 150 905 ad
175 867 331 904 tertiam.
379 865 557 902 Redditus
584 867 637 900 est
661 863 716 900 illi
748 862 855 899 Eberi
880 860 1021 898 libellus
1047 862 1090 908 S)‚
1116 859 1177 896 sed
1202 859 1290 896 nihil
1315 858 1427 895 adhuc
1453 858 1647 906 respondit.

108 929 157 966 Et
181 941 247 977 ego
271 928 372 965 illum
396 938 492 963 nunc
522 925 711 962 convenire
736 937 805 961 non
832 936 987 972 possum,
1012 921 1138 959 videbo
1165 923 1293 964 tamen,
1319 920 1349 956 si
1384 920 1562 968 quomodo
1596 932 1647 957 re-

110 1003 280 1040 sponsum
306 989 349 1026 ab
374 988 437 1025 illo
463 987 590 1023 habere
613 986 755 1034 possim.
803 985 916 1022 Mitto
941 984 1008 1021 tibi
1034 982 1294 1020 Catechismum
1319 980 1544 1018 Flandricum
1568 993 1648 1018 nos-

106 1054 185 1088 trae
210 1051 265 1088 hic
289 1049 467 1087 Ecclesiae
491 1050 534 1097 ⁹).
582 1047 666 1084 Non
691 1046 832 1083 vacavit
857 1045 1066 1094 exemplaria
1097 1043 1225 1091 legere,
1258 1042 1388 1080 nedum
1429 1042 1651 1091 compingere

108 1111 279 1155 libellum,
314 1116 433 1147 tamen
465 1110 510 1146 D.
538 1107 680 1145 Danieli
704 1108 741 1144 in
766 1107 936 1156 scriptum
960 1105 1110 1149 correxi,
1136 1117 1178 1141 ex
1204 1105 1269 1143 hoc
1294 1104 1478 1151 corrigetis
1503 1103 1651 1151 reliqua.

110 1174 218 1212 Hunc
243 1173 394 1210 alterum
425 1170 632 1209 fasciculum
656 1181 743 1217 rogo
774 1168 922 1206 Emdam
946 1167 1170 1206 transmittas
1195 1167 1239 1204 ad
1265 1166 1310 1204 D.
1335 1166 1566 1213 Quaestorem
1595 1164 1653 1212 ¹⁰).

112 1235 212 1272 Vale.

159 1296 314 1334 Londini
353 1295 482 1332 ultima
517 1294 618 1331 Maii.
667 1293 750 1330 Mea
781 1291 948 1340 languida
981 1303 1046 1329 vos
1086 1290 1221 1328 salvere
1261 1288 1372 1328 iubet.
1421 1287 1575 1326 Videtur
1615 1287 1653 1324 in

112 1360 282 1398 hecticam
306 1357 536 1408 propendere.
583 1355 685 1394 Vale.
734 1355 841 1393 Anno
866 1355 972 1392 1551.

156 1473 183 1513 ¹)
205 1473 256 1505 Ex
278 1471 462 1504 coniectura
484 1469 563 1502 haec
585 1467 725 1501 restitui.
747 1467 785 1500 V.
809 1466 976 1499 decretum
997 1464 1080 1497 illud
1103 1463 1228 1506 regium
1250 1463 1284 1495 in
1312 1461 1372 1495 (me
1393 1461 1534 1493 Statutes
1549 1463 1585 1503 ο]
1599 1459 1652 1493 the

115 1530 236 1563 Realm.
258 1528 363 1560 Lond.
385 1526 479 1560 1817.
501 1525 566 1558 vol.
587 1525 652 1557 ΙΙΙ.
673 1535 707 1567 p.
729 1523 802 1556 388.
825 1523 875 1556 ch.
898 1522 928 1555 1.
951 1522 995 1554 a0.
1018 1520 1121 1553 Henr.
1144 1519 1227 1551 VIII
1250 1518 1307 1551 22⁰
1331 1517 1417 1551 dom.
1447 1516 1530 1548 1530
1553 1516 1653 1555 „that

113 1597 156 1618 no
183 1587 380 1627 mafiperson
410 1582 443 1614 in
473 1592 536 1623 any
567 1580 643 1612 wisc
674 1580 757 1612 after
786 1579 841 1611 the
871 1578 959 1610 firste
982 1576 1045 1618 day
1068 1576 1103 1608 of
1123 1575 1258 1608 Marche
1280 1576 1374 1606 nexte
1397 1566 1548 1615 co—ffiying
1571 1571 1653 1604 shall

112 1641 174 1684 bye
207 1651 245 1672 or
277 1640 438 1682 bargayne
471 1648 535 1680 any
566 1646 702 1669 manner
732 1635 768 1667 of
795 1633 889 1666 wolle
922 1632 1038 1664 within
1070 1631 1135 1663 this
1165 1631 1285 1663 realme
1315 1630 1367 1662 for
1396 1639 1459 1671 any
1486 1628 1655 1660 merchant

112 1699 271 1739 swanger,
301 1705 361 1727 nor
387 1694 462 1726 take
494 1702 736 1735 anytpermyse
766 1690 802 1722 of
822 1690 984 1731 bargayne
1011 1699 1049 1720 or
1070 1687 1136 1719 sale
1159 1687 1196 1719 of
1216 1697 1278 1729 any
1300 1685 1394 1719 wolle
1416 1686 1467 1717 for
1490 1695 1553 1727 any
1574 1694 1656 1716 mer-

112 1753 211 1786 chant
243 1751 421 1793 manger?
466 1749 516 1782 Cf.
540 1749 579 1780 de
608 1747 709 1790 panni
742 1746 837 1788 Angl.
866 1744 952 1787 apud
981 1743 1074 1776 Emd.
1107 1745 1252 1775 mercatu
1274 1743 1516 1779 BRENNEISEN,
1551 1741 1656 1783 Ostfr.

116 1809 204 1842 Hist.
226 1820 258 1841 u.
282 1806 490 1848 Landesveff.
513 1805 551 1837 T.
572 1805 599 1836 Ι.
623 1804 657 1836 Β.
684 1803 740 1836 v1.
764 1804 777 1842 §
801 1802 852 1834 12.
875 1813 907 1843 p.
931 1800 1003 1834 287.
1047 1800 1075 1841 Ξ)
1100 1799 1229 1831 Prodiit
1252 1799 1322 1832 Ian.
1346 1798 1439 1829 1552.
1473 1797 1501 1837 3)
1525 1796 1653 1828 Coniici

115 1868 235 1909 posset,
259 1876 299 1897 nn
321 1865 430 1896 forsan
452 1863 633 1894 scammata
656 1860 814 1902 scriptum
838 1857 972 1889 fuisset?
1011 1856 1227 1888 Scae-amatam
1249 1856 1327 1887 dare
1354 1854 1431 1897 quid
1455 1856 1539 1886 esset
1560 1853 1656 1885 lusio-

113 1933 164 1954 res
203 1920 460 1953 latrunculorum
500 1920 586 1950 amat
625 1927 690 1948 non
731 1915 826 1947 facile
866 1914 978 1956 fugiet.
1027 1912 1192 1944 Burlandz·
1233 1923 1350 1944 nomen
1383 1912 1505 1943 frustra
1538 1910 1655 1952 ubique

117 1977 272 2020 quaesivi.
315 1977 344 2017 ⁴)
366 1976 416 2008 De
437 1975 649 2007 Hovemanno
673 1973 714 2005 cf.
737 1982 788 2014 ep.
811 1970 862 2004 79.
900 1971 927 2011 ⁵)
951 1970 1002 2002 Sc.
1025 1970 1246 2001 BULLINGERI
1268 1969 1307 2000 de
1327 1979 1462 2000 sacram.
1485 1969 1580 2000 tract.
1604 1966 1656 1998 cui

117 2044 168 2076 ep.
192 2033 285 2064 Lasci
308 2042 431 2064 annexa
454 2033 533 2069 erat,
556 2040 651 2072 quam
673 2028 814 2071 reperies
837 2026 886 2059 ed.
909 2027 1009 2058 nostr.
1032 2025 1060 2057 I.
1082 2036 1114 2068 p.
1137 2025 1199 2056 465
1223 2035 1270 2066 sq.
1293 2024 1321 2064 ⁶)
1345 2024 1395 2056 Sc.
1411 2023 1438 2057 I.
1453 2023 1657 2066 Praeposito.

118 2090 146 2129 ⁷)
170 2088 286 2121 Daniel
315 2088 476 2120 Burenius
509 2086 643 2129 posthac
678 2085 761 2127 apud
792 2084 983 2116 Bremenses
1014 2081 1147 2114 Consul.
1192 2081 1242 2113 Cf.
1266 2081 1375 2113 GERD.
1398 2091 1423 2113 s.
1446 2091 1474 2113 a.
1497 2080 1561 2112 Ilb.
1586 2079 1658 2112 676.

119 2146 148 2186 ⁸)
173 2145 209 2178 P.
238 2145 351 2177 EBERI
381 2143 574 2184 (1511—69)
607 2140 830 2173 calendarium
862 2137 1004 2171 historic.
1035 2137 1141 2171 Viteb.
1165 2137 1258 2169 1550.
1282 2137 1332 2171 Cf.
1357 2137 1495 2176 GRaSSE,
1518 2135 1658 2178 Allqem.

124 2202 201 2235 Litt.
224 2202 262 2235 V.
286 2200 378 2234 1084.
421 2200 450 2241 ⁹)
477 2198 601 2232 catech.
625 2197 727 2231 Lond.
749 2196 860 2229 maior.
906 2195 948 2235 ¹⁰)
972 2195 1083 2227 Herm.
1107 2193 1269 2227 Lentlcz'us.

120 2421 186 2461 ΝΟ,
212 2420 269 2462 78.
695 2417 810 2464 [Aulogr.
829 2418 852 2451 in
871 2419 924 2454 Scr.
941 2417 1021 2459 Tigur.
1046 2417 1135 2452 Gerd.
1152 2418 1208 2453 ll'a.
1227 2427 1251 2459 p.
1268 2417 1321 2452 171.
1340 2417 1474 2452 (lotham.
1495 2425 1516 2448 v.
1535 2426 1560 2452 a.
1579 2414 1655 2461 264]

697 2541 755 2577 Ad
782 2541 1073 2576 BULmNeERUM.

173 2665 208 2704 S.
235 2664 365 2714 Scripsi
390 2676 462 2701 non
487 2663 540 2700 ita
565 2661 697 2710 pridem
723 2661 767 2698 ad
783 2663 820 2698 te
836 2673 898 2709 per
915 2659 1107 2697 Doctorem
1124 2658 1329 2695 Brunonem
1346 2659 1387 2705 ¹),
1405 2657 1468 2705 qui
1486 2669 1523 2694 se
1538 2657 1661 2694 literas

125 2728 325 2776 Argentina
365 2727 409 2765 ad
442 2730 479 2764 te
511 2724 802 2763 transmissurum
844 2734 918 2759 esse
955 2720 1198 2770 pollicebatur.
1249 2719 1386 2756 Deinde
1427 2722 1463 2756 et
1503 2718 1662 2755 libellum

125 2791 168 2828 ad
192 2794 230 2828 te
255 2794 359 2828 tuum
385 2789 427 2827 de
452 2786 697 2830 sacramentis,
722 2797 828 2833 quem
853 2785 936 2820 ante
961 2783 1154 2819 triennium
1179 2781 1223 2818 ad
1247 2794 1303 2818 me
1327 2781 1481 2825 miseras,
1507 2782 1543 2817 et
1569 2792 1665 2816 nunc

124 2852 264 2889 demum
289 2852 436 2901 quintae
462 2849 582 2888 decadi
607 2852 690 2886 tuae
715 2846 897 2884 inseruisti
922 2857 983 2893 per
1008 2856 1133 2881 manus
1161 2843 1303 2880 Domini
1337 2855 1357 2879 a
1387 2841 1513 2887 Breda,
1546 2841 1664 2878 fratris

126 2913 269 2952 Domini
293 2913 422 2952 Falesii
439 2913 482 2960 2),
506 2911 550 2949 ad
576 2913 612 2948 te
637 2909 729 2955 misi,
753 2909 810 2947 hic
835 2921 891 2947 me
915 2911 1051 2952 autore,
1075 2906 1137 2944 sed
1153 2906 1255 2945 valde
1272 2907 1467 2945 incorrecte
1484 2916 1664 2944 excusum·
