1830 3147
1574 78 1622 113 65

79 196 193 235 ceret.
247 195 393 246 Nempe
429 193 473 231 ut
511 204 632 243 neque
667 191 789 243 plebis
824 190 943 242 ipsius
978 191 1017 229 in
1055 189 1224 228 Ecclesia
1251 188 1431 228 autoritas
1458 188 1626 238 neglige-

75 264 178 299 retur
212 259 369 297 omnino
404 260 440 296 et
479 256 607 295 omni-a
643 255 795 294 interim
823 255 956 294 ordine
983 267 1026 292 ac
1054 254 1228 293 decenter
1262 255 1407 299 fierent,
1445 251 1624 304 quemad-

77 325 231 365 modum
258 324 397 362 Paulus
424 322 534 361 docet
564 323 609 369 ¹).

131 392 263 442 Neque
299 395 424 427 tamen
451 388 536 426 ideo
570 386 759 425 diversum
796 385 959 436 eligendi
995 387 1080 434 (18)
1119 384 1316 423 Ministros
1352 384 1391 422 in
1427 383 1513 422 aliis
1549 381 1626 419 Ec-

78 455 202 494 clesiis
235 467 376 492 morem
408 465 452 491 ac
481 452 594 490 ritum
626 452 702 489 ullo
730 450 842 489 modo
870 450 1108 496 damnamus,
1136 449 1249 487 modo
1276 453 1316 487 ut
1351 449 1506 487 tollatur
1533 447 1628 485 abur

78 535 142 559 sus
169 520 304 565 omnis,
330 518 456 570 quoad
484 518 564 556 eius
593 517 673 555 fieri
700 521 839 568 posset,
864 528 1070 567 omnesque
1102 515 1300 553 turbarum
1320 527 1364 552 ac
1382 513 1626 552 dissidiorum

79 586 296 624 occasiones
324 587 576 636 amputentur,
603 583 667 621 sed
696 595 765 620 nos
794 587 943 620 nostrae
971 581 1082 619 nobis
1101 580 1291 618 Ecclesiae
1325 579 1627 617 commoditatem

80 649 320 702 spectandam
347 648 519 700 inprimis
548 660 628 686 esse
654 647 881 698 putavimus.
921 646 1076 697 Alioqui
1104 658 1184 683 eam
1212 645 1353 695 ubique
1380 645 1419 682 in
1448 643 1628 681 Ecclesiis

78 716 290 754 libertatem
337 718 465 752 extare
510 717 739 765 optaremus,
774 715 828 757 ut,
855 712 1056 750 observato
1090 710 1276 748 duntaxat
1309 709 1481 747 unanimi
1517 721 1629 746 sanae

82 780 276 819 doctrinae
312 792 512 824 consensu,
547 778 642 816 ritus
672 790 761 815 sane
787 789 831 815 ac
861 776 1093 815 ceremoniae
1121 776 1249 827 aliquo
1283 774 1397 812 modo
1432 774 1632 817 variarent,

82 859 202 897 neque
238 845 285 884 ad
321 858 438 883 unum
478 849 514 882 et
551 843 711 882 eundem
747 842 887 893 ubique
923 841 1076 880 modum
1113 841 1414 885 observarentur,
1442 839 1504 877 sed
1535 852 1628 876 uua-

81 923 248 962 quaeque
285 909 455 948 Ecclesia
489 908 665 957 (sublatis
699 907 850 945 interim
889 906 1129 958 praeiudiciis
1174 905 1404 957 privatisque
1432 903 1626 941 affectibus

81 975 276 1023 omnibus)
311 974 483 1025 publicae
520 973 590 1010 hac
629 973 669 1010 in
705 976 809 1023 parte
847 969 1105 1009 commoditati
1141 983 1184 1008 ac
1229 969 1495 1021 tranquillitati
1541 980 1628 1005 suae

84 1040 258 1078 studeret.
290 1039 353 1076 Sic
381 1038 482 1076 enim
510 1037 746 1075 Christianae
774 1035 958 1074 libertatis
986 1049 1071 1073 vera
1100 1034 1343 1085 legitimaque
1362 1033 1458 1071 ratio
1477 1031 1630 1070 retineri

81 1105 121 1143 in
149 1104 330 1143 Ecclesiis
360 1103 631 1154 manifesteque
667 1092 763 1140 adeo
791 1100 958 1152 conspici
987 1102 1098 1138 etiam
1127 1102 1264 1152 posset.
1301 1098 1486 1137 Permissa
1514 1097 1632 1146 igitur

82 1170 260 1208 omnibus
287 1169 469 1207 Ecclesiis
497 1182 563 1207 sua
590 1169 777 1215 libertate,
804 1181 873 1206 nos
900 1168 1001 1206 infra
1030 1167 1211 1218 scriptum
1239 1165 1350 1204 nobis
1369 1164 1534 1214 eligendi
1553 1163 1630 1202 Mi-

82 1235 223 1274 nistros
250 1235 411 1276 modum>
432 1234 665 1286 sequendum
692 1247 773 1272 esse
798 1232 1063 1279 iudicavimus,
1088 1232 1189 1284 quod
1209 1231 1321 1270 nobis
1338 1231 1507 1269 omnium
1528 1242 1631 1267 com-

84 1300 324 1339 modissimus
352 1305 502 1339 nostrae
529 1298 724 1338 Ecclesiae
752 1312 832 1337 esse
859 1298 1062 1346 videretur,
1089 1303 1123 1336 et
1140 1297 1240 1349 quod
1259 1297 1366 1335 illum
1383 1296 1496 1335 etiam
1514 1295 1632 1345 Regia

84 1365 195 1404 nobis
223 1364 425 1403 autoritate
453 1364 674 1416 permissum
705 1364 745 1402 in
774 1363 989 1415 Diplomate
1016 1367 1150 1401 nostro
1177 1362 1412 1400 haberemus.

136 1429 184 1466 In
219 1429 303 1480 ipso
340 1441 429 1478 ergo
475 1428 619 1480 publici
658 1427 790 1466 ieiunii
825 1427 885 1465 die
920 1428 1006 1475 (19)
1041 1439 1086 1464 ac
1119 1439 1272 1478 precum
1309 1425 1560 1477 publicarum,
1592 1429 1634 1461 ut

85 1493 160 1531 iam
197 1497 254 1531 est
289 1493 444 1538 dictum,
480 1496 566 1544 post
593 1492 786 1531 absolutas
813 1505 940 1543 preces
966 1491 1140 1542 publicas
1180 1495 1355 1528 monetur
1381 1489 1564 1534 Ecclesia,
1592 1492 1636 1525 ut

84 1562 261 1608 sequente
289 1556 524 1595 hebdomade
551 1557 711 1609 quisque
737 1570 785 1595 ex
812 1556 994 1601 Ecclesia,
1021 1555 1197 1594 invocato
1227 1555 1297 1593 Dei
1333 1554 1496 1601 nomine,
1534 1553 1631 1592 serio

87 1634 212 1660 secum
243 1620 432 1673 dispiciat,
461 1635 643 1673 quosnam
671 1621 719 1659 ad
745 1620 840 1659 illud
867 1620 1135 1666 ministerium,
1161 1620 1202 1658 in
1230 1633 1305 1672 quo
1332 1633 1429 1658 unus
1458 1624 1522 1657 aut
1548 1619 1634 1670 plu-

85 1679 152 1725 res·
182 1687 279 1725 sorte
306 1686 580 1731 desiderantur,
608 1687 769 1724 maxime
797 1686 909 1724 utiles
938 1691 1049 1737 atque
1076 1686 1232 1724 idoneos
1260 1699 1340 1724 esse
1366 1689 1483 1737 putet,
1511 1684 1634 1722 nomi-

86 1765 207 1803 naque
240 1765 369 1790 eorum
408 1752 445 1790 in
485 1752 626 1803 scripto
654 1752 843 1790 Ministris
872 1765 914 1790 ac
944 1752 1165 1790 Senioribus
1195 1751 1386 1789 Ecclesiae
1421 1764 1486 1802 per
1513 1754 1633 1789 totam

84 1817 189 1855 illam
218 1816 485 1854 hebdomadem
515 1817 706 1868 (sepositis
733 1816 875 1868 alioqui
911 1817 1067 1868 privatis
1096 1816 1290 1855 affectibus
1325 1816 1520 1864 omnibus)
1557 1821 1634 1853 tra-

89 1881 166 1921 dat.
222 1882 320 1920 Tota
347 1882 464 1932 igitur
494 1882 727 1920 hebdomade
754 1882 818 1919 illa
858 1882 1049 1920 Ecclesiae
1077 1882 1193 1920 totius
1222 1881 1397 1931 suffragia
1423 1895 1488 1933 per
1517 1880 1636 1919 Mini-

89 1950 187 1985 stros
224 1959 267 1983 ac
295 1947 469 1985 Scniores
496 1947 673 1998 privatim
702 1947 944 1997 colliguntur.
973 1947 1101 1985 Altera
1131 1959 1216 1985 vero
1247 1946 1480 1984 hebdomade
1503 1949 1633 1997 postea

94 2011 276 2058 Ministri,
314 2012 487 2050 Seniores
523 2026 566 2051 ac
603 2012 764 2051 Diaconi
802 2012 881 2050 eius
909 2013 1101 2051 Ecclesiae
1128 2026 1271 2055 omnes.
1298 2013 1336 2051 in
1365 2026 1438 2064 qua
1468 2011 1637 2050 Ministri

90 2075 254 2125 eligendi
297 2081 386 2115 sunt
431 2077 637 2116 constituto
673 2077 719 2115 ad
757 2077 796 2115 id
835 2081 936 2115 certo
972 2077 1100 2128 aliquo
1145 2077 1206 2115 die
1250 2077 1361 2115 simul
1407 2075 1638 2114 conveniunt

91 2141 340 2192 suflragiaque
376 2142 492 2179 totius
530 2141 720 2180 Ecclesiae
756 2143 912 2180 collecta
950 2156 1023 2180 una
1058 2143 1156 2180 inter
1193 2156 1272 2180 sese
1308 2142 1551 2193 perspiciunt,
1587 2146 1634 2185 et,

93 2206 303 2244 observatis
339 2220 466 2244 corum
504 2206 735 2252 nominibus,
763 2207 841 2258 qui,
876 2208 1048 2259 plurimis
1085 2208 1275 2246 Ecclesiae
1311 2206 1497 2256 suffragiis
1534 2219 1636 2244 corn-

92 2271 272 2317 mendati,
308 2272 468 2309 maxime
504 2271 646 2322 alioqui
673 2272 812 2320 ,idonei
839 2285 926 2323 prae
953 2272 1037 2309 aliis
1064 2285 1144 2310 esse
1171 2272 1360 2316 videntur,
1385 2275 1471 2323 post
1498 2272 1636 2309 factam

94 2336 219 2374 denuo
263 2336 397 2375 seriam
441 2337 605 2374 nominis
643 2336 774 2374 Divini
809 2337 1100 2383 invocationem,
1137 2338 1288 2387 singuli,
1324 2337 1389 2375 alii
1424 2342 1509 2389 post
1544 2337 1639 2375 alios

94 2401 227 2440 ordine
255 2415 336 2448 suo,
364 2402 541 2451 suth-agia
569 2415 636 2440 sua
659 2402 705 2440 de
733 2402 928 2452 eligendis,
955 2403 1019 2454 qui
1049 2403 1320 2448 desiderantur,
1357 2402 1544 2441 Ministris
1582 2403 1637 2440 fe-

95 2470 197 2513 runt,
223 2466 380 2504 redditis
407 2466 798 2505 interim·rationibus
834 2480 854 2505 e
889 2467 1004 2505 verbo
1038 2467 1108 2506 Dei
1144 2468 1283 2519 petitis,
1319 2481 1385 2506 cur
1420 2468 1514 2506 alios
1550 2470 1637 2517 (520)

92 2543 180 2582 prae
208 2531 293 2569 aliis
322 2531 441 2581 magis
468 2530 625 2569 idoneos
653 2545 732 2569 esse
759 2531 939 2577 iudicent,
968 2546 1014 2570 ne
1042 2532 1132 2583 quid
1160 2533 1317 2584 privatis
1336 2532 1530 2571 affectibus
1547 2533 1635 2570 ullis

92 2595 173 2632 illic
207 2595 362 2633 omnino
401 2600 565 2645 geratur.
620 2596 711 2634 Non
737 2595 841 2647 prius
869 2601 993 2634 autem
1022 2601 1149 2634 coetus
1175 2597 1239 2635 illc
1268 2597 1543 2643 Ministrorum,
1571 2599 1638 2635 Se·

97 2659 247 2698 niorum
283 2673 326 2698 ac
362 2660 617 2699 Diaconorum
644 2662 813 2699 omnium
842 2661 1058 2707 dimittitur,
1085 2676 1197 2713 quam
1224 2663 1409 2708 unanimi,
1435 2668 1500 2701 aut
1528 2663 1639 2701 simul

95 2724 277 2771 omnium,
304 2729 368 2764 aut
396 2725 548 2764 maioris
577 2726 709 2764 saltem
735 2726 852 2778 partis
882 2740 1049 2774 assensu,
1076 2726 1143 2778 qui
1170 2727 1430 2766 desiderantur
1458 2727 1641 2773 Ministri,

142 2855 167 2893 ¹)
193 2854 208 2885 l
234 2853 308 2887 Cor.
333 2855 380 2888 14.

147 2907 207 2950 ΙΙ.
1466 2916 1486 2953 5
