1830 3147
207 155 269 202 [A.
295 154 341 191 D.
368 154 480 201 1551]
941 157 1009 191 646

251 264 276 302 ¹)
299 263 344 294 ad
364 263 543 301 triennium,
568 273 604 295 ex
628 264 730 296 alteru
755 276 866 307 apogr.
890 265 1084 298 addidimus.
1107 268 1135 307 2)
1159 268 1205 300 M.
1229 270 1260 301 S.
1285 270 1323 307 si,
1341 272 1508 311 apogract.
1530 271 1695 314 Rescripsi
1712 271 1748 304 id

207 328 247 349 ex
271 318 465 350 coniectura.
509 319 535 358 ³)
559 319 606 351 M.
628 320 659 351 S.
682 320 779 362 baph,
809 331 838 352 v.
861 332 958 363 supra
980 321 1040 363 Ep.
1064 322 1114 360 63,
1139 322 1189 356 67.
1233 324 1261 364 ⁴)
1285 326 1489 364 SCHLOSSEB„
1513 337 1543 359 v.
1565 327 1649 369 belg.
1673 328 1747 360 XII.

208 374 278 406 184.
322 375 350 414 ⁵)
374 375 521 406 Habetur
542 375 601 406 illa
620 376 704 408 conf.
728 376 821 407 Lasci
847 376 910 418 Op.
934 376 982 409 11.
1006 377 1080 410 292.

212 584 278 621 N0.
305 584 361 623 72.
777 586 893 632 [Antogr.
907 588 929 620 in
943 589 994 623 Ser.
1006 589 1087 629 Tigur.
1100 590 1116 621 G
1126 600 1138 621 e
1147 598 1159 620 1·
1167 588 1192 624 d.
1203 589 1247 624 11³.
1260 598 1284 630 p.
1297 589 1351 625 467.
1365 589 1431 625 vers.
1442 590 1511 631 ingl.
1525 591 1541 621 G
1549 590 1618 623 111111
1627 600 1657 625 m.
1669 589 1742 635 2²5]

793 708 848 744 Ad
877 708 1171 745 Romanensem.

253 829 287 864 S.
322 829 396 865 Iam
430 831 485 864 ter
516 829 561 865 ad
593 830 630 865 te
664 828 816 866 scribere
850 828 960 874 volui,
999 841 1042 865 ex
1075 842 1147 877 quo
1173 829 1239 867 huc
1266 832 1357 876 veni,
1383 833 1438 869 vir
1463 833 1682 870 sanctissime
1707 836 1744 871 et

207 891 316 927 frater
351 891 387 927 in
421 891 574 927 Domino
607 890 937 927 observandissime!
975 891 1035 928 sed
1066 904 1248 940 nunquam
1279 893 1400 931 literas
1435 895 1615 932 absolvere
1646 896 1744 944 prius

205 953 320 1000 potui,
355 965 461 1000 quam
496 952 550 988 illi
581 953 650 989 iam
682 953 832 997 abirent,
867 953 929 1000 qui
955 966 1012 990 eas
1036 954 1190 1001 perferre
1214 954 1398 1000 debebant,
1423 969 1517 993 nunc
1542 968 1625 992 vero
1651 969 1743 993 com-

204 1015 346 1050 mittere
371 1014 523 1061 amplius
548 1014 660 1057 nolui,
693 1016 737 1050 ut
762 1014 826 1061 qui
851 1027 946 1051 nunc
972 1027 1009 1051 se
1034 1015 1119 1050 mihi
1144 1015 1278 1052 obtulit
1303 1017 1464 1061 nuntius,
1491 1017 1565 1054 sine
1589 1017 1675 1053 meis
1700 1018 1744 1054 ad.

204 1077 241 1110 te
277 1075 391 1111 literis
417 1075 498 1111 hinc
524 1075 648 1111 abiret.
697 1075 764 1111 Est
796 1076 889 1111 enim
914 1075 968 1111 vir
993 1076 1073 1123 pius
1098 1079 1134 1112 et
1160 1077 1270 1114 vestri
1296 1078 1588 1122 studiosissimus,
1621 1078 1744 1126 quales

204 1137 260 1174 hic
293 1150 366 1174 non
397 1149 528 1185 paucos
561 1137 709 1173 habetis.
759 1136 880 1173 Multa
906 1139 1025 1173 autem
1051 1137 1135 1173 mihi
1161 1138 1204 1174 ad
1229 1152 1293 1176 vos
1319 1139 1499 1176 scribenda
1524 1143 1657 1177 essent:
1684 1140 1744 1177 sed

205 1211 319 1246 neque
345 1201 398 1235 est
423 1200 557 1242 tutum,
584 1211 699 1246 neque
724 1200 865 1246 tempus
890 1199 1026 1246 patitur
1052 1199 1202 1236 scribere
1227 1201 1354 1236 omnia.
1403 1201 1510 1237 Istud
1534 1204 1653 1238 autem
1678 1201 1741 1237 im·

206 1259 328 1308 primis
353 1273 374 1295 a
399 1259 499 1296 vobis
524 1259 606 1296 istic
632 1259 794 1296 omnibus
820 1261 915 1307 peto,
941 1262 995 1303 ut,
1021 1272 1111 1307 quae
1136 1260 1178 1296 ad
1204 1263 1241 1297 te
1259 1254 1386 1305 scribo,
1412 1274 1452 1297 ea
1467 1261 1511 1297 ad
1528 1274 1592 1298 vos
1609 1262 1742 1309 pariter

207 1334 327 1358 omnes
365 1321 494 1369 scripta
527 1334 602 1357 esse
637 1321 784 1368 putetis,
818 1321 881 1367 qui
907 1320 1011 1357 simul
1036 1321 1073 1357 in
1098 1321 1217 1357 eodem
1243 1322 1440 1359 ministerio
1465 1322 1619 1370 collegae
1644 1324 1742 1368 estis,

205 1396 285 1418 nam
323 1395 443 1418 revera
475 1394 548 1418 non
580 1381 683 1429 potui
717 1381 761 1417 ad
787 1381 945 1428 singulos
971 1382 1135 1418 scribere.
1185 1383 1344 1419 Primum
1375 1383 1486 1430 igitur
1517 1397 1584 1430 ago
1609 1385 1742 1431 gratias

207 1444 360 1481 Domino
387 1444 464 1480 Deo
490 1445 624 1486 nostro,
651 1442 746 1490 quod
773 1443 936 1489 Regnum
962 1443 1044 1478 Filii
1070 1442 1125 1479 sui
1144 1441 1211 1492 ¹per
1228 1447 1387 1480 vestrum
1406 1445 1641 1481 ministerium
1659 1446 1743 1482 istic

204 1506 376 1553 provehat
401 1512 511 1552 atque
535 1504 706 1548 illustret,
731 1504 964 1552 gratulorque
989 1517 1032 1540 ex
1057 1505 1172 1541 animo
1198 1506 1326 1542 vestris
1355 1506 1522 1543 Ecclesiis
1539 1507 1580 1543 de
1597 1506 1743 1543 inducta

204 1567 435 1604 consensione
466 1566 529 1601 illa
562 1565 742 1602 doctrinae
775 1565 868 1601 inter
895 1578 957 1601 vos
985 1569 1021 1601 et
1047 1566 1091 1602 D.
1119 1566 1305 1602 Calvinum
1329 1566 1367 1603 in
1392 1580 1430 1603 re
1455 1568 1743 1611 Sacramentaria,

206 1633 243 1664 et
276 1641 378 1676 spero
412 1627 530 1676 plures
566 1627 603 1663 in
628 1626 701 1663 dies
733 1626 788 1662 illi
814 1626 1076 1674 subscripturos
1102 1627 1206 1663 etiam
1232 1640 1306 1663 esse
1327 1629 1366 1674 ¹).
1416 1628 1492 1664 Nos
1519 1628 1572 1664 hic
1597 1628 1740 1664 eandem

202 1690 397 1726 doctrinam
432 1689 624 1736 sequimur,
661 1688 799 1725 etiamsi
835 1688 913 1724 aliis
939 1688 1152 1735 quandoque
1176 1688 1291 1725 verbis
1316 1689 1410 1725 illam
1436 1690 1680 1737 exprimamus,
1706 1696 1743 1726 et

206 1753 316 1795 brevi,
343 1753 372 1788 si
399 1751 574 1788 Dominus
600 1750 706 1794 volet,
725 1756 882 1786 nostram
901 1763 1020 1786 omnes
1039 1750 1292 1786 confessionem
1311 1750 1524 1787 unanimiter
1542 1751 1682 1787 edemus
1697 1753 1741 1799 ²).

204 1815 300 1861 Quin
334 1818 371 1851 et
401 1814 444 1850 de
478 1813 659 1850 Saxoniois
691 1812 901 1860 quibusdam
933 1812 1100 1849 Ecclesiis
1133 1813 1265 1860 optima
1299 1825 1459 1860 quaeque
1492 1813 1592 1849 nobis
1616 1813 1678 1849 hac
1703 1813 1741 1849 in

203 1878 302 1924 parte
335 1888 397 1924 per
423 1875 489 1911 Dei
515 1874 665 1921 gratiam
690 1874 907 1921 pollicemur.
957 1874 1033 1910 Nos
1059 1874 1114 1910 hic
1140 1874 1207 1910 Dei
1233 1877 1268 1910 et
1301 1874 1411 1921 Regis
1436 1873 1551 1910 nostri
1575 1873 1741 1911 beneficio

204 1937 428 1974 instituimus
460 1935 701 1972 Germanicam
737 1937 773 1971 et
807 1935 978 1971 Gallicam
1009 1935 1202 1972 Ecclesiam
1241 1935 1491 1983 publicumque
1517 1935 1614 1972 verbi
1638 1936 1740 1972 mini·

205 1999 353 2035 sterium
378 1997 516 2034 duobus
541 1997 628 2033 locis
655 1997 861 2033 Germanica
886 1998 922 2032 et
948 1995 1082 2032 Gallica
1106 1996 1227 2043 lingua
1253 1996 1427 2032 habemus.
1459 1996 1565 2032 Nunc
1582 1995 1624 2032 de
1642 2009 1742 2044 puro,

205 2059 321 2107 quoad
348 2059 423 2095 eius
448 2058 524 2095 fieri
549 2061 685 2106 potest,
711 2058 1014 2094 Sacramentorum
1040 2061 1076 2094 et
1102 2057 1305 2105 disciplinae
1329 2070 1399 2093 usu
1423 2059 1610 2100 tractatur,
1637 2069 1740 2104 quem

207 2134 272 2157 nos
307 2120 406 2156 brevi
439 2119 621 2155 habituros
653 2130 714 2166 per
740 2118 808 2154 Dei
833 2118 981 2165 gratiam
1007 2129 1081 2153 esse
1106 2129 1294 2166 speramus.
1343 2117 1536 2154 Ecclesiam
1560 2129 1665 2164 porro
1690 2117 1742 2153 ita

202 2182 414 2229 colligimus,
439 2184 482 2217 ut
508 2180 571 2227 qui
595 2180 633 2216 111
657 2179 720 2216 illa
744 2179 878 2215 censeri
903 2179 1003 2223 velit,
1030 2179 1144 2215 editae
1168 2192 1230 2227 per
1246 2192 1311 2216 nos
1328 2178 1539 2215 confessioni
1554 2180 1583 2226 ³)
1600 2181 1741 2215 nostrae

206 2244 414 2287 subscribat,
438 2246 482 2279 ut
508 2243 624 2279 totius
648 2241 828 2278 Ecclesiae
852 2246 994 2277 nostrae
1018 2241 1160 2277 nomina
1184 2242 1222 2276 in
1246 2241 1407 2288 catalogo
1429 2241 1628 2277 habeamus.
1653 2241 1742 2277 Eius

205 2319 310 2355 porro
336 2296 568 2348 confessionis
594 2305 737 2340 nostrae
762 2303 902 2350 aliquot
927 2302 1136 2350 exemplaria
1160 2302 1204 2338 ad
1231 2304 1266 2338 te
1292 2302 1509 2345 transmitto,
1534 2305 1577 2337 ut
1602 2303 1743 2338 nostrae

204 2367 385 2405 doctrinae
410 2367 565 2402 rationes
598 2365 758 2411 cognitas
784 2364 952 2401 habeatis.
1006 2363 1137 2400 Vellem
1170 2365 1289 2400 autem
1322 2366 1358 2399 et
1385 2364 1431 2399 D.
1457 2363 1604 2399 Calvino
1629 2375 1740 2398 unum

203 2442 225 2465 a
249 2428 348 2464 vobis
381 2427 588 2470 transmitti,
621 2425 681 2462 cui
706 2428 827 2462 nostra
852 2425 969 2461 omnia
992 2425 1126 2472 alioqui
1151 2425 1288 2472 probari
1313 2425 1485 2472 cupimus,
1511 2427 1620 2471 atque
1644 2423 1739 2458 illius

204 2489 248 2525 ad
274 2489 466 2525 Dominum
492 2487 653 2535 precibus
678 2487 914 2523 ministerium
940 2486 995 2522 hic
1020 2489 1182 2522 nostrum
1207 2485 1453 2522 commendari.
1491 2484 1566 2520 lam
1592 2496 1676 2519 vero
1702 2485 1739 2518 et

207 2549 292 2586 Itali
317 2562 415 2585 suam
441 2547 620 2584 habebunt
645 2547 849 2591 Ecclesiam,
875 2546 1005 2594 quibus
1031 2549 1068 2583 et
1093 2546 1264 2594 templum
1290 2547 1356 2582 iam
1382 2548 1419 2582 et
1444 2545 1610 2581 Minister
1634 2555 1737 2591 pecu-

203 2610 300 2647 liaris
342 2610 525 2647 ordinatus
559 2612 624 2653 est,
669 2610 724 2644 vir
757 2612 793 2645 et
825 2608 904 2656 pius
936 2611 972 2644 et
1004 2607 1141 2652 doctus,
1176 2614 1212 2644 et
1244 2607 1414 2654 singulari
1447 2605 1582 2642 dicendi
1624 2605 1738 2651 gratia

206 2672 398 2720 praeditus,
431 2684 566 2720 proque
600 2670 731 2706 Christi
763 2670 876 2716 gloria
899 2669 1049 2717 plurima
1074 2682 1197 2717 passus
1215 2671 1257 2716 ⁴²).
1307 2669 1558 2704 Germanorum
1584 2667 1738 2702 ministri

207 2737 293 2769 sunt
328 2733 541 2768 Gua-ltherus
577 2731 766 2774 Deloeuus,
800 2730 908 2777 Regis
935 2729 1111 2765 demortui
1137 2730 1220 2766 olim
1248 2729 1481 2775 biblioseopus
1499 2729 1540 2773 ⁵),
1581 2729 1616 2762 et
1643 2727 1737 2762 Mar-

206 2795 307 2830 tinus
340 2793 512 2829 Flandrus
533 2794 576 2840 6),
610 2793 702 2828 inter
735 2804 798 2828 vos
831 2790 1038 2837 aliquandiu
1070 2803 1149 2826 cum
1183 2791 1228 2826 D.
1263 2791 1428 2836 Hoopero
1461 2788 1498 2824 ni
1532 2787 1635 2824 fallor
1660 2801 1736 2824 ver-

204 2860 304 2894 satus
329 2858 371 2902 ⁷),
413 2856 456 2891 de
490 2868 561 2902 quo
600 2855 701 2891 nobis
735 2867 854 2891 omnes
888 2854 1054 2889 maiorem
1088 2854 1125 2889 in
1159 2853 1297 2890 modum
1331 2851 1550 2899 gratulamur
1592 2855 1735 2898 propter

207 2917 356 2954 hominis
399 2916 580 2953 candorem
623 2915 881 2962 simplicitatem
925 2914 1158 2950 eruditionem
1193 2917 1229 2950 et
1263 2913 1442 2960 pietatem.
1491 2911 1581 2947 Galli
1606 2911 1736 2947 habent

206 2979 428 3017 Frauciscum
461 2977 644 3014 Riverium
662 2978 692 3024 s)
726 2978 763 3013 et
795 2975 1008 3012 Richardum
1027 2978 1068 3020 9),
1102 2975 1187 3012 benc
1212 2975 1356 3011 doctum
1383 2975 1576 3020 utrumque
1601 2975 1638 3009 et
1663 2972 1731 3009 elo-
