1830 3147
1658 60 1701 98 ll

169 190 234 214 sua
271 176 479 219 restitisset,
515 175 576 211 sed
605 174 797 224 productis
825 174 939 211 etiam
966 173 1130 211 instituti
1160 173 1269 211 huius
1298 172 1510 210 rationibus
1540 177 1699 211 conatus

168 253 295 278 eorum
325 238 572 291 repressisset.

220 303 416 342 Concessis
442 303 568 354 itaque
594 301 882 350 Peregrinorum
910 301 1089 339 Ecclesiis
1117 306 1153 339 ct
1170 302 1319 353 quidem
1342 315 1384 340 ea
1405 302 1485 352 lege
1506 315 1568 340 scu
1588 302 1705 340 liber-

166 373 242 408 tate
262 368 400 420 potius,
419 367 514 405 utin
533 367 609 404 illis
627 366 752 404 omnia
769 366 875 404 iuxta
895 366 1107 404 doctrinam
1129 370 1239 417 atque
1258 367 1559 405 observationem
1581 368 1705 418 Apos-

167 431 317 472 tolica'm
352 432 653 475 instituerentur,
689 443 777 469 cura
804 431 954 469 illarum
981 431 1075 469 mihi
1101 431 1220 481 Regia
1252 435 1289 470 et
1317 433 1475 470 Senatus
1502 432 1706 470 autoritate

168 497 473 536 committebatur
508 497 741 548 iubebarque
776 496 870 534 mihi
898 497 1061 546 collegas
1089 496 1283 542 asciscere,
1311 510 1406 548 quos
1434 497 1468 535 ei
1495 497 1704 535 ministerio

168 563 383 615 aptissimos
410 576 490 601 esse
515 562 733 607 iudicarem,
759 566 801 599 ut
828 562 980 600 illorum
1007 562 1162 600 nomina
1191 562 1311 612 Regio
1338 562 1546 613 Diplomati
1564 562 1706 601 insere-

167 632 309 667 rentur.
338 627 455 666 Quod
483 627 550 665 ubi
576 627 717 665 factum
738 631 834 665 esset
853 640 997 678 nosque
1016 626 1091 664 iam
1109 626 1272 677 diploma
1292 627 1450 676 Regium
1472 627 1707 672 haberemus,

167 697 204 732 et
233 693 442 731 videremus
471 691 625 730 eandem
653 692 765 743 plane
793 691 1050 729 conditionem
1079 691 1286 742 Diplomati
1314 691 1386 742 ipsi
1414 692 1562 730 disertis
1583 692 1706 730 verbis

167 760 346 797 insertam
374 771 474 796 esse:
505 757 695 807 cognitam
721 757 774 794 ita
802 756 1025 795 haberemus
1052 760 1216 794 mentem
1244 756 1372 794 bacin
1390 761 1496 808 parte
1510 762 1546 795 et
1567 757 1706 795 Maies-

168 823 258 862 tatis
285 823 426 873 Regiae
453 826 489 860 et
518 823 679 860 Senatus
705 821 845 873 ipsius:
873 825 1064 873 praeterea.
1093 821 1273 859 sciremus
1309 835 1484 870 magnam
1518 835 1597 860 esse
1625 835 1707 860 om-

169 889 272 926 nium
300 888 450 939 piorum
479 886 523 925 de
550 887 662 924 nobis
690 886 729 924 in
758 898 857 923 novo
887 886 957 923 hoc
984 889 1115 923 nostro
1143 885 1352 923 ministerio
1387 887 1706 937 expectationem:

169 953 329 1003 denique
346 964 585 989 moneremur
604 951 729 994 etiam,
748 955 790 988 ut
810 963 886 988 non
907 954 1054 988 tantum
1073 954 1223 1001 propter
1240 950 1440 1003 ministerii
1457 951 1578 988 nostri
1595 951 1707 989 fidem

167 1019 296 1067 (quam
325 1020 448 1053 tamen
476 1016 515 1053 in
544 1019 743 1066 prospectu
770 1019 902 1053 nostro
932 1028 1075 1066 semper
1104 1018 1140 1052 et
1168 1018 1254 1052 ante
1282 1015 1409 1052 omnia
1438 1015 1573 1053 habere
1596 1016 1706 1054 debe-

166 1085 321 1130 remus),
349 1082 413 1119 sed
440 1086 592 1133 propter
618 1080 920 1118 adversariorum
947 1093 1098 1131 quoque
1126 1079 1234 1117 dolos
1263 1083 1305 1129 (β
1334 1080 1394 1127 4³)
1426 1079 1625 1129 diligenter
1645 1093 1707 1118 ca-

168 1160 349 1191 veremus,
388 1160 434 1185 ne
471 1145 562 1197 quid
598 1145 752 1182 omnino
788 1144 828 1182 in
865 1144 1006 1182 nostris
1052 1144 1333 1182 institueremus
1379 1144 1571 1190 Ecclesiis,
1607 1145 1709 1196 quod

169 1212 361 1249 doctrinae
388 1215 498 1261 atque
527 1209 784 1248 observationi
812 1208 1054 1260 Apostolicae
1083 1222 1160 1246 non
1186 1209 1357 1260 proxime
1376 1209 1632 1260 responderet,
1650 1209 1709 1247 ni-

166 1277 303 1315 mirum
331 1276 362 1313 si
389 1275 479 1327 quid
506 1275 614 1313 aliter
641 1275 935 1319 institueremus,
963 1273 1147 1311 excidisse
1175 1274 1250 1310 iam
1276 1287 1298 1310 a
1326 1274 1426 1311 facta
1446 1273 1557 1310 nobis
1577 1273 1710 1311 Eccle-

168 1341 308 1379 siarum
347 1341 589 1379 concessione
625 1339 745 1377 videri
780 1352 988 1390 possemus,
1025 1339 1091 1389 qui
1129 1339 1385 1376 conditionem
1420 1339 1561 1390 alioqui
1598 1339 1710 1376 nobis

165 1405 430 1457 praescriptam
457 1404 713 1443 inobedientia
741 1408 869 1442 nostra
898 1404 1157 1449 violassemus,
1172 1425 1223 1433 -—
1245 1403 1334 1441 haec
1354 1404 1417 1448 ita,
1437 1404 1605 1455 inquam,
1625 1417 1710 1441 cum

167 1485 205 1509 se
224 1471 404 1509 haberent
424 1471 562 1515 omnia,
582 1471 700 1508 nostri
721 1484 809 1508 sane
827 1484 906 1508 esse
927 1470 1036 1508 officii
1053 1470 1364 1514 existimavimus,
1382 1473 1422 1507 ut
1440 1469 1710 1521 praescriptam

167 1537 278 1574 nobis
308 1535 575 1580 conditionem,
600 1549 666 1586 per
694 1549 732 1572 se
752 1535 895 1586 alioqui
916 1534 1174 1578 iustissimam,
1195 1534 1317 1572 modis
1339 1534 1514 1572 omnibus
1534 1547 1601 1586 pro
1621 1547 1710 1572 nos-

167 1606 225 1640 tra
252 1601 350 1639 virili
387 1614 637 1652 sequeremur.
679 1601 738 1638 Ne
765 1601 858 1651 quid
885 1605 1010 1638 autem
1037 1601 1329 1652 praecipitanter
1356 1600 1395 1638 iu
1421 1614 1460 1638 re
1487 1604 1594 1638 tanta
1622 1614 1711 1649 age-

166 1679 300 1711 remus,
335 1665 445 1703 initio
481 1665 577 1704 nihil
613 1665 715 1703 aliud
753 1665 979 1710 studuimus.
1006 1679 1119 1716 quam
1147 1669 1189 1703 ut
1218 1665 1409 1703 Ecclesiae
1436 1679 1501 1716 per
1527 1665 1713 1716 publicas,

166 1735 246 1770 tum
276 1731 519 1769 Germanicas
547 1735 628 1768 tum
658 1730 838 1777 Gallicas,
872 1731 1073 1768 conciones
1103 1731 1370 1780 colligerentur
1389 1730 1504 1781 inque
1520 1730 1713 1779 catalogos

165 1798 391 1836 referrentur
419 1797 572 1835 nomina
600 1797 781 1841 omnium,
809 1796 873 1848 qui
902 1797 972 1835 sub
1001 1797 1181 1835 alterutra
1202 1796 1372 1835 Ecclesia
1396 1797 1539 1835 censeri
1559 1797 1711 1835 vellent.

167 1864 367 1900 Crescente
401 1867 524 1899 autem
562 1861 683 1898 indies
719 1861 839 1910 magis
874 1875 916 1898 ac
956 1862 1077 1911 magis
1114 1866 1275 1912 utraque
1301 1861 1485 1906 Ecclesia,
1515 1861 1714 1912 utrobique

167 1928 276 1966 etiarn
316 1927 490 1965 Seniores
527 1927 604 1964 sive
645 1926 862 1977 Presbyteri
898 1931 1010 1977 atque
1047 1926 1136 1964 item
1170 1926 1332 1964 Diaconi
1369 1925 1710 1967 constituebantur,

165 1998 207 2030 ut
242 1992 298 2029 illi
333 1991 484 2042 quidem
517 1991 784 2040 gubernandae
818 1991 1015 2029 nobiseum
1053 1996 1089 2029 et
1118 2004 1201 2028 cum
1239 1991 1393 2040 collegis
1420 1990 1559 2028 nostris
1596 1990 1708 2028 alter-

169 2056 285 2094 utrius
313 2055 502 2093 Ecclesiae
531 2069 656 2093 curam
686 2056 933 2094 sustinerent:
961 2056 1026 2093 isti
1054 2068 1140 2093 vero
1170 2056 1391 2105 colligendis
1419 2069 1463 2093 ac
1484 2056 1705 2107 dispensan-

168 2120 225 2158 dis
260 2120 519 2170 Eleemosynis
553 2125 778 2171 praeessent.
833 2120 925 2158 Mox
955 2124 997 2170 (β
1027 2121 1088 2168 4¹²)
1127 2121 1318 2158 communi
1354 2133 1508 2158 assensu
1536 2121 1705 2159 omnium

166 2185 362 2236 utriusque
389 2185 578 2223 Ecclesiae
604 2185 863 2223 ministrorum
891 2199 934 2223 ac
972 2186 1168 2223 Seniorurn
1205 2185 1328 2223 aedita
1356 2189 1412 2223 est
1438 2185 1527 2223 fidei
1552 2186 1706 2237 publica

167 2251 364 2303 professi0‚
408 2251 513 2288 cuius
540 2250 778 2301 potissimum
805 2250 957 2288 nomine
985 2250 1175 2288 Ecclesiae
1202 2250 1305 2301 ipsae
1333 2250 1621 2299 colligebantur,
1647 2256 1706 2289 at·

168 2330 240 2368 que
268 2316 358 2354 haec
385 2316 641 2367 explicabatur
669 2315 708 2353 in
734 2315 896 2366 publicis
925 2315 1186 2358 concionibus,
1212 2320 1252 2353 ut
1272 2315 1319 2352 ab
1344 2315 1522 2354 omnibus
1543 2315 1707 2366 intelligi

166 2385 304 2433 posset.
335 2380 390 2418 De
415 2379 658 2418 instituendis
686 2393 773 2417 vero
803 2380 924 2417 cultus
953 2380 1072 2417 divini
1099 2379 1235 2417 ritibus
1277 2393 1456 2430 suspensa
1485 2380 1705 2431 aliquandiu

168 2444 388 2483 deliberatio
416 2443 500 2487 fuit,
536 2443 655 2480 donec
681 2443 843 2494 populus
873 2443 1079 2489 doceretur,
1107 2443 1249 2479 rituum
1278 2443 1454 2480 varietate
1481 2456 1558 2480 non
1585 2443 1707 2481 scindi

170 2509 375 2555 Ecclesias;
414 2508 482 2546 hos
519 2509 617 2546 enim
645 2509 891 2560 temporarios
928 2522 1007 2546 esse
1035 2513 1146 2559 atque
1174 2508 1426 2546 Ecclesiarum
1455 2508 1708 2546 aedificationi

167 2587 235 2626 pro
272 2574 441 2610 locorum
478 2586 520 2610 ac
555 2577 768 2624 temporum
804 2573 949 2611 ratione
986 2573 1124 2610 servire
1172 2577 1357 2623 oportere.
1413 2573 1503 2610 Non
1549 2572 1705 2610 eandem

172 2638 310 2687 ubique
340 2637 519 2675 Ecclesiis
548 2637 725 2675 omnibus
752 2651 832 2675 esse
859 2638 1072 2675 libertatem
1101 2637 1330 2688 repurgandi
1358 2637 1531 2688 protinus
1568 2637 1707 2682 omnia,

169 2707 281 2752 atque
307 2701 447 2739 alicubi
476 2701 556 2739 sine
582 2714 720 2751 magno
748 2702 945 2739 turbarum
974 2707 1076 2738 metu
1102 2702 1165 2739 vix
1193 2701 1399 2752 quidquam
1426 2702 1565 2739 mutari
1583 2714 1706 2752 posse.

173 2766 365 2804 Praestare
391 2769 528 2811 autem,
555 2765 720 2817 aliquam
748 2766 1002 2805 Ecclesiarum
1029 2766 1306 2804 restitutionem
1334 2765 1475 2812 haberi,
1494 2779 1602 2818 quam
1622 2766 1706 2804 nul-

169 2831 255 2876 lam,
291 2829 436 2867 etiamsi
465 2831 648 2880 quaedam
674 2831 784 2869 inviti
814 2832 907 2869 serre
936 2844 1125 2880 cogamur.
1155 2831 1318 2869 Proinde
1344 2831 1608 2880 gratulandam
1626 2844 1706 2868 esse
