1830 3147
769 139 837 175 549
1291 139 1357 186 [A.
1385 139 1429 176 D.
1455 137 1567 188 1528]

34 247 138 284 etiam
163 246 334 294 Principis
358 246 554 290 clementia,
577 248 635 295 qui
662 249 697 284 in
721 247 939 294 suscipienda
963 247 998 283 in
1013 248 1160 294 gratiam
1178 247 1360 284 nobilitate
1377 249 1566 285 commuui-

35 322 100 357 que
135 309 263 356 populo
301 309 409 345 facilis
441 313 507 348 est.
543 309 577 344 in
613 310 831 357 magnatibus
869 308 1074 357 recipiendis
1111 309 1270 351 difficilis,
1296 321 1407 357 neque
1432 310 1467 346 id
1492 312 1565 347 sine

35 382 152 411 eausa,
187 381 394 417 quamquain
430 374 466 404 et
503 370 712 417 Magnatum
738 371 839 406 multi
863 370 929 406 iam
955 382 991 405 se
1017 371 1054 405 in
1084 371 1231 416 gratiam
1257 382 1338 406 suae
1365 371 1565 406 Maiestatis

34 430 279 466 submiserunt.
304 430 462 466 Andreas
491 430 634 466 Bathori
659 430 702 476 ³),
729 432 835 467 frater
858 431 1086 477 Naderspanu
1112 437 1155 473 ⁶),
1181 435 1304 476 captus
1328 435 1382 467 est
1408 443 1517 478 nuper
1530 432 1566 467 in

37 490 104 526 levi
136 490 283 538 quodam
317 490 446 538 praelio
476 495 512 526 et
550 490 727 527 detinetur
751 492 784 527 in
810 503 887 527 arce
911 503 991 527 suae
1017 491 1212 528 Maiestatis
1238 491 1379 538 Wykel,
1403 503 1490 539 quae
1515 492 1566 528 iu·

34 552 140 587 storia
163 551 231 586 iam
255 555 354 587 sexta
377 554 431 587 est
456 555 535 598 post
557 552 747 598 ingressum
772 564 853 588 suae
879 553 1078 588 Maiestatis
1104 552 1139 587 in
1164 551 1394 598 Huugariam.
1443 552 1566 598 Nuper

34 611 138 647 etiam
165 612 283 648 Simon
306 611 459 659 quidam,
487 612 645 648 literatus
672 613 875 660 cognomine
901 612 946 655 ⁷),
973 613 1253 648 Cassoviensium
1279 618 1308 654 8)
1327 612 1480 660 peditum
1497 612 1564 648 tria

35 671 152 714 millia,
188 672 322 719 equites
349 676 526 709 trecentos
550 673 593 708 ad
619 685 725 709 unum
751 685 858 721 usque
884 674 1094 721 profligavit,
1121 678 1159 709 ut
1183 685 1227 709 ne
1252 674 1401 709 nuncius
1427 672 1566 721 quidem

34 731 143 768 cladis
179 734 398 780 superfuerit.
430 735 486 771 Sic
518 734 596 770 illos
629 735 720 770 inter
756 739 890 771 montes
924 735 1114 771 incluserat
1139 737 1214 770 arte
1237 734 1395 782 quadam,
1420 737 1459 770 ut
1485 746 1564 770 nus-

33 806 134 842 quam
169 795 282 830 exitus
314 796 381 831 illis
414 798 560 842 pateret,
596 797 687 832 caesi
719 796 762 831 ad
799 808 905 832 unum
932 808 1066 837 omnes,
1092 794 1269 831 machinae
1294 794 1418 842 viginti
1443 798 1566 841 captae

34 853 267 904 advectaeque
300 855 345 891 ad
376 856 524 904 Regiam
562 857 784 892 Maiestatem
810 858 851 902 9).
900 856 1084 892 Praeterea
1116 856 1242 891 Caesar
1275 856 1348 902 ipse
1372 855 1564 891 Turcarum

36 916 240 964 conscripsit
273 917 339 953 iam
374 930 503 953 novum
528 917 633 953 alium
657 918 848 954 exercitum
876 916 1205 965 quadringentarum
1232 915 1364 952 milium
1390 916 1565 952 hominum

36 976 189 1023 peditum
227 983 262 1012 et
297 979 561 1031 equitum-cum
587 991 656 1026 quo
681 979 824 1025 ipsemet
849 981 983 1013 aestate
1008 979 1163 1025 proxima
1189 978 1363 1013 Austriam
1391 980 1446 1012 est
1470 977 1566 1012 inva-

35 1050 138 1073 surus
165 1038 208 1083 ιο)
234 1045 518 1087 perrecturusque
543 1051 604 1086 per
628 1038 840 1080 Danubium,
867 1039 1014 1075 adverso
1041 1037 1204 1073 videlicet
1228 1038 1368 1073 flumine
1385 1050 1566 1085 quousque

35 1099 165 1145 poterit
200 1101 243 1134 ad
278 1101 393 1135 fontes
429 1100 539 1141 fluvii,
573 1101 671 1136 euius
706 1100 867 1135 maiorem
900 1099 967 1135 iam
1005 1103 1137 1145 partem
1172 1110 1279 1146 parvo
1305 1098 1445 1146 negotio
1469 1110 1505 1134 se
1529 1099 1566 1133 iu

32 1172 128 1196 suam
154 1159 322 1195 ditionem
347 1159 525 1206 subegisse
549 1160 729 1207 gloriatur,
758 1160 860 1207 idque
884 1161 1038 1195 futurum
1064 1171 1139 1194 esse
1172 1159 1246 1194 sine
1271 1158 1388 1200 dubio,
1414 1159 1480 1194 nisi
1501 1158 1566 1194 hoc

34 1232 114 1257 vere
139 1223 306 1268 proximo,
331 1222 531 1269 priusquam
557 1234 592 1257 se
621 1221 697 1257 loeo
719 1222 847 1258 Caesar
871 1225 1020 1263 moveat,
1047 1232 1100 1256 res
1125 1220 1214 1256 inter
1239 1221 1386 1267 Regiam
1402 1220 1566 1256 Maiesta-

34 1285 103 1318 tem
137 1281 339 1328 Hungariae
377 1285 414 1317 et
447 1281 712 1318 Ferdinandum-
743 1283 878 1328 Regem
912 1282 1028 1329 aliqua
1062 1281 1246 1317 concordia
1269 1281 1485 1328 transigatur
1511 1282 1567 1324 ¹¹),

33 1356 135 1391 quam
169 1346 284 1379 tamen
309 1343 441 1379 nullam
466 1343 664 1390 aeceptabit
690 1344 768 1379 Rex
796 1344 943 1379 loannes
968 1342 1169 1379 inconsulto
1193 1342 1380 1378 Turearum
1408 1342 1565 1378 Caesare.

36 1405 72 1441 Is
105 1408 159 1440 est
184 1406 273 1441 enim
300 1405 429 1452 primus
455 1405 600 1441 foederis
626 1405 794 1441 articulus
819 1405 911 1441 inter
934 1404 1033 1441 illum
1064 1404 1245 1440 Caesarem
1272 1406 1308 1438 et
1332 1415 1430 1438 suam
1456 1403 1568 1438 Maie-

34 1469 177 1502 statem.
202 1466 386 1502 Exercitus
410 1466 635 1502 Germanicus
662 1478 744 1502 suae
771 1465 969 1501 Maiestatis
995 1465 1094 1500 Duce
1114 1463 1263 1499 Nicolao
1280 1463 1565 1509 Mynkwycz¹²),

34 1527 93 1576 qui
126 1527 327 1563 iamdudum
358 1526 624 1574 exspectabatur
648 1539 741 1562 nune
770 1525 912 1562 tandem
937 1526 1083 1561 Slesiam
1112 1527 1157 1570 ¹³)
1182 1525 1355 1572 ingressus
1380 1523 1567 1570 Swydnyc-

34 1601 111 1624 zam
138 1587 182 1633 ¹⁴)
207 1588 373 1636 oppidum
398 1588 582 1635 occupavit
607 1592 642 1623 et
667 1588 732 1623 iam
759 1589 897 1623 nomine
920 1599 1005 1622 suae
1031 1585 1225 1622 Maiestatis
1252 1584 1415 1631 possidet.
1442 1585 1565 1630 Spera-

38 1661 113 1684 mus
149 1652 185 1684 et
210 1649 358 1696 reliquas
383 1648 513 1684 Slesiae
538 1649 699 1684 civitates
723 1648 759 1683 in
779 1646 990 1683 deditionem
1022 1650 1199 1687 venturas,
1221 1658 1288 1693 qua
1312 1645 1355 1680 de
1380 1657 1415 1680 re
1439 1645 1506 1680 iam
1530 1647 1567 1679 et

35 1710 154 1746 nuncii
189 1710 358 1746 habentur
393 1713 429 1745 et
471 1709 617 1746 litterae.
665 1709 933 1745 Vraklamenses
966 1709 1133 1744 miserunt
1165 1707 1208 1742 ad
1228 1705 1498 1746 Ferdinandum,
1528 1709 1567 1741 ut

34 1770 137 1807 fidem
162 1771 310 1813 illorum,
337 1774 377 1806 ut
401 1771 467 1818 ipsi
491 1769 625 1811 dicunt,
653 1769 912 1817 Euangelicam,
938 1767 1157 1805 iureiurando
1181 1780 1244 1803 suo
1259 1767 1370 1819 Regio
1384 1768 1564 1802 confirma-

32 1837 86 1868 ret
122 1831 352 1880 liberaretque
388 1844 447 1867 eos
478 1831 522 1867 ab
546 1831 606 1867 illa
639 1830 860 1877 obligatione,
881 1842 950 1877 qua
975 1830 1011 1865 in
1036 1841 1204 1865 summam
1229 1827 1562 1875 quadringentorum

33 1892 164 1928 milium
190 1892 406 1939 oppignorati
433 1895 516 1927 sunt
540 1903 688 1928 coronae
713 1891 930 1938 Hungariae.
956 1889 1000 1926 Se
1023 1890 1126 1925 fidem
1151 1901 1248 1924 suam
1267 1888 1383 1936 [prae]
1403 1887 1563 1924 omuibus

32 1953 201 2000 integram
226 1965 364 1988 servare
389 1953 488 1989 velle.
512 1952 758 1988 Cassovienses
782 1953 865 1987 item
886 1951 1053 1987 miserunt
1070 1949 1114 1986 ad
1132 1948 1390 1985 Ferdinanduin
1410 1960 1480 1984 non
1503 1961 1564 1995 pro

30 2014 170 2050 auxiliis
203 2013 292 2055 ullis,
323 2013 384 2049 sed
409 2018 449 2048 ut
474 2013 552 2049 illos
578 2014 669 2048 intra
692 2012 780 2048 duos
806 2023 940 2047 menses
965 2012 1161 2058 pacificaret
1185 2010 1341 2050 omnino,
1377 2008 1470 2056 quod
1495 2008 1563 2044 nisi

34 2074 173 2116 faceret,
207 2085 244 2109 se
269 2077 449 2109 curaturos
471 2085 572 2108 suum
598 2073 794 2120 negocium,
824 2075 863 2107 ut
888 2072 1035 2119 possint,
1061 2083 1171 2118 neque
1196 2070 1348 2106 sinerent
1372 2081 1409 2104 se
1433 2081 1564 2117 suaque

32 2134 145 2181 diripi.
193 2134 228 2170 A
265 2133 370 2170 Petro
394 2133 532 2169 Perenii
559 2135 612 2175 ¹⁵).
637 2133 695 2180 qui
720 2144 882 2169 coronam
908 2132 951 2168 ad
986 2131 1244 2167 Ferdinandum
1269 2130 1455 2171 detulerat,
1479 2132 1563 2165 sunt

31 2195 154 2232 secreti
186 2194 316 2235 nuncii,
352 2202 512 2241 rogantes
546 2195 683 2230 veniam
720 2193 812 2241 apud
845 2193 992 2241 Regiam
1027 2192 1169 2228 Domini
1205 2191 1314 2226 nostri
1361 2190 1562 2236 Huugariae

33 2258 266 2294 Maiestatem.
310 2257 347 2292 Is
374 2256 557 2303 pollicetur
582 2268 619 2291 se
644 2267 712 2290 una
734 2267 812 2292 cum
837 2266 963 2291 corona
988 2253 1031 2289 ad
1057 2266 1153 2289 suam
1182 2253 1406 2289 Maiestatem
1432 2252 1562 2288 reditu-

30 2329 118 2360 rum,
151 2329 251 2364 quam
284 2328 320 2352 se
354 2316 478 2351 habere
509 2315 606 2357 dicit,
641 2315 815 2361 multaque
849 2318 934 2350 sunt
957 2314 1048 2350 eirca
1073 2326 1146 2349 eam
1173 2325 1242 2348 rem
1268 2313 1444 2359 mysteria,
1472 2325 1559 2360 quae

31 2378 156 2414 litteris
181 2378 397 2414 committere
424 2389 493 2412 non
519 2376 614 2412 licet.
657 2376 874 2411 Pollicentur
898 2380 1015 2410 tamen
1040 2374 1130 2410 bona
1156 2373 1270 2409 omnia
1295 2374 1427 2421 Regiae
1453 2374 1563 2410 Maie-

28 2439 111 2475 stati
136 2439 356 2485 facilioraque
383 2438 497 2473 omnia
523 2437 649 2478 futura,
675 2448 776 2483 quam
798 2448 991 2482 speramus.
1020 2433 1261 2470 Ferdinandus
1284 2434 1408 2470 indixit
1421 2435 1563 2470 comitia

29 2500 232 2546 Hungariae
264 2500 299 2535 in
334 2499 538 2545 Preszburg,
573 2497 614 2532 ad
641 2510 727 2545 quae
753 2501 869 2532 tamen
895 2496 1011 2532 nullus
1037 2508 1080 2531 ex
1107 2496 1291 2542 Hungaria
1317 2496 1426 2536 veuit,
1449 2508 1561 2543 neque

30 2573 72 2597 ex
105 2561 293 2602 nobilibus,
329 2573 437 2608 neque
469 2572 509 2595 ex
545 2558 770 2605 Magnatibus
807 2563 942 2605 praeter
971 2558 1163 2593 Turzonem
1188 2557 1231 2601 ¹⁶)
1254 2561 1290 2591 et
1315 2555 1561 2603 Naderspanu.

29 2622 72 2658 In
103 2622 246 2658 summis
280 2621 394 2657 omnia
426 2621 544 2656 divino
578 2620 746 2655 beneficio
779 2619 1000 2655 foelicissime
1034 2618 1240 2658 succedunt,
1271 2618 1426 2664 gentium
1461 2619 1561 2664 copia

29 2697 171 2720 summa.
219 2683 363 2719 Utinam
397 2695 466 2718 non
499 2682 591 2716 desit
622 2694 690 2728 quo
723 2681 817 2717 illam
850 2681 942 2716 alere
968 2681 1153 2726 possimus,
1178 2692 1248 2726 qua
1273 2680 1306 2714 in
1333 2691 1367 2714 re
1393 2679 1561 2726 principia

29 2749 112 2781 suut
146 2745 365 2781 vehementer
400 2746 470 2780 fere
510 2743 674 2779 difficilia.
723 2743 827 2779 Nunc
864 2747 982 2777 tamen
1006 2741 1184 2777 sufficiunt
1207 2741 1322 2776 omnia
1346 2745 1382 2775 et
1407 2744 1557 2776 vestram

27 2805 162 2842 interim
195 2817 334 2853 operam
368 2805 467 2841 nobis
502 2804 716 2851 profuturam
742 2802 971 2850 sperabimus,
998 2814 1087 2849 quae
1114 2812 1207 2837 nuno
1233 2801 1342 2837 multo
1366 2813 1470 2848 quam
1497 2813 1558 2836 un·

26 2877 129 2913 quam
162 2865 246 2901 alias
281 2865 387 2901 maior
412 2865 563 2901 adhiberi
587 2862 739 2901 debebit.
764 2865 768 2869 '
791 2865 879 2900 Cum
905 2863 975 2900 tuis
1014 2863 1099 2898 bene
1133 2861 1259 2903 valeas,
1284 2860 1342 2897 diu
1368 2861 1553 2898 incolumis
