1830 3147
255 125 326 162 206

254 235 449 286 tantisper,
486 234 574 272 duni
613 233 784 271 doctrina
819 232 1018 283 Euangelii
1054 233 1225 289 traditur,
1262 234 1294 271 si
1321 246 1393 285 quo
1425 234 1534 272 modo
1562 234 1626 272 illa
1654 235 1780 274 audita

254 300 298 337 ad
329 299 624 350 resipiscentiam
654 299 795 349 Spiritu
823 304 953 336 sancto
981 302 1110 336 autore
1134 299 1343 350 permoveri
1369 299 1501 350 possit.

306 366 342 402 2.
380 364 475 401 Cum
512 364 582 401 hoc
617 363 801 401 familiare
837 364 913 401 fere
939 363 1274 401 excommunicatis
1302 363 1520 402 hominibus
1547 377 1627 402 esse
1653 364 1779 403 videa-

256 442 348 474 mus,
374 432 417 466 ut
445 428 474 466 si
503 441 597 479 quos
622 428 782 479 possint,
810 441 875 465 sua
903 426 1172 465 consuetudine
1200 427 1237 465 in
1266 428 1323 466 sui
1351 428 1439 465 mali
1467 429 1677 466 societatem
1696 442 1781 479 per-

254 494 416 540 trahant,
453 498 488 532 et
523 493 607 532 ideo
633 493 871 544 potissimum
902 506 921 530 e
949 496 1056 530 coetu
1082 492 1348 530 Ecclesiastico
1377 493 1589 538 eiicientur,
1616 506 1662 530 ne
1689 493 1783 530 alios

257 573 323 597 sua
348 559 540 610 impietate
566 558 739 596 inficiant
761 560 802 606 ¹),
820 579 869 586 —-
889 569 969 594 esse
996 557 1108 594 etiam
1135 556 1173 593 id
1203 557 1319 595 debiti
1346 557 1529 608 officiique
1556 557 1724 594 omnium
1743 556 1779 594 in

255 623 436 669 Ecclesia,
469 628 511 661 ut
543 623 766 660 familiarem
801 635 949 659 omnem
986 634 1070 658 cum
1113 621 1437 659 excommunicato
1476 620 1784 659 consuetudinem

256 686 378 726 modis
399 686 575 723 omnibus
596 685 713 723 vitent
733 684 775 732 ²).
807 685 1061 735 Corrumpunt
1077 697 1237 735 namque
1256 684 1376 722 bonos
1396 698 1516 723 mores
1535 699 1649 736 prava
1666 686 1786 723 collo-

255 752 355 802 quia.
411 753 446 789 A
483 749 791 798 civi-(361)libus
826 753 951 787 tamen
980 749 1237 787 contractibus
1265 762 1308 786 ac
1335 750 1496 799 negotiis
1524 750 1706 789 arcendus
1733 751 1786 787 ita

256 829 333 853 non
360 819 428 857 est,
453 819 495 853 ut
525 828 606 852 cum
634 814 700 852 illo
728 827 769 851 ea
797 826 885 861 nonx
902 814 1012 851 liceat
1042 826 1142 851 more
1170 813 1323 865 politico
1350 827 1530 852 exercere.

308 881 343 918 3.
401 879 479 917 Qui
505 884 644 924 tamen,
670 878 828 916 solidius
855 878 893 915 in
921 878 994 915 fide
1022 878 1210 922 instructi,
1235 878 1456 926 intelligunt
1477 892 1514 916 sc
1534 879 1696 916 fructum
1716 880 1785 917 ali-

256 959 365 996 quem
392 944 491 996 apud
520 944 861 982 excommunicatos
890 943 1087 993 colloquiis
1116 942 1192 980 suis
1220 956 1264 980 ex
1293 943 1406 980 verbo
1433 943 1505 981 Dei
1531 957 1639 995 posse
1653 945 1788 990 facere,

258 1015 406 1060 captare
440 1021 571 1046 ornnes
608 1007 823 1045 occasiones
853 1007 990 1045 debent
1017 1007 1169 1044 illorum
1196 1007 1519 1045 admonendorum
1559 1013 1593 1046 et
1620 1009 1659 1047 in
1688 1010 1785 1047 viam

257 1087 384 1112 rursus
419 1072 728 1118 reducendorum,
765 1071 947 1122 tantisper
984 1072 1070 1109 dum
1099 1085 1201 1122 spem
1229 1071 1393 1122 aliquam
1420 1072 1696 1123 resipiscentiae
1724 1087 1783 1111 su·

258 1152 403 1190 peresse
441 1137 580 1183 vident,
615 1137 646 1175 si
682 1149 756 1188 quo
794 1136 905 1174 modo
933 1137 999 1173 fiat
1025 1150 1089 1187 per
1116 1136 1275 1185 gratiam
1304 1136 1383 1180 Dei,
1413 1142 1452 1174 ut
1478 1137 1524 1174 ad
1553 1137 1649 1175 ovile
1677 1138 1785 1175 Chri-

257 1204 303 1242 sti
333 1216 461 1241 rursus
489 1201 655 1239 revocari
681 1201 840 1252 possint.

310 1273 346 1307 4.
401 1268 455 1306 Ut
491 1280 599 1305 nemo
637 1266 675 1304 in
705 1266 872 1303 Ecclesia
898 1265 1039 1317 iniquis
1065 1266 1306 1317 praeiudiciis
1333 1267 1674 1305 excommunicatos
1701 1281 1788 1317 gra-

259 1339 319 1371 vet
361 1333 478 1370 rideat
514 1332 696 1383 despiciat
723 1336 787 1369 ant
813 1331 996 1376 traducat,
1023 1332 1087 1369 sed
1115 1332 1231 1369 vicem
1260 1333 1411 1369 illorum
1440 1345 1484 1369 ex
1511 1332 1637 1370 animo
1665 1332 1789 1383 potius

260 1398 394 1442 doleat,
431 1398 672 1447 cogitentque
708 1397 746 1434 in
776 1396 945 1434 Ecclesia
974 1410 1101 1434 omnes
1131 1397 1203 1434 sibi
1230 1397 1326 1435 idem
1357 1397 1503 1434 evenire
1530 1397 1641 1435 etiam
1668 1411 1791 1448 posse,

260 1469 312 1509 ut,
348 1463 412 1513 qui
448 1475 564 1512 aeque
600 1462 667 1498 sub
706 1465 901 1516 peccatum
939 1462 1014 1499 sint
1053 1462 1233 1505 conclusi,
1271 1461 1370 1512 quod
1399 1462 1437 1498 in
1465 1461 1556 1511 ipsis
1584 1466 1651 1506 est,
1679 1469 1791 1513 atque

259 1528 326 1572 illi,
354 1527 426 1564 nisi
457 1526 592 1563 Divina
620 1527 741 1575 gratia
770 1531 1019 1572 servarentur,
1046 1527 1199 1577 fierique
1226 1540 1346 1577 posse,
1374 1531 1414 1565 ut
1435 1532 1469 1563 et
1489 1527 1560 1578 ipsi
1579 1528 1786 1566 excindan-

258 1598 329 1638 tur,
358 1597 405 1637 et,
431 1592 496 1642 qui
522 1591 597 1628 iam
624 1591 730 1629 eiecti
759 1595 856 1636 sunt,
884 1604 1030 1628 rursum
1059 1591 1273 1629 inserantur
1294 1589 1339 1639 ³).
1378 1591 1506 1630 Quare
1533 1596 1573 1629 ut
1602 1606 1639 1629 se
1666 1593 1789 1644 ipsum

259 1656 417 1707 quisque
442 1655 482 1692 in
510 1655 679 1692 Ecclesia
708 1654 892 1699 observet,
921 1654 1010 1692 dum
1038 1655 1403 1693 excommunicatum
1433 1656 1594 1707 aliquem
1610 1657 1789 1696 intuetur.

260 1721 308 1758 Et
343 1720 382 1757 id
422 1719 560 1771 pariter
596 1732 724 1757 omnes
763 1719 850 1757 dent
884 1732 1048 1770 operam,
1082 1724 1122 1757 ut
1157 1719 1202 1757 ab
1238 1719 1285 1757 iis
1311 1720 1475 1771 peccatis
1511 1725 1546 1758 et
1576 1724 1789 1772 contemptu

260 1786 561 1824 admonitionum
598 1785 671 1822 sibi
705 1784 994 1833 diligentissime
1032 1787 1331 1832 ca-(362)veant‚
1367 1791 1517 1836 propter
1552 1799 1662 1836 quem
1697 1786 1790 1823 alios

259 1851 602 1889 excommunicatos
632 1850 770 1888 vident.
809 1849 1103 1900 Hypocritarum
1132 1863 1212 1887 esse
1240 1849 1322 1895 hoc,
1350 1863 1426 1887 non
1455 1855 1576 1887 autem
1606 1851 1790 1889 Christia-

261 1929 407 1961 norum,
436 1920 476 1954 ut
504 1915 637 1953 iisdem
665 1914 772 1952 malis
802 1914 958 1952 obnoxii
985 1915 1152 1965 adeoque
1179 1918 1215 1952 et
1242 1914 1480 1964 gravioribus
1505 1928 1790 1966 nonnunquam,

261 1982 407 2020 etiamsi
441 1994 515 2019 non
555 1994 671 2032 usque
708 1980 799 2017 adeo
837 1980 913 2018 sint
955 1980 1166 2030 conspicua,
1194 1993 1281 2030 prae
1308 1980 1391 2018 aliis
1419 1984 1542 2018 tamen
1574 1981 1645 2018 sibi
1672 1981 1791 2030 magis

260 2047 429 2097 placeant
466 2045 745 2095 sanctioresque
782 2044 865 2081 aliis
903 2044 1031 2081 haberi
1070 2044 1184 2081 velint
1221 2048 1257 2082 et
1284 2044 1377 2082 alios
1405 2058 1492 2095 prae
1520 2058 1558 2083 se
1586 2045 1792 2096 despiciant

260 2124 303 2148 ae
337 2109 548 2149 traducant.
604 2109 736 2146 Nihilo
774 2108 894 2157 magis
923 2114 1044 2146 autem
1072 2108 1264 2146 ferendam
1293 2122 1371 2146 esse
1398 2109 1436 2146 in
1468 2109 1633 2147 Ecclesia
1663 2116 1806 2160 super-'

261 2175 427 2212 ciliosam
454 2174 586 2212 talium
616 2173 858 2225 hypocrisim,
886 2173 917 2210 si
945 2173 1054 2211 certis
1082 2173 1315 2211 documentis
1343 2173 1516 2211 convinci
1533 2174 1663 2224 possit,
1680 2187 1791 2225 quam

261 2240 333 2277 alia
373 2238 524 2290 quaevis
558 2238 713 2287 flagitia.
768 2237 829 2282 Et,
865 2237 1180 2288 quemadmodum
1216 2237 1338 2289 palam
1376 2237 1583 2287 flagitiosos
1619 2238 1792 2276 ferendos

260 2304 369 2342 nobis
399 2317 475 2341 non
503 2317 582 2341 esse
611 2303 797 2349 docemur,
824 2303 875 2340 ita
903 2306 938 2340 et
967 2316 987 2340 a
1015 2303 1196 2340 fermento
1225 2302 1454 2348 Pharisaico,
1482 2303 1582 2353 quod
1599 2307 1654 2340 est
1672 2303 1790 2353 hypo-

260 2369 379 2414 crisis,
407 2368 528 2405 modis
556 2367 732 2405 omnibus
762 2366 871 2404 nobis
902 2366 1108 2403 cavendum
1137 2379 1216 2403 esse
1242 2358 1415 2402 audimus
1443 2367 1487 2413 4).
1526 2365 1658 2416 Neque
1688 2364 1785 2402 enirn

261 2433 417 2471 dubium
455 2438 510 2471 est
547 2432 891 2470 excommunicatos
919 2431 966 2468 iri
995 2431 1210 2481 hypocritas
1239 2443 1381 2482 omnes,
1408 2430 1482 2468 nisi
1510 2429 1669 2479 tempori
1699 2429 1789 2466 resi-

260 2498 420 2548 piscant,
454 2497 637 2548 produeta
672 2497 712 2534 in
748 2497 870 2533 lucem
908 2508 1032 2532 eoram
1062 2495 1225 2533 universi
1253 2495 1355 2532 orbis
1382 2494 1529 2532 theatro
1557 2494 1596 2531 in
1625 2493 1684 2530 die
1713 2492 1789 2530 Do·

261 2562 355 2599 mini
391 2561 582 2612 hypocrisi
617 2561 798 2611 ipsorum,
835 2560 980 2596 sublata
1018 2559 1167 2596 demum
1203 2559 1304 2596 omni
1341 2571 1404 2609 spe
1432 2558 1560 2595 veniae
1588 2570 1631 2594 ac
1658 2556 1787 2594 remis-

235 2626 378 2664 'sionis
415 2630 664 2676 peccatorum,
701 2638 813 2676 quam
850 2623 990 2674 alioqui
1026 2623 1064 2660 in
1103 2624 1178 2661 vita
1216 2624 1284 2661 hae
1317 2623 1408 2673 ipsis
1436 2622 1544 2659 etiam
1575 2635 1790 2660 excommu-

264 2691 397 2730 nicatis
426 2691 637 2741 ademptam
665 2703 739 2727 non
768 2703 847 2727 esse
875 2688 1025 2726 scimus.

315 2759 350 2795 ὅ.
407 2755 584 2793 Monetur
612 2754 791 2801 Ecclesia,
819 2757 860 2791 ut
887 2766 959 2804 quo
990 2753 1107 2802 magis
1135 2743 1478 2791 excommunicatos
1506 2757 1658 2803 propter
1686 2752 1791 2803 ipso-

310 2884 333 2927 ¹)
358 2881 377 2913 2
400 2881 511 2912 Thess.
536 2880 564 2910 3.
589 2880 604 2910 1
630 2880 701 2911 Cor.
729 2885 757 2911 5.
823 2882 850 2920 2)
875 2880 891 2911 1
917 2879 992 2911 Cor.
1011 2879 1059 2911 15.
1123 2880 1149 2918 ⁸)
1174 2881 1263 2911 Rom.
1284 2879 1331 2910 11.
1396 2879 1423 2918 ⁴)
1448 2878 1564 2912 Matth.
1581 2878 1630 2910 16.
1647 2879 1746 2909 Mare.
1765 2879 1796 2909 8.
