1830 3147
1547 102 1620 138 289

88 211 268 250 beneficio
309 211 578 262 gratitudinem
610 210 802 249 luculento
838 210 965 262 aliquo
1009 209 1287 262 resipiscentiae
1327 215 1478 249 nostrae
1511 209 1620 248 testi-

86 277 227 322 monio,
255 290 342 327 erga
377 281 413 314 te
449 289 535 314 vero
571 275 675 313 omni
711 279 842 314 nostra
868 275 941 314 fide
969 275 1200 314 subiectione
1240 280 1351 328 atque
1379 275 1618 314 observantia

86 346 348 381 contestemur.

134 407 251 445 Porro
288 407 432 445 nullum
459 406 528 444 abs
553 409 592 444 te
617 405 764 452 melius,
792 406 935 444 nullum
963 405 1105 451 utilius,
1134 405 1293 458 denique
1319 406 1465 445 nullum
1493 406 1613 456 magis

84 472 337 511 Christianum
365 471 563 510 consilium
590 470 679 509 iniri
704 471 840 522 potuit,
867 484 949 509 cum
977 471 1026 509 ad
1053 471 1222 510 haereses
1250 475 1416 510 sectasve
1443 484 1573 510 omnes
1592 485 1613 509 a

83 537 216 587 Regno
242 540 306 575 tuo
334 535 526 583 arcendas,
550 539 630 574 tum
657 535 704 585 ad
731 535 966 574 retinendam
993 535 1179 587 latiusque
1207 536 1355 574 demum
1382 535 1494 574 etiam
1526 548 1615 587 pro-

83 601 290 653 pagandam
328 614 435 639 verae
469 600 663 650 religionis
691 614 875 652 sanaeque
901 601 1093 639 doctrinae
1118 601 1330 652 puritatem,
1370 615 1483 653 quam
1510 600 1612 653 quod

82 679 163 704 eam
197 665 478 717 peregrinorum
514 665 576 703 hic
612 665 777 704 omnium
815 679 942 704 curam
969 666 1184 717 susceperis,
1217 670 1260 705 ut
1287 666 1362 705 illis
1391 666 1612 718 peculiarem

80 731 245 782 ipsorum
283 730 489 769 Ecclesiam
524 730 630 769 iuxta
666 729 874 769 doctrinam
914 735 949 769 et
986 732 1173 781 obser-(A
1208 732 1479 780 iii³)vationem
1505 734 1611 784 Apo-

82 795 253 834 stolicam
288 795 508 833 institueris.
564 794 670 833 Quid
712 795 812 833 enim
847 795 1088 834 dissidiorum
1125 796 1163 835 in
1193 796 1378 846 doctrina,
1404 797 1495 849 quid
1523 798 1612 836 item

81 859 393 911 praeiudiciorum
430 859 669 898 metuendum
706 859 766 904 sit,
802 859 867 897 ubi
907 860 947 898 in
984 864 1113 898 sancto
1150 861 1341 900 Ecclesiae
1378 866 1485 901 coetu
1518 863 1613 901 Pro·

80 924 278 975 phetarum
313 924 481 962 omnium
520 924 671 975 spiritus
708 924 903 975 Prophetis
937 924 1041 975 ipsis,
1069 938 1114 963 ex
1141 926 1256 964 verbo
1284 926 1355 965 Dei
1381 928 1610 979 prophetan-

80 988 196 1035 tibus,
243 988 430 1026 subiectos
467 1001 546 1026 esse
584 989 779 1039 oporteat?
832 988 996 1026 Rursum
1030 989 1120 1040 quid
1158 994 1214 1028 est
1258 990 1304 1029 ad
1349 991 1611 1044 inquirendam

79 1052 389 1104 retinendamque
425 1052 470 1090 de
507 1052 682 1090 omnibus
720 1052 984 1090 controversiis
1013 1053 1204 1092 veritatem
1239 1055 1484 1100 commodius,
1518 1057 1608 1108 quid

78 1117 125 1155 ad
161 1121 331 1155 mutuum
367 1117 579 1155 animorum
615 1129 838 1155 consensum
875 1117 975 1168 apud
1024 1130 1154 1157 omnes
1190 1119 1428 1158 retinendum
1467 1121 1610 1168 utilius,

80 1182 240 1233 denique
275 1181 366 1233 quid
403 1181 449 1219 ad
489 1181 612 1220 studia
648 1181 829 1228 omnium,
865 1181 912 1219 ad
946 1182 1120 1233 pietatem
1158 1195 1357 1235 rerumque
1383 1183 1607 1224 Divinarum

79 1246 333 1297 cognitionem
369 1247 608 1286 excitandam
642 1247 837 1293 efficacius,
873 1260 984 1298 quam
1024 1252 1078 1295 ut,
1114 1249 1212 1299 quod
1250 1262 1347 1288 unus
1375 1250 1472 1288 forte
1497 1255 1610 1303 atque

78 1312 172 1350 alter
206 1311 246 1350 in
282 1311 407 1349 medio
442 1311 602 1349 aliorum
629 1311 900 1363 Prophetarum
932 1311 1125 1364 ipsiusque
1161 1313 1254 1352 adeo
1283 1314 1474 1353 Ecclesiae
1502 1320 1610 1355 coetu

79 1375 248 1427 protulit,
283 1375 322 1413 id
356 1375 420 1414 alii
447 1376 616 1425 legitimo
644 1376 775 1414 ordine
804 1376 1088 1428 observatisque
1125 1376 1399 1416 Ecclesiasticis
1435 1378 1609 1418 admoni-

78 1441 224 1480 tionum
269 1441 448 1491 gradibus
483 1441 523 1479 in
560 1441 740 1479 charitate
774 1441 1021 1493 libertateque
1058 1442 1270 1481 Christiana
1320 1443 1526 1483 diiudicent
1563 1458 1608 1483 ex

79 1506 192 1545 verbo
222 1506 305 1551 Dei,
340 1510 450 1557 atque
478 1505 524 1543 ad
553 1505 753 1544 dicendum
781 1506 978 1545 inferiores
1006 1507 1118 1545 etiam
1147 1507 1292 1558 placide
1319 1512 1355 1546 et
1384 1521 1451 1546 suo
1479 1509 1610 1547 ordine

78 1570 252 1614 invitent,
292 1570 355 1608 ubi
391 1570 503 1621 primi
539 1583 583 1608 ac
611 1570 764 1609 secundi
791 1584 832 1609 ea
860 1584 954 1622 quae
982 1570 1171 1610 habebant
1198 1572 1302 1623 prius
1330 1575 1609 1624 exposuerunt?

78 1634 264 1686 Equidem
291 1635 338 1673 ad
366 1635 466 1672 hunc
494 1634 646 1672 modum
674 1639 793 1673 sectas
822 1648 950 1674 omnes
980 1640 1083 1674 vetus
1119 1636 1295 1688 repressit
1328 1636 1498 1675 Ecclesia
1524 1651 1610 1675 ora·

78 1713 148 1751 que
184 1699 486 1738 adversariorum
522 1700 690 1738 omnium
734 1700 843 1738 facile
880 1713 1024 1752 semper
1058 1714 1104 1739 ex
1151 1701 1262 1739 verbo
1299 1701 1369 1740 Dei
1405 1702 1610 1742 obturavit.

77 1765 128 1803 Et
162 1778 263 1803 nunc
298 1765 416 1815 igitur
452 1778 529 1803 non
570 1765 644 1803 alia
672 1766 818 1804 ratione
845 1765 1005 1813 facilius,
1032 1770 1109 1804 tam
1138 1772 1259 1805 sectae
1287 1780 1417 1806 omnes
1444 1768 1563 1806 arceri
1588 1782 1609 1807 a

78 1830 209 1880 Regno
246 1831 331 1876 hoc,
366 1844 526 1882 quarum
561 1831 704 1882 alioqui
731 1831 932 1869 maximam
961 1835 1103 1883 partem
1131 1845 1284 1883 peregre
1311 1833 1386 1871 huc
1421 1834 1608 1872 confluere

80 1898 219 1933 certum
247 1899 315 1941 est,
341 1908 453 1946 quam
487 1907 552 1932 ora
587 1894 699 1933 etiam
735 1896 789 1944 (A
814 1893 893 1942 iiib>
931 1896 1100 1934 omnium
1134 1896 1432 1936 adversariorum
1461 1898 1609 1936 obstrui

77 1964 268 2011 poterunt,
294 1973 406 2011 quam
436 1960 466 1998 si
494 1965 624 1998 nostra
651 1959 755 2007 haec,
781 1960 853 1998 hoc
880 1965 947 2007 est,
975 1960 1276 2010 Peregrinorum,
1303 1975 1367 2013 per
1400 1967 1438 2001 te
1464 1963 1608 2014 pridem

76 2024 248 2062 instituta
284 2023 453 2062 Ecclesia
490 2025 678 2074 legitimos
706 2038 793 2063 suos
819 2039 1040 2076 progressus
1068 2026 1216 2072 habeat,
1251 2029 1400 2079 tuisque
1432 2029 1610 2080 auspiciis

77 2088 181 2126 iuxta
219 2088 428 2126 doctrinam
465 2093 500 2127 et
536 2090 835 2128 observationem
864 2090 1122 2141 Apostolicam
1149 2104 1214 2142 per
1241 2096 1412 2130 nostrum
1439 2093 1610 2131 ministe-

78 2152 174 2190 rium
201 2152 445 2203 gubernetur.
474 2153 579 2191 Quid
607 2154 705 2192 enim
735 2160 856 2192 sectae
883 2154 1037 2201 saciant,
1065 2155 1129 2193 ubi
1157 2156 1427 2207 Prophetarum
1454 2158 1608 2208 spiritus

78 2218 162 2256 aliis
190 2217 317 2256 eadem
344 2217 386 2255 in
414 2218 582 2256 Ecclesia
611 2219 808 2270 Prophetis
837 2219 994 2257 subiecti
1022 2221 1137 2258 sunt?
1166 2222 1243 2259 Aut
1270 2221 1359 2272 quid
1376 2221 1503 2260 dicant
1519 2223 1607 2261 item

78 2281 282 2319 adversarii
320 2294 462 2328 omnes,
498 2282 529 2319 si
564 2283 685 2333 palam
722 2284 786 2321 fiat
814 2283 1004 2329 omnibus,
1031 2284 1219 2323 neminem
1246 2286 1402 2324 omnino
1430 2300 1475 2325 ex
1503 2301 1607 2339 pere-

81 2346 201 2396 grinis
240 2346 415 2385 omnibus
453 2346 492 2384 in
521 2351 688 2385 nostram
714 2347 830 2399 recipi
858 2347 1078 2395 Ecclesiam,
1105 2349 1169 2400 qui
1197 2350 1413 2389 Catholicae
1441 2357 1476 2390 et
1504 2355 1609 2404 Apo-

80 2411 234 2450 stolicae
280 2411 325 2449 de
359 2411 510 2449 Christo
547 2410 712 2450 Domino
750 2412 979 2450 confessioni
1013 2413 1163 2464 publice
1198 2413 1236 2451 in
1274 2419 1382 2453 coetu
1420 2415 1610 2455 Ecclesiae

81 2475 316 2514 subscribere
344 2475 562 2521 detrectent,
590 2476 829 2523 confessioni,
856 2476 1024 2528 inquam,
1049 2477 1120 2524 illi,
1148 2478 1207 2516 cui
1235 2479 1306 2516 soli
1334 2479 1507 2519 Christus
1528 2480 1608 2519 Do·

80 2540 204 2578 minus
231 2540 441 2578 Ecclesiam
470 2553 573 2578 suam
602 2544 720 2578 totam
747 2541 1075 2592 superstruendam
1103 2554 1183 2580 esse
1209 2544 1395 2581 testatur?

133 2605 209 2643 Hic
245 2618 332 2643 vero
359 2619 428 2643 nos
464 2605 589 2649 etiam,
616 2605 751 2656 quibus
777 2606 1045 2656 gubernandae
1074 2606 1183 2645 huius
1211 2606 1401 2646 Ecclesiae
1429 2622 1517 2648 cura
1544 2623 1609 2661 per

81 2674 183 2708 tuam
214 2669 446 2708 Maiestatem
477 2669 690 2707 concredita
718 2674 785 2717 est,
814 2670 987 2708 dabimus
1015 2683 1164 2722 operam
1191 2684 1256 2723 per
1283 2671 1353 2710 Dei
1371 2674 1544 2723 gratiam,
1562 2689 1608 2713 ne

82 2739 213 2772 nostro
248 2734 369 2771 officio
398 2734 524 2772 deesse
552 2734 816 2784 quoquomodo
846 2735 1051 2780 videamur,
1077 2740 1126 2780 et,
1155 2740 1194 2773 ut
1223 2737 1342 2774 nostri
1370 2737 1442 2775 iam
1472 2737 1541 2776 hac
1568 2739 1608 2777 in

82 2803 186 2850 parte
214 2798 330 2835 studii
350 2798 534 2850 specimen
554 2798 707 2849 aliquod
727 2802 813 2837 tuae
836 2798 1026 2837 Maiestati
1044 2799 1191 2851 piisque
1209 2800 1385 2839 omnibus
1406 2801 1610 2849 ederemus,

84 2862 357 2914 Compendium
395 2861 598 2902 Doctrinae
633 2866 812 2921 nostrae„
830 2877 902 2914 qua
930 2864 1116 2902 confessio
1146 2865 1363 2916 Apostolica
1393 2867 1613 2918 explicatur,

133 2925 190 2967 II.
1414 2933 1460 2970 19
