1830 3147
174 87 237 133 [A.
261 86 306 121 D.
334 85 443 131 1559]
902 79 972 117 ¹764

171 196 261 232 inter
292 205 356 230 nos
389 192 534 229 invicem
565 191 754 227 amicorum
778 201 902 237 genera
925 189 1124 230 constituit,
1150 189 1298 224 alterum
1321 187 1412 235 quod
1437 199 1508 223 non
1532 190 1602 223 tam
1628 198 1691 222 nos

170 256 262 302 ipsos
292 265 394 301 quam
429 255 547 288 nostra
571 251 685 298 potius
710 253 814 291 amat,
838 249 986 285 alterum
1011 248 1103 297 quod
1128 261 1196 284 non
1222 248 1378 296 equidem
1403 251 1521 284 nostra
1545 247 1606 283 sed
1631 259 1694 283 nos

170 316 263 363 ipsos
297 313 468 355 observat,
504 315 609 360 atque
642 311 788 347 alterum
814 311 879 346 hoc
903 310 1090 346 amicorum
1112 321 1221 356 genus
1247 309 1289 345 ab
1314 308 1422 345 altero
1447 309 1496 344 ita
1519 308 1692 351 discernit,

172 380 212 413 ut
237 389 257 412 a
282 376 393 423 priore
416 374 477 411 illo
502 375 661 409 maiorem
695 384 812 408 eorum
838 383 925 420 quae
952 375 1068 407 nostra
1092 374 1174 407 sunt
1197 383 1300 418 quam
1325 372 1435 406 nostri
1460 371 1623 418 ipsorum,
1648 371 1692 407 ab

171 437 282 474 altero
316 447 398 471 vero
429 435 589 471 maiorem
624 433 733 469 multo
757 433 869 468 nostri
892 433 1044 479 ipsorum
1069 444 1173 479 quam
1199 443 1317 467 eorum
1341 444 1427 479 quae
1453 434 1572 467 nostra
1597 434 1692 474 sunt,

172 509 286 534 curam
314 495 428 531 haberi
461 496 564 531 dicat.
614 493 786 530 Nimirum
811 493 871 540 qui
896 495 1016 528 nostra
1040 496 1167 534 amant,
1192 504 1261 528 non
1285 491 1444 539 equidem
1470 495 1608 539 propter
1631 504 1695 527 nos

173 559 243 602 illa,
280 558 340 594 sed
374 560 513 605 propter
549 556 680 602 seipsos
717 557 847 596 amant,
884 557 924 589 ut
947 553 1017 590 illis
1043 554 1110 589 frui
1146 555 1295 601 possint;
1329 554 1388 601 qui
1413 566 1492 589 vero
1518 553 1698 600 nosipsos

172 623 304 661 amant,
347 631 418 655 non
455 622 526 653 tam
562 616 692 664 alioqui
729 628 792 651 nos
828 618 969 663 propter
1004 627 1040 650 se
1077 627 1179 661 quam
1211 619 1349 662 propter
1379 627 1441 650 nos
1466 616 1558 662 ipsos
1584 615 1699 662 potius

172 685 302 723 amant,
335 680 416 728 quia
452 678 552 715 nobis
578 677 801 712 benevolunt.
849 675 936 712 Inde
962 688 1042 711 vero
1066 676 1138 711 fieri
1163 675 1280 717 etiam,
1307 678 1345 711 ut
1368 675 1472 711 rebus
1496 675 1623 710 nostris
1648 686 1698 710 se-

173 740 296 778 cundis
329 739 388 775 alii
420 737 520 774 nobis
552 737 596 772 de
620 736 787 772 honorum
813 748 852 771 ac
879 738 1095 771 fortunarum
1121 736 1316 772 accessione
1340 735 1511 772 duntaxat
1535 736 1607 771 sine
1631 735 1702 771 ulla

176 802 287 838 nostri
322 812 404 837 cura
436 798 668 847 gratulantur,
708 797 769 833 alii
803 809 883 833 vero
918 801 991 833 tum
1027 797 1162 833 demum
1200 798 1348 832 maxime
1381 797 1450 832 sint
1488 797 1615 833 soliciti
1640 809 1701 844 pro

175 862 287 904 nobis,
319 861 443 897 necubi
474 861 639 895 honorum
673 871 713 895 ac
750 859 908 894 fortunae
945 861 1083 894 nostrae
1115 859 1312 894 accessione
1343 861 1538 894 transverse
1562 869 1706 904 agamur

177 927 318 972 propter
361 926 503 958 naturae
544 924 682 956 nostrae
723 920 965 967 corruptelam,
1001 919 1085 955 dum
1118 931 1181 956 nos
1214 922 1250 954 et
1282 919 1468 955 honoribus
1495 922 1530 955 et
1554 920 1703 955 fortunis

179 985 326 1021 maxime
359 983 478 1031 augeri
510 982 640 1018 vident.
690 982 748 1018 Ita
773 981 878 1028 igitur
900 985 935 1017 et
959 981 1119 1017 Socrates
1145 986 1219 1016 tum
1245 981 1382 1016 demum
1408 993 1444 1016 se
1472 981 1617 1016 maxime
1643 993 1704 1027 pro

180 1059 243 1083 suo
267 1045 448 1081 Alcibiade
474 1043 646 1079 solicitum
671 1043 777 1078 fuisse
803 1042 862 1084 ait,
888 1053 964 1077 cum
991 1042 1033 1077 ad
1059 1042 1291 1089 principatum
1316 1041 1581 1077 Atheniensium
1607 1052 1705 1077 voca-

178 1111 285 1148 retur,
317 1105 408 1153 quod
444 1115 613 1151 nusquam
650 1104 728 1150 plus
762 1106 853 1138 esset
878 1103 1031 1149 periculi,
1058 1114 1161 1149 quam
1187 1103 1221 1138 in
1246 1102 1458 1150 praestandis
1484 1102 1602 1138 officiis
1625 1102 1708 1138 iusti

180 1168 423 1215 Magistratus.
472 1165 531 1201 Ita
568 1168 603 1200 et
641 1177 705 1211 ego
739 1167 819 1210 post
856 1163 1011 1211 ingentia
1038 1164 1144 1211 patris
1169 1164 1232 1205 tui,
1257 1164 1492 1199 sanctissimae
1518 1164 1710 1206 memoriae,

181 1229 305 1266 collata
342 1228 378 1263 in
402 1239 455 1262 me
481 1226 648 1261 beneficia
674 1226 785 1261 facere
810 1237 879 1259 non
906 1236 1055 1271 possum,
1079 1225 1161 1272 quin
1185 1224 1250 1260 sim
1273 1223 1372 1271 plane
1397 1224 1564 1267 solicitus,
1588 1236 1632 1260 ne
1657 1225 1706 1260 in-

181 1289 428 1327 staurationem
454 1287 628 1334 religionis
654 1286 756 1322 isthic
783 1286 950 1320 humanae
976 1285 1178 1331 prudentiae
1204 1285 1356 1321 consiliis
1381 1287 1453 1320 sive
1478 1283 1619 1331 privatis
1635 1286 1707 1321 sive

184 1350 330 1399 publicis
355 1349 411 1384 vel
435 1349 509 1395 ipsa
534 1346 697 1382 subiicias
723 1346 777 1381 vel
801 1345 926 1382 subiici
950 1346 1103 1393 patiaris.
1144 1345 1192 1382 Et
1216 1346 1408 1381 memineris
1432 1345 1475 1380 ad
1500 1346 1615 1393 Reges
1639 1346 1711 1383 dic-

184 1419 258 1450 tum
283 1424 367 1448 esse.
417 1424 435 1442 u
446 1410 520 1446 Iam
555 1421 636 1455 ergo
669 1408 779 1455 sapite
812 1421 843 1451 o,
870 1408 1027 1455 Reges!”
1078 1408 1124 1444 Et
1150 1408 1342 1444 memineris
1369 1409 1534 1443 rationem
1561 1409 1634 1444 eius
1658 1420 1709 1444 sa-

185 1473 346 1522 pientiae,
369 1484 470 1520 quam
494 1471 591 1506 Deus
616 1482 637 1505 a
661 1470 864 1516 magistratu
890 1469 924 1505 in
950 1481 1014 1504 sua
1039 1469 1196 1505 Ecclesia
1222 1469 1377 1516 requirit,
1401 1481 1471 1504 non
1495 1468 1652 1516 equidem
1670 1474 1712 1505 ut

188 1533 453 1571 deliberationes
479 1531 664 1567 instituant
691 1531 733 1566 de
758 1529 945 1566 osculando
970 1529 1042 1565 filio
1067 1529 1144 1570 Dei,
1169 1530 1280 1565 multo
1306 1530 1418 1565 minus
1445 1533 1485 1565 ut
1508 1529 1711 1573 deliberent,

185 1597 355 1641 quatenus
388 1590 536 1627 osculari
570 1589 718 1625 debeant
751 1589 859 1624 filium
895 1589 961 1625 Dei
985 1589 1021 1625 in
1044 1589 1196 1624 adventu
1221 1589 1339 1635 ipsius,
1363 1589 1424 1625 sed
1449 1589 1649 1636 simpliciter
1673 1592 1715 1625 ut

187 1653 344 1690 demissis
377 1653 412 1688 in
444 1655 569 1687 terram
604 1650 772 1697 capitibus
805 1650 902 1686 illum
928 1650 1138 1692 osculentur,
1163 1650 1226 1685 hoc
1252 1653 1315 1693 est,
1343 1654 1380 1686 ut
1401 1650 1497 1686 illum
1522 1654 1715 1698 agnoscant

188 1726 260 1752 esse
296 1713 447 1760 ipsorum
485 1710 619 1758 Regem
653 1722 693 1747 ac
731 1711 930 1746 Dominum.
983 1709 1155 1746 iubentur
1191 1714 1307 1746 autem
1344 1711 1491 1747 osculari
1515 1712 1622 1747 filium
1647 1711 1715 1748 Dei

189 1777 319 1824 Reges,
356 1776 400 1808 ut
432 1773 685 1819 amplectantur
715 1771 940 1818 disciplinam,
965 1782 1033 1806 non
1057 1775 1174 1807 autem
1199 1772 1242 1807 de
1267 1770 1507 1818 amplectanda
1533 1771 1714 1819 disciplina

189 1836 452 1874 deliberationes
476 1833 674 1869 instituant.

235 1897 356 1936 Quare
378 1894 664 1943 quemadmodum
691 1905 769 1929 vere
795 1896 831 1928 et
857 1905 900 1929 ex
925 1893 1038 1929 auimo
1062 1893 1214 1929 Domino
1240 1893 1316 1929 Deo
1340 1894 1468 1941 gratias
1493 1906 1558 1941 ago
1573 1897 1608 1930 et
1619 1894 1715 1930 Tuae

192 1957 373 1995 Maiestati
407 1955 540 2002 totique
574 1955 653 1990 istic
685 1954 930 1990 florentissimo
964 1954 1090 2001 Regno
1123 1958 1159 1990 et
1193 1954 1351 1990 omnibus
1387 1954 1517 1991 Christi
1553 1955 1717 1992 Ecclesiis

191 2019 233 2055 de
267 2016 484 2066 praecellenti
509 2016 572 2052 hac
599 2016 784 2051 vocatione
810 2019 870 2050 tua
895 2015 1064 2061 gratulor,
1093 2016 1141 2050 ita
1166 2016 1276 2051 facere
1303 2028 1370 2051 non
1395 2016 1504 2062 potui,
1528 2016 1612 2062 quin
1635 2015 1715 2051 huic

192 2079 416 2128 gratulationi
451 2077 721 2114 admonitionem
759 2076 948 2112 officiorum
983 2076 1079 2111 Tuae
1104 2076 1301 2112 Maiestatis
1327 2076 1559 2124 adiungerem.
1608 2077 1716 2113 Mitto

192 2142 299 2189 igitur
332 2141 470 2176 fratrem
497 2138 586 2174 hunc
612 2138 647 2173 in
673 2137 833 2177 Domino,
861 2137 970 2172 virum
995 2137 1157 2178 nobilem,
1185 2137 1371 2173 Dominum
1397 2138 1558 2173 Ioannem
1586 2137 1719 2173 Uthen-

194 2201 332 2238 hovium
365 2199 409 2234 ad
445 2199 554 2234 Tuam
581 2198 814 2239 Maiestatem,
840 2201 879 2232 ut
905 2200 1027 2232 nostro
1053 2198 1189 2232 nomine
1215 2197 1256 2233 de
1283 2198 1424 2233 sublimi
1449 2198 1511 2233 hac
1538 2199 1718 2234 vocatione

195 2265 256 2298 tua
287 2260 489 2307 suppliciter
524 2266 559 2294 te
595 2257 800 2305 gratuletur.
848 2257 905 2293 lta
930 2270 1011 2293 vero
1038 2270 1090 2293 me
1116 2258 1286 2294 Dominus
1313 2258 1430 2294 morbo
1456 2259 1538 2294 milii
1564 2260 1717 2294 immisso

193 2334 350 2358 exercere
384 2320 556 2367 dignatur,
593 2323 632 2353 ut
664 2319 736 2365 ipse
773 2331 877 2354 manu
918 2330 992 2353 mea
1016 2319 1074 2354 has
1101 2318 1216 2354 literas
1240 2318 1417 2354 absolvere
1443 2331 1511 2354 non
1536 2319 1719 2366 potuerim,

195 2382 254 2419 sed
280 2385 421 2419 coactus
446 2381 507 2416 sim
533 2379 675 2415 alterius
703 2391 805 2414 manu
831 2390 887 2413 eas
912 2378 1101 2414 absolvere.
1127 2378 1215 2413 Dedi
1239 2382 1356 2414 autem
1376 2380 1410 2414 in
1427 2378 1596 2415 mandatis
1611 2378 1719 2414 eidem

195 2444 259 2491 ipsi
293 2442 441 2478 Domino
474 2440 708 2482 Uthenhovio,
745 2444 784 2475 ut
818 2452 877 2487 per
910 2439 1059 2476 medium
1094 2439 1249 2475 Illustris
1274 2452 1313 2476 ac
1339 2440 1552 2476 Pientissiini
1583 2440 1722 2476 Domini

196 2504 341 2540 Comitis
367 2502 612 2543 Bethffordiae,
638 2501 813 2536 Praesidis
838 2501 970 2537 consilii
996 2500 1194 2536 Maiestatis
1220 2501 1325 2544 Tuae,
1349 2501 1532 2548 petitiones
1556 2500 1720 2549 quasdam

199 2578 290 2601 meas
323 2565 417 2599 Tuae
450 2563 629 2599 Maiestati
656 2565 822 2608 exponat,
848 2562 890 2597 ad
916 2574 1000 2609 quas
1027 2563 1211 2608 petitiones
1246 2574 1336 2597 meas
1370 2562 1567 2609 suppliciter
1591 2574 1661 2602 oro,
1684 2565 1722 2597 ut

199 2625 349 2662 clemens
382 2628 418 2659 et
454 2623 639 2669 benignum
679 2635 879 2669 responsum
904 2622 1059 2658 obtinere
1087 2623 1225 2669 possim,
1273 2622 1309 2658 Si
1333 2622 1498 2658 valetudo
1525 2635 1595 2657 mea
1620 2634 1721 2669 passa

199 2686 334 2728 fuisset,
367 2683 521 2731 pluribus
554 2684 596 2719 ad
622 2683 732 2718 Tuam
759 2684 983 2719 Matestatem
1010 2684 1158 2718 scribere
1184 2695 1252 2718 non
1279 2683 1445 2718 defuisset
1468 2686 1720 2729 argumentum.

200 2745 304 2782 Nunc
335 2756 394 2780 oro
428 2748 467 2779 ut
502 2744 566 2780 hoc
601 2756 695 2779 meae
732 2744 767 2779 in
798 2744 909 2779 Tuam
945 2744 1165 2779 Maiestatem
1201 2731 1438 2780 observantiae
1470 2743 1618 2779 officium
1643 2742 1724 2779 boni

202 2803 382 2841 consulere
407 2815 467 2850 pro
493 2815 556 2839 sua
581 2805 708 2850 pietate
734 2807 770 2839 et
794 2804 978 2840 clementia
1003 2803 1178 2850 dignetur.

248 2865 354 2905 Quod
379 2868 536 2913 superest
559 2865 744 2914 depraecor
768 2877 787 2901 a
812 2865 888 2902 Deo
913 2865 1053 2913 Optimo
1078 2866 1232 2903 Maximo
1256 2865 1349 2901 Tuae
1375 2863 1551 2901 Maiestati
1574 2876 1614 2900 ea
1638 2876 1725 2912 quae
