1830 3147
34 1009 124 1041 Ioan.
146 1007 177 1040 4.

35 1053 128 1083 Rom.
152 1050 202 1081 16.

35 1093 139 1126 Exod.
162 1092 212 1122 15.

35 1135 137 1167 Exod.
161 1134 212 1166 33.

39 1179 137 1209 Gene.
161 1176 211 1209 17.

36 1220 146 1251 Hiere.
170 1219 220 1251 32.

37 1263 110 1293 Esa.
134 1262 186 1294 42.

39 1304 94 1335 Hi.
118 1304 169 1335 16.

39 1346 113 1378 Esa.
136 1346 187 1378 33.

40 1389 113 1420 Esa.
137 1388 188 1420 42.

45 1782 133 1814 Gala.
157 1782 187 1812 3.

44 1825 144 1867 Ephe.
167 1825 197 1857 4,

48 2110 119 2141 Esa.
143 2109 194 2141 42.
217 2108 267 2140 48.

318 101 389 136 316
825 107 937 136 coNF.
968 108 1073 135 Ecch.
1102 107 1219 135 nouo.

317 213 482 259 videant,
514 216 550 251 et
585 213 650 264 qui
687 212 815 251 vident
852 213 951 250 caeci
987 213 1094 252 fiant.
1148 213 1276 252 Quare
1311 226 1375 265 per
1413 212 1513 251 hunc
1556 216 1727 252 nostrum

319 278 523 316 Dominum
550 278 676 316 Iesum
706 277 910 323 Christum,
938 277 1076 315 Filium
1106 277 1176 316 Dei
1202 278 1291 323 vivi,
1317 278 1525 316 illuminari
1553 279 1727 317 volumus

318 344 358 381 in
386 356 472 381 vera
499 355 542 380 ac
570 342 725 380 salutari
753 342 822 380 Dei
850 342 1078 391 cognitione,
1107 342 1202 380 nihil
1230 343 1386 381 omnino
1407 343 1452 381 de
1471 343 1551 381 Deo
1572 343 1727 395 eiusque

319 408 505 457 mysteriis
534 411 639 445 extra
665 407 868 446 Doctrinae
906 407 1047 445 Christi
1075 409 1355 454 revelationem,
1382 408 1613 460 Apostolicis
1641 408 1727 446 lite-

319 472 369 510 ris
397 471 509 510 nobis
537 472 726 519 traditam,
754 471 920 521 cogitare
948 471 1042 510 50110
1069 477 1181 524 atque
1206 472 1395 524 inquirere
1423 472 1614 511 debemus.

374 992 490 1029 Porro
529 990 702 1029 Christus
739 990 861 1035 docet,
900 989 1022 1027 Deum
1060 989 1240 1040 Spiritum
1277 1003 1369 1034 esse,
1407 989 1589 1041 Spiritum
1616 989 1732 1040 igitur

323 1070 403 1095 esse
448 1056 646 1094 credimus.
700 1055 859 1093 Addunt
902 1054 1013 1092 nobis
1061 1058 1190 1105 postea
1239 1054 1451 1105 Scripturae
1487 1055 1732 1106 proprietates

323 1121 406 1166 Dei,
452 1121 589 1172 quibus
634 1120 748 1158 etiam
794 1119 977 1157 credimus
1012 1123 1166 1170 propter
1202 1119 1405 1166 Christum,
1443 1133 1576 1170 nempe
1611 1119 1731 1157 Deum

324 1200 404 1224 esse
453 1189 654 1231 aeternum,
705 1184 1012 1235 omnipotentem,
1067 1183 1327 1229 omnibonum,
1372 1184 1734 1231 omnisufficientem‚

324 1251 560 1297 omniscium,
599 1253 814 1294 creatorem,
852 1251 1140 1286 sustentatorem
1168 1252 1204 1286 et
1232 1248 1523 1298 gubernatorem
1553 1250 1735 1294 omnium,

325 1329 420 1367 quae
456 1319 543 1353 sunt
571 1314 609 1352 111
639 1313 742 1351 00010
771 1317 806 1351 et
833 1313 873 1350 in
900 1316 1010 1350 terra.
1041 1312 1247 1349 Dominum
1273 1315 1474 1363 praeterea,
1500 1311 1663 1350 iudicem
1691 1326 1734 1350 ac

326 1385 564 1425 servatorem,
599 1378 766 1416 omnium
804 1378 1034 1427 Angelorum
1075 1378 1213 1428 pariter
1248 1381 1361 1427 atque
1397 1377 1605 1423 hominum,
1641 1391 1734 1428 quos

326 1446 374 1484 ad
402 1444 566 1483 nominis
596 1444 653 1482 sui
682 1443 802 1482 sancti
829 1443 992 1493 gloriam
1021 1442 1173 1486 creavit,
1202 1445 1397 1488 sustentat,
1422 1441 1566 1480 iudicat
1593 1446 1629 1481 et
1657 1456 1735 1481 ser-

328 1514 401 1550 vat.

379 1574 495 1612 Hunc
529 1587 614 1612 vero
643 1573 764 1611 Deum
805 1585 924 1610 unum
952 1571 1136 1609 duntaxat
1163 1571 1268 1609 iuxta
1297 1570 1474 1609 Divinam
1503 1585 1608 1610 suam
1636 1572 1736 1610 exis-

327 1640 485 1678 tentiam
520 1652 611 1683 esse,
647 1652 668 1676 a
708 1637 859 1675 Christo
902 1636 1067 1674 Domino
1096 1649 1161 1688 per
1188 1636 1393 1687 Apostolos
1422 1649 1509 1674 51105
1538 1637 1737 1686 doce-(21)

328 1718 424 1750 mur,
460 1708 495 1742 et
530 1703 681 1741 interim
717 1703 756 1740 in
794 1715 835 1740 ea
864 1701 1023 1740 Divinae
1050 1701 1270 1739 existentiae
1297 1701 1457 1739 monade
1484 1702 1737 1752 pluralitatem

329 1782 479 1821 quoque
517 1768 695 1806 constitui
731 1767 914 1805 videmus.
968 1765 1165 1803 Unitatem
1202 1764 1381 1803 Divinam
1411 1767 1606 1815 profitetur
1633 1768 1738 1817 Apo-

330 1836 462 1881 stolus,
499 1834 587 1871 dum
624 1832 778 1871 nonnisi
816 1845 931 1869 unum
967 1831 1089 1868 Deum
1126 1843 1206 1868 esse
1243 1830 1362 1868 docet.
1401 1830 1504 1881 quod
1538 1834 1572 1868 et
1609 1844 1739 1869 omncs

330 1899 472 1950 alioqui
508 1898 716 1949 Prophetae
753 1900 908 1947 totaque
944 1896 1035 1933 adeo
1074 1895 1259 1946 scriptura
1295 1895 1524 1933 unanimiter
1565 1899 1738 1934 testatur.

329 1965 588 2003 Pluralitatem
626 1975 712 2000 vero
749 1961 788 1999 in
827 1962 897 1998 hac
933 1973 1008 1998 una
1037 1959 1202 1997 Monada
1231 1959 1481 2004 constituunt,
1510 1959 1609 2006 dum,
1638 1961 1739 2011 quod

330 2029 397 2068 uni
423 2029 481 2066 illi
508 2028 653 2078 solique
680 2026 761 2064 Deo
787 2025 981 2077 proprium
1010 2037 1090 2062 0550
1118 2023 1286 2069 tradunt,
1312 2023 1359 2060 ad
1388 2024 1511 2074 plures
1537 2037 1627 2062 mox
1654 2037 1738 2075 per-

331 2095 450 2133 tinere
495 2093 642 2137 docent,
688 2105 772 2128 cum
810 2096 935 2128 tamen
973 2102 1088 2126 unum
1124 2088 1231 2126 illum
1268 2088 1389 2126 Deum
1428 2101 1532 2125 suam
1568 2089 1740 2137 gloriam,

333 2161 406 2198 sibi
443 2158 615 2197 videlicet
652 2157 723 2195 soli
751 2155 953 2207 propriam,
981 2154 1123 2192 nemini
1150 2159 1254 2191 extra
1284 2166 1322 2191 se
1348 2154 1455 2191 alteri
1483 2153 1569 2191 dare
1596 2156 1737 2192 testen-

332 2230 404 2263 tur.
434 2223 516 2261 Etsi
553 2222 651 2260 enim
686 2233 785 2258 unus
815 2219 863 2257 sit
893 2219 1077 2256 duntaxat
1104 2219 1210 2256 iuxta
1240 2231 1344 2255 suam
1374 2217 1550 2255 Divinam
1579 2218 1741 2256 existen-

333 2289 425 2327 tiam
453 2288 568 2334 Deus,
594 2291 732 2330 tamen,
760 2298 845 2322 cum
871 2284 935 2321 ille
962 2283 1104 2321 nemini
1130 2287 1235 2321 extra
1263 2295 1301 2320 se
1326 2296 1430 2320 suam
1450 2283 1567 2333 ipsius
1583 2283 1740 2331 gloria-m

333 2355 488 2398 tribuat,
515 2357 551 2390 et
577 2350 825 2389 nihilominus
853 2348 900 2387 ad
926 2349 1051 2400 plures
1079 2361 1159 2385 eam
1193 2361 1238 2385 ex
1266 2358 1385 2398 aequo
1412 2347 1596 2398 pertinere
1624 2347 1742 2398 scrip-

335 2424 440 2457 turae
466 2416 695 2460 testimonie,
723 2415 912 2458 docemur,
938 2434 989 2441 -—
1018 2425 1106 2450 sane
1142 2412 1345 2462 scripturae
1373 2411 1573 2448 autoritate
1601 2411 1640 2448 in
1669 2424 1741 2448 una

335 2490 446 2535 atque
481 2481 607 2520 eadem
645 2479 866 2517 Divinitatis
902 2477 1099 2515 existentia
1134 2476 1386 2527 pluralitatem
1424 2475 1534 2512 nobis
1564 2475 1743 2513 constitui

337 2548 518 2591 videmus,
554 2557 647 2596 quae
681 2556 829 2581 omnem
866 2541 1018 2593 quidem
1045 2541 1188 2590 ingenii
1216 2540 1337 2579 nostri
1366 2544 1513 2590 captum
1542 2539 1653 2588 longe
1681 2553 1742 2577 su-

337 2615 452 2662 peret,
487 2609 550 2648 sed
588 2621 672 2646 vera
710 2607 757 2644 sit
792 2611 928 2651 tamen,
965 2609 1207 2656 posteaquam
1235 2604 1286 2641 ita
1315 2603 1475 2640 illustria
1505 2602 1549 2639 de
1576 2603 1640 2640 illa
1668 2608 1744 2641 tes·

338 2674 495 2713 timonia
522 2674 560 2711 in
591 2670 785 2723 scripturis
813 2669 1008 2706 habemus.
1348 2720 1359 2731 ,

390 2739 484 2776 Eam
521 2742 643 2775 autem
676 2734 927 2786 pluralitatem
962 2733 1002 2770 in
1031 2733 1190 2770 monade
1224 2731 1362 2769 Divina
1401 2730 1606 2768 clarissime
1633 2731 1744 2768 nobis

341 2803 502 2855 explicat
548 2801 718 2838 Christus
764 2797 961 2843 Dominus,
1003 2796 1068 2847 qui
1103 2797 1208 2833 illam
1245 2795 1345 2833 solus
1385 2794 1524 2844 alioqui
1561 2794 1600 2832 111
1638 2795 1745 2831 terris

344 2868 461 2913 novit,
488 2866 655 2915 adeoque
681 2867 717 2902 et
744 2876 829 2914 pars
857 2861 958 2899 illius
987 2865 1053 2907 cst,
1081 2860 1169 2897 dum
1198 2872 1267 2897 nos
1295 2859 1334 2896 in
1363 2871 1499 2896 nomen
1528 2857 1598 2896 Dei
1612 2857 1746 2903 Patris,
