1830 3147
205 103 269 150 [A.
294 103 344 139 1).
368 104 479 150 1551]
932 104 1000 139 660

201 224 268 258 que
292 211 376 247 nihil
408 223 519 257 neque
552 210 632 247 addi
657 223 767 259 neque
791 211 895 247 adimi
922 214 1038 258 potest
1066 212 1255 259 praeceptis
1283 212 1434 256 traditis,
1462 213 1507 250 ibi
1532 227 1615 251 sane
1640 229 1737 264 prae-

199 275 378 319 ceptorum
414 274 499 307 fines
532 272 774 307 transcendere
808 272 906 308 nullo
942 274 1042 308 mode
1078 273 1170 312 licet.
1205 278 1243 309 ut
1277 274 1409 322 aliquid
1444 276 1501 311 vel
1534 283 1656 313 contra
1680 279 1734 314 vel

197 337 296 370 extra
319 333 397 368 illos
422 333 562 368 omnino
587 333 761 370 faciamus.
810 334 843 369 2.
880 332 925 369 In
951 334 1048 369 cultu
1075 334 1226 380 publico,
1250 334 1293 370 ab
1319 335 1394 382 ipso
1421 335 1498 372 Deo
1523 337 1559 373 in
1584 350 1646 373 sua
1669 339 1735 374 Ec-

196 395 301 431 clesia
334 394 508 436 instituto,
540 406 650 441 neque
683 395 763 430 addi
789 406 901 442 neque
926 394 1029 430 adimi
1054 396 1245 442 quidquam
1273 399 1388 442 potest
1413 399 1606 445 praeceptis
1632 399 1737 435 tradi-

197 458 242 490 tis
269 457 366 491 iuxta
393 456 454 491 hoc
481 456 592 491 Mosis
617 456 863 491 testimonium.
891 458 923 491 3.
952 456 1042 502 Ergo
1067 457 1102 491 in
1128 456 1226 491 cultu
1252 455 1403 503 publico,
1428 457 1472 493 ab
1496 459 1571 506 ipso
1596 459 1674 495 Deo
1699 461 1733 496 in

196 527 260 550 sua
297 515 455 551 Ecclesia
488 515 662 556 instituto,
694 516 780 550 fines
818 520 1078 562 praeceptorum
1114 515 1358 552 transcendere
1391 516 1490 553 nullo
1516 518 1618 554 modo
1643 519 1737 561 licet,

198 580 239 609 ut
264 574 393 622 aliquid
419 574 473 610 vel
497 578 619 610 contra
644 574 698 611 vel
724 579 821 610 extra
845 575 923 611 illos
948 576 1089 611 omnino
1114 576 1290 612 faciamus.
1306 597 1342 603 —
1373 577 1438 614 Est
1453 581 1570 614 autem
1586 582 1735 620 certum,

196 636 332 672 Mosem
359 638 436 671 toto
456 648 497 671 eo
522 635 635 682 capite
659 635 702 671 de
729 636 846 671 cultus
874 635 992 671 Divini
1005 636 1248 672 observatione
1263 637 1480 683 potissimum
1495 650 1608 686 agere,
1631 651 1730 687 quem

194 697 291 733 Deus
311 701 383 732 tum
410 696 522 732 voluit
547 697 581 732 in
607 709 667 732 sua
692 697 848 733 Ecclesia
872 696 1061 733 observari.

243 770 270 794 e.
317 758 471 793 Tertium
505 760 747 803 argumentum
780 757 907 804 colligo
942 770 982 793 ex
1016 757 1136 793 eodem
1171 758 1285 794 Mosis
1318 758 1378 794 lib.
1404 771 1480 806 cap.
1506 760 1652 797 XVIII.
1678 761 1731 797 Ibi

192 819 286 866 loqui
307 818 448 866 aliquid,
473 819 515 854 de
539 830 607 865 quo
632 819 805 854 Dominus
832 831 902 854 non
927 810 1169 866 praecepisset,
1198 819 1234 855 in
1252 823 1350 866 parte
1363 821 1553 867 impietatis
1573 824 1728 868 ponitur,

191 885 227 915 et
261 880 437 926 Propheta
470 879 530 926 qui
562 879 596 914 id
631 879 738 914 faciat
773 883 886 915 morte
924 880 1122 916 damnatur.
1177 894 1194 911 11
1207 880 1419 927 Propheta’',
1450 882 1563 929 inquit
1598 884 1728 924 Moses.

194 942 278 988 uqui
309 940 411 986 impie
436 940 556 986 egerit,
580 944 618 974 ut
638 939 799 987 loquatur
823 940 865 975 de
890 953 958 988 quo
981 953 1048 976 non
1075 942 1252 987 praecepit
1279 941 1451 977 Dominus
1478 947 1557 984 etc„
1588 965 1631 971 --
1659 957 1727 979 mo-

190 1002 299 1037 riatur
332 1000 505 1046 Propheta
540 1001 656 1036 talis”.
705 1000 792 1036 Inde
827 1013 929 1047 porro
966 1002 1017 1037 sic
1052 1006 1291 1047 argumentor:
1331 1004 1363 1039 l.
1405 1002 1588 1051 Quidquid
1623 1004 1729 1040 Verbi

191 1062 309 1098 Divini
348 1063 544 1096 testimonio
584 1061 619 1097 in
654 1066 752 1109 parte
778 1061 965 1108 impietatis
991 1063 1132 1108 ponitur
1157 1067 1192 1098 et
1216 1063 1364 1110 capitale
1390 1075 1465 1099 esse
1491 1068 1665 1106 censetur,
1691 1065 1724 1100 id

189 1125 347 1172 equidem
375 1135 436 1171 pro
462 1124 574 1158 vetito
598 1123 713 1158 haberi
738 1128 875 1170 oportet
900 1123 934 1159 in
962 1123 1117 1160 Ecclesia
1141 1124 1280 1160 Christi.
1310 1125 1340 1160 2.
1369 1125 1481 1172 Loqui
1506 1131 1567 1160 aut
1593 1125 1728 1161 tradere

188 1184 321 1232 aliquid
345 1184 410 1220 sub
435 1185 572 1219 nomine
598 1185 738 1219 Domini
764 1185 812 1227 (in
837 1184 938 1220 cultu
961 1186 1179 1231 potissimum
1209 1185 1253 1221 ab
1277 1185 1426 1231 ipsomet
1450 1184 1525 1221 Deo
1544 1186 1724 1229 instituto)

191 1245 234 1281 de
259 1258 328 1291 quo
352 1246 425 1291 ipse
455 1245 540 1280 nihil
567 1246 809 1291 praecepisset,
839 1245 978 1292 ponitur
1002 1258 1023 1281 a
1048 1246 1149 1281 Mose
1174 1247 1209 1282 in
1235 1251 1332 1292 parte
1359 1246 1546 1292 impietatis
1572 1250 1607 1281 et
1634 1248 1724 1292 capi-

189 1308 259 1344 tale
293 1319 368 1343 esse
401 1312 563 1342 censetur
594 1307 692 1341 iuxta
730 1307 892 1353 temporis
926 1307 979 1342 sui
1005 1306 1174 1354 politiam.
1201 1308 1234 1343 3.
1260 1307 1355 1354 Ergo
1382 1307 1475 1355 loqui
1500 1310 1563 1342 aut
1588 1308 1724 1343 tradere

186 1367 316 1416 aliquid
350 1367 413 1403 sub
447 1368 584 1403 nomine
618 1365 773 1408 Domini,
805 1366 848 1402 de
872 1379 941 1414 quo
965 1367 1038 1414 ipse
1062 1380 1131 1402 non
1158 1368 1400 1413 praecepisset,
1428 1368 1464 1403 in
1488 1369 1585 1403 cultu
1614 1369 1721 1415 potis-

188 1431 311 1466 simum
347 1429 391 1464 ab
428 1428 575 1475 ipsomet
615 1428 690 1464 Deo
726 1428 901 1470 instituto,
936 1428 970 1464 id
1004 1430 1163 1475 equidem
1201 1441 1263 1475 pro
1294 1429 1405 1464 vetito
1442 1428 1558 1464 haberi
1582 1434 1721 1476 oportet

185 1490 327 1526 omnino
351 1490 386 1525 in
411 1489 568 1524 Ecclesia
594 1488 734 1524 Christi.
763 1509 805 1515 —-
829 1489 906 1525 Nec
933 1490 1052 1531 refert,
1079 1489 1172 1536 quod
1197 1488 1336 1536 quidam
1362 1489 1476 1524 locum
1503 1489 1594 1525 hunc
1611 1490 1721 1525 Mosis

187 1549 229 1585 ad
262 1561 375 1584 rerum
411 1547 582 1583 duntaxat
613 1550 807 1583 suturarum
839 1547 1071 1584 divinationes
1106 1548 1320 1584 referendum
1359 1560 1434 1584 esse
1472 1553 1609 1595 putant.
1657 1549 1720 1585 Est

187 1611 275 1645 enim
310 1609 381 1645 illic
413 1608 618 1644 antithetica
656 1609 727 1643 veri
758 1607 955 1655 Prophetae
988 1607 1032 1643 ad
1058 1609 1165 1644 salsos
1192 1608 1386 1655 Prophetas
1413 1609 1566 1650 collatio,
1592 1610 1626 1645 in
1652 1621 1720 1657 qua

186 1671 328 1706 eandem
366 1670 545 1706 doctrinae
584 1669 858 1716 generalitatem,
902 1673 940 1705 ut
981 1670 1031 1705 ita
1075 1669 1199 1711 dicam,
1231 1669 1473 1716 comprehendi
1509 1672 1647 1716 oportet
1684 1671 1720 1705 in

186 1732 293 1766 altera
319 1731 426 1778 ipsius
452 1734 560 1777 parte,
585 1743 686 1777 quam
714 1733 748 1765 et
773 1730 807 1765 in
834 1730 945 1776 priore
970 1730 1043 1765 eius
1069 1734 1166 1777 parte
1192 1731 1363 1766 contineri
1388 1733 1539 1765 constat.
1574 1731 1720 1778 Alioqui

186 1798 278 1827 esset
304 1792 428 1827 vitiosa
452 1791 603 1826 collatio.
631 1790 677 1826 Et
702 1802 780 1826 cum
808 1791 899 1837 prior
923 1791 1135 1826 antitheseos
1162 1802 1251 1837 pars,
1276 1803 1343 1838 qua
1369 1790 1412 1825 de
1440 1802 1518 1825 vero
1543 1790 1719 1837 Propheta

183 1855 322 1899 (nvinpe
358 1852 489 1888 Messia
526 1857 657 1894 nostro)
683 1852 845 1898 loquitur,
871 1864 988 1887 omnes
1014 1852 1241 1898 Propheticae
1267 1851 1455 1887 functionis
1479 1854 1595 1898 partes
1621 1862 1714 1886 com-

185 1915 368 1962 plectatur,
405 1925 475 1948 non
510 1917 658 1959 possunt
693 1912 812 1959 procul
850 1912 956 1948 dubio
989 1913 1091 1948 etiam
1130 1912 1221 1948 ullae
1260 1912 1485 1959 Propheticae
1526 1913 1714 1948 functionis

186 1982 300 2023 partes
326 1988 346 2010 a
371 1975 523 2010 secunda
549 1974 760 2009 antitlieseos
788 1977 884 2020 parte
911 1973 1062 2015 excludi,
1090 1975 1125 2009 in
1150 1985 1217 2020 qua
1243 1974 1286 2008 de
1312 1972 1398 2009 falso
1425 1973 1600 2020 Propheta
1627 1976 1718 2009 trac—

182 2042 288 2077 tatur,
325 2040 366 2071 ut
400 2048 469 2071 non
504 2035 560 2071 ille
601 2039 736 2071 tantum
774 2034 948 2081 Propheta
982 2047 1044 2080 pro
1069 2035 1173 2081 impio
1198 2035 1245 2070 sit
1270 2034 1460 2076 habendus,
1484 2034 1544 2080 qui
1570 2037 1716 2070 ventura

183 2098 396 2134 solummodo
438 2095 654 2143 pronunciet,
690 2095 732 2130 de
766 2095 891 2142 quibus
921 2094 1091 2130 Dominus
1126 2107 1196 2130 non
1230 2095 1472 2142 praecepisset,
1508 2094 1569 2129 sed
1594 2095 1652 2141 qui
1678 2095 1714 2131 in

186 2159 344 2194 omnibus
378 2159 481 2192 etiam
519 2156 748 2202 Propheticae
781 2156 968 2191 functionis
993 2168 1075 2190 suae
1100 2155 1267 2202 partibus,
1294 2156 1355 2191 hoe
1380 2159 1444 2197 est,
1472 2156 1507 2191 in
1532 2155 1624 2190 omui
1650 2167 1712 2190 sua

187 2220 346 2256 doctrina
371 2218 601 2264 omnibusque
627 2217 697 2252 suis
724 2216 968 2252 traditionibus
993 2216 1226 2263 Propheticis,
1253 2216 1287 2252 id
1307 2217 1514 2264 ¹loqueretur
1539 2221 1574 2251 et
1598 2215 1713 2251 trade·
1761 2209 1763 2211 ¹

184 2284 247 2322 ret,
282 2280 324 2314 de
359 2291 428 2326 quo
464 2278 598 2313 nullum
635 2290 655 2312 a
691 2276 843 2313 Domino
878 2281 1098 2324 praeceptum
1137 2277 1288 2313 haberet.
1337 2276 1406 2312 Sed
1440 2280 1525 2318 esto,
1549 2277 1715 2311 donemus

183 2341 276 2376 hunc
301 2340 412 2376 locum
439 2339 482 2374 de
508 2351 619 2374 rerum
645 2338 820 2374 duntaxat
846 2343 1070 2374 venturarum
1097 2338 1332 2385 praedictione
1364 2338 1468 2384 loqui,
1494 2336 1606 2373 adhuc
1631 2348 1712 2372 con·

182 2403 282 2437 sistet
320 2401 542 2436 nihilominus
577 2400 759 2446 desumpta
794 2411 834 2434 ex
871 2399 930 2435 iilo
966 2404 1086 2435 nostra
1110 2399 1379 2446 argumentatio,
1404 2398 1485 2434 dum
1522 2410 1542 2433 a
1567 2399 1711 2438 minore,

187 2468 224 2497 ut
251 2465 388 2503 vocant,
422 2460 465 2496 ad
499 2462 608 2497 maius
643 2466 936 2508 argumentamur.
984 2461 1122 2496 Etenim
1157 2460 1186 2496 si
1211 2461 1246 2496 in
1272 2459 1373 2495 rebus
1399 2459 1553 2494 venturis
1579 2456 1711 2504 praedi·

183 2524 301 2559 cendis
335 2522 522 2569 impietatis
556 2521 741 2557 damnatur
775 2521 961 2567 Propheta,
993 2522 1052 2569 qui
1092 2520 1125 2557 id
1152 2524 1353 2556 eventurum
1380 2519 1554 2567 praedicit,
1578 2518 1620 2552 de
1645 2530 1712 2564 quo

183 2584 267 2619 nihil
303 2586 479 2630 praecepit
516 2583 700 2624 Dominus,
737 2586 837 2618 tanto
876 2595 957 2618 saue
984 2584 1090 2630 magis
1116 2583 1242 2630 impius
1270 2583 1344 2623 erit.
1360 2581 1542 2627 Propheta,
1574 2579 1634 2625 qui
1666 2577 1709 2614 de

184 2645 355 2690 mysteriis
383 2644 448 2679 Dei
473 2643 682 2679 salutaribus
714 2644 926 2690 salutarique
952 2643 1049 2678 cultu
1075 2644 1181 2690 ipsius
1207 2643 1272 2678 sub
1297 2642 1369 2677 eius
1394 2640 1529 2676 nomine
1554 2639 1710 2685 loquitur

185 2706 258 2740 sine
292 2710 473 2751 praecepto
510 2704 628 2751 ipsius,
663 2708 794 2751 quanto
819 2704 975 2740 doctrina
1000 2703 1041 2738 de
1067 2703 1280 2740 salutaribus
1309 2702 1371 2737 Dei
1395 2699 1568 2747 mysteriis
1593 2698 1708 2734 cultu-

181 2778 247 2813 que
282 2766 385 2812 ipsius
422 2765 530 2800 maior
566 2764 857 2811 excellentiorque
892 2767 944 2798 est
981 2765 1095 2798 'rerum
1139 2764 1332 2798 suturarum
1369 2758 1612 2807 praedictione.
1661 2758 1708 2793 Et

181 2828 312 2861 certum
338 2828 402 2865 est,
425 2824 490 2859 sub
516 2825 651 2860 nomine
676 2825 818 2860 Domini
845 2824 962 2860 doceri
986 2829 1046 2860 aut
1070 2823 1159 2859 tradi
1184 2822 1350 2870 quidquid
1374 2819 1553 2855 ministerii
1569 2818 1706 2853 nomine

182 2886 217 2927 iu
244 2885 400 2922 Ecclesia
425 2885 590 2921 tradimus
615 2888 675 2920 aut
699 2888 874 2921 docemus.
905 2885 972 2921 Pro
1000 2885 1073 2920 Deo
1106 2885 1206 2927 enim,
1232 2895 1299 2919 non
1326 2893 1387 2928 pro
1412 2879 1616 2922 hominibus,
1642 2878 1710 2914 Ec-
