1830 3147
221 109 293 145 220

268 219 568 258 Exhortatio
607 219 658 256 ad
694 219 989 265 Ecclesiam,
1027 221 1077 256 ut
1113 218 1166 256 de
1194 218 1606 257 excommunicati
1633 220 1746 258 resi-

216 285 457 338 piscentia
494 284 777 334 gratuletur
819 287 931 335 post
967 283 1182 333 agnitam
1221 296 1272 321 ac
1311 284 1620 334 deprecatam
1657 285 1748 323 cul-

215 364 316 402 pam
344 349 535 401 peccati
562 348 734 400 ipsius.

270 477 383 515 »Viri
418 477 585 515 Fratres!
612 480 855 528 posteaquam
891 476 1111 527 praestitum
1146 476 1219 514 iam
1249 489 1329 514 esse
1359 475 1490 514 videtis
1518 476 1565 514 ab
1594 476 1666 514 hoc
1693 477 1744 515 N.

216 543 315 595 quod
352 546 457 581 tanto
494 546 658 592 tempore
694 554 823 578 omnes
861 540 898 579 et
935 554 954 578 a
989 539 1153 577 Domino
1191 540 1269 578 Deo
1306 545 1436 579 nostro
1463 541 1567 579 illius
1595 542 1748 579 nomine

215 608 356 660 precati
392 620 518 645 sumus
554 608 664 655 (395)
702 605 737 643 et
772 605 818 642 ab
854 605 936 656 ipso
974 605 1024 642 N.
1063 618 1207 642 summo
1238 605 1419 644 desiderio
1447 607 1749 657 expectabamus,

217 677 316 711 certo
352 672 427 709 iam
464 671 688 708 documento
726 669 869 715 videtis,
908 669 1039 715 Deum,
1074 669 1388 720 quemadmodum
1422 670 1744 721 impoenitentiam

215 739 414 790 impiorum
450 736 644 774 hominum
680 739 872 773 aversatur
909 748 951 772 ac
986 735 1109 785 punit,
1146 735 1199 772 ita
1233 735 1355 773 modis
1393 748 1541 773 rursum
1571 736 1746 774 omnibus

215 802 426 854 expositum
471 814 549 838 esse
595 800 640 837 ad
681 799 934 850 recipiendum
970 799 1010 836 in
1045 799 1205 848 gratiam
1252 812 1379 837 omnes
1425 800 1748 851 condonandaque

213 872 366 919 peccata
394 879 521 903 eorum
550 866 688 911 omnia,
716 864 931 915 quicunque
960 864 1106 914 culpam
1135 864 1288 901 illorum
1315 868 1528 912 agnoscunt
1555 868 1590 902 et
1619 865 1748 916 depre-

217 937 347 970 cantur
373 931 606 981 gratiamque
632 929 750 980 ipsius
790 929 973 979 supplices
1011 928 1226 979 implorant.
1256 928 1383 967 Quare
1412 942 1477 966 vos
1505 934 1634 967 omnes
1662 933 1749 967 ante

216 997 343 1034 omnia
383 995 550 1045 exemplo
588 994 658 1031 hoc
695 993 804 1030 huius
851 993 900 1031 N.
949 993 1142 1030 consolare
1178 992 1321 1030 debetis
1366 997 1401 1030 et
1439 997 1537 1031 certo
1575 998 1747 1040 statuere,

214 1061 328 1112 quod,
355 1059 669 1111 quemadmodum
703 1058 826 1109 ipsum
862 1071 882 1095 a
920 1057 1083 1094 Domino
1112 1056 1192 1095 Deo
1221 1057 1259 1094 in
1287 1057 1448 1107 gratiam
1474 1061 1661 1108 receptum
1692 1058 1745 1095 vi·

217 1127 310 1165 detis
338 1125 554 1164 testimonio
584 1124 693 1161 huius
721 1123 975 1174 poenitentiae
1003 1122 1120 1173 ipsius
1148 1144 1197 1151 —
1226 1136 1301 1160 non
1331 1122 1429 1159 enim
1457 1122 1529 1160 hoc
1555 1123 1746 1174 proprium

213 1190 343 1242 ipsius,
371 1189 434 1227 sed
463 1188 533 1225 Dei
560 1187 686 1238 potius
712 1186 752 1224 in
780 1186 861 1237 ipso
891 1199 983 1236 opus
1011 1190 1066 1223 est
1084 1207 1134 1213 —
1156 1186 1208 1223 ita
1227 1190 1263 1223 et
1283 1199 1347 1223 vos
1368 1186 1408 1223 in
1428 1186 1594 1223 omnium
1614 1199 1745 1237 pecca-

213 1261 338 1293 torum
375 1256 581 1291 vestrorum
618 1251 811 1300 agnitione
845 1250 1000 1300 opisque
1036 1263 1124 1288 suae
1159 1250 1437 1300 imploratione,
1471 1254 1648 1301 tanquam
1687 1250 1743 1287 di-

213 1320 330 1357 lectos
368 1318 407 1355 in
447 1316 596 1354 Christo
627 1314 789 1352 Domino
817 1314 934 1365 ipsius
963 1314 1074 1360 filios,
1102 1314 1301 1352 clementer
1328 1314 1373 1352 ad
1403 1314 1558 1352 salutem
1587 1319 1745 1352 vestram

213 1382 335 1421 audiri
362 1382 475 1432 inque
501 1380 661 1430 gratiam
700 1379 813 1429 recipi
847 1392 893 1416 ne
922 1378 1113 1417 dubitetis,
1169 1378 1313 1416 Deinde
1341 1378 1452 1416 etiam
1480 1378 1567 1416 huic
1594 1379 1665 1430 ipsi
1694 1380 1744 1417 N.

215 1461 260 1485 ex
285 1450 368 1485 toto
397 1445 507 1483 corde
536 1448 657 1482 vestro
686 1443 868 1493 gratulari
898 1442 1053 1489 debetis,
1080 1443 1182 1493 quod
1208 1443 1314 1480 illum
1345 1443 1416 1480 iam
1446 1443 1639 1481 audieritis
1669 1445 1745 1481 cul-

214 1526 297 1564 pam
332 1511 475 1562 peccati
505 1509 561 1547 sui
589 1509 634 1546 ad
662 1508 821 1558 gloriam
861 1507 929 1544 Dei
966 1520 1008 1544 ac
1036 1507 1340 1557 pudefactionem
1369 1508 1529 1544 Satanae
1555 1507 1596 1544 in
1624 1507 1745 1544 medio

216 1581 323 1615 coetu
360 1580 482 1614 vestro
519 1577 796 1624 agnoscentem,
830 1572 1219 1623 po-(396)stulantem
1256 1585 1275 1609 a
1305 1571 1422 1618 vobis,
1450 1575 1492 1609 ut
1517 1571 1558 1609 in
1588 1576 1745 1610 vestram

216 1657 344 1682 rursus
372 1640 643 1680 fraternitatem
673 1638 889 1689 recipiatur,
917 1641 951 1675 et
982 1640 1253 1674 contestantem
1283 1637 1393 1674 fidem
1413 1650 1517 1674 suam
1539 1635 1583 1673 de
1607 1636 1746 1674 Christi

215 1707 370 1747 Domini
404 1706 444 1744 in
481 1718 518 1743 se
556 1704 745 1742 beneficiis
782 1702 1067 1752 indubitataque
1102 1701 1244 1752 peccati
1281 1701 1339 1738 sui
1375 1714 1438 1752 per
1466 1701 1586 1751 ipsum
1614 1700 1743 1738 remis-

216 1775 332 1812 sione.
389 1772 492 1809 Haec
529 1770 627 1808 enim
666 1774 751 1806 sunt
781 1767 930 1813 indicia,
959 1767 1095 1817 quibus
1125 1765 1225 1803 Deus
1256 1778 1359 1802 suam
1387 1765 1498 1802 nobis
1526 1778 1613 1814 erga
1639 1765 1742 1802 illum

216 1838 511 1878 misericordiam
549 1847 631 1873 ecce
658 1834 711 1872 ita
738 1832 926 1884 patefacit,
955 1836 995 1868 ut
1025 1831 1068 1868 de
1096 1831 1158 1867 illa
1188 1843 1309 1880 nequc
1335 1830 1504 1881 ipsemet,
1532 1842 1649 1880 neque
1677 1843 1745 1867 nos

216 1904 326 1942 etiam
366 1902 537 1939 dubitare
571 1898 729 1950 amplius
765 1910 914 1948 quoquo
954 1895 1065 1932 modo
1103 1895 1316 1932 debeamus.
1371 1893 1425 1932 Ut
1461 1894 1577 1943 igitur
1614 1907 1679 1931 vos
1706 1894 1745 1932 id

215 1981 344 2008 omnes
380 1980 425 2005 ex
462 1966 587 2003 animo
626 1965 745 2001 facere
780 1963 818 2000 in
856 1961 973 2012 ipsius
1002 1965 1038 1998 et
1066 1960 1117 1998 N.
1148 1960 1442 1997 consolationem
1472 1959 1679 2004 declaretis,
1706 1960 1745 1997 in

215 2047 337 2085 genua
365 2044 494 2071 omnes
522 2028 769 2081 procumbite,
796 2029 838 2063 ut
865 2023 1181 2076 quemadmodum
1208 2023 1330 2074 ipsum
1360 2036 1443 2060 cum
1469 2022 1621 2074 publico
1639 2023 1744 2060 luctu

217 2103 346 2137 nostro
390 2095 514 2139 inviti,
546 2094 652 2131 iuxta
699 2090 801 2129 verbi
838 2089 968 2128 Divini
1014 2088 1296 2139 praescriptum,
1339 2087 1746 2125 excommunicavimus

215 2167 365 2215 propter
392 2161 470 2199 eius
498 2157 834 2210 impoenitentiam,
862 2155 912 2192 ita
938 2154 1045 2191 illum
1074 2166 1174 2191 nunc
1200 2166 1331 2190 rursus
1357 2152 1507 2203 publica
1532 2152 1644 2190 etiam
1664 2165 1744 2189 om-

217 2230 320 2268 nium
357 2232 527 2265 nostrum
564 2222 817 2274 gratulatione
853 2220 892 2257 in
931 2224 1057 2257 coetus
1092 2219 1211 2256 nostri
1249 2217 1505 2255 Ecclesiastici
1542 2218 1743 2254 fraternam

217 2293 428 2332 societatem
468 2291 507 2328 in
545 2290 745 2339 conspectu
783 2284 924 2322 Christi
960 2283 1092 2329 nostri,
1119 2283 1295 2320 invocato
1335 2282 1413 2319 eius
1442 2281 1488 2319 ad
1515 2281 1553 2318 id
1582 2281 1745 2324 nomine,

218 2357 452 2408 recipiamus,
480 2366 590 2405 quem
619 2352 672 2390 sic
700 2349 928 2388 unanimiter
957 2360 1084 2385 omnes
1112 2359 1329 2398 precemur:

268 2484 513 2530 Precatio,
551 2481 811 2519 continens
846 2479 893 2515 in
932 2491 978 2515 se
1014 2475 1386 2515 restitutionem
1413 2473 1743 2512 excommuni-

220 2549 316 2586 cati
344 2548 396 2585 ad
427 2544 837 2584 Ecclesiasticam
867 2541 1243 2579 fraternitatem.
1272 2540 1383 2589 (397)

271 2694 288 2711 a
304 2675 463 2713 Domine
491 2675 577 2712 Iesu
607 2674 766 2718 Christe,
793 2673 873 2710 Rex
904 2671 1045 2709 Doctor
1073 2684 1115 2708 ac
1144 2670 1318 2708 Pontifex
1335 2671 1463 2706 noster
1484 2670 1648 2706 aeterne!
1677 2669 1742 2719 qui

217 2742 264 2780 ad
298 2739 546 2778 attestandam
584 2738 713 2776 iudicii
741 2737 797 2775 tui
825 2736 1058 2774 severitatem
1086 2735 1262 2773 adversus
1290 2726 1523 2771 obstinatum
1551 2746 1593 2770 ac
1621 2733 1739 2771 rebel-

215 2807 288 2844 lem
317 2805 371 2842 tui
398 2808 433 2842 et
461 2803 564 2841 verbi
591 2803 646 2841 tui
674 2807 783 2854 atque
816 2801 1115 2840 admonitionum
1144 2799 1230 2838 inde
1256 2798 1456 2850 petitarum
1478 2801 1741 2848 contemptum,

216 2874 437 2922 potestatem
467 2868 599 2906 dedisti
627 2868 814 2906 Ecclesiae
842 2871 937 2911 tuae,
964 2868 1004 2903 ut
1032 2877 1094 2902 eos
1119 2869 1184 2903 tuo
1213 2863 1364 2902 nominc
1386 2866 1523 2913 tuaque
1543 2863 1741 2901 autoritate
