1830 3147
217 83 262 118 38

221 194 498 243 Argumentum
537 190 729 228 concionis
766 195 850 242 post
888 190 1064 229 collatum
1100 191 1140 229 in
1168 191 1222 240 (A
1251 191 1312 238 lb)
1341 191 1535 229 ecclesiam
1561 190 1754 242 publicum

274 257 426 308 aliquod
455 255 691 294 beneficium.
1577 259 1663 295 559.
1693 258 1755 295 19.

220 324 495 373 Argumentum
533 321 740 368 concionis,
775 334 870 372 quae
896 321 978 372 ipso
1019 320 1077 359 die
1106 334 1243 359 coenae
1271 321 1440 369 habetur,
1467 326 1553 360 ante
1580 321 1658 359 eius
1686 321 1755 359 ad-

273 386 600 424 ministrationem.
1579 388 1665 423 203.
1695 387 1755 423 11.

220 452 497 499 Argumentum
532 449 726 501 pridianae
758 449 1005 501 publicaeque
1042 449 1310 488 admonitionis
1345 453 1432 488 ante
1460 463 1596 488 coenae
1624 439 1757 487 Domi-

272 513 378 552 nicae
404 526 525 552 usum.
1580 515 1666 552 193.
1721 514 1756 553 7.

967 643 1013 682 Β.

218 787 239 812 a
266 773 463 824 Baptismo
492 785 568 810 non
597 772 778 810 arcendos
807 785 886 810 esse
913 771 1089 810 infantes.
1580 774 1661 813 127.
1693 774 1754 811 18.

218 839 259 877 in
285 838 470 890 Baptismi
498 837 823 876 administratione
851 837 924 874 duo
952 836 1133 888 praecipit
1161 836 1346 875 Christus.
1579 840 1665 875 122.
1721 838 1757 877 7.

218 904 407 954 Baptismi
436 903 620 941 definitio.
1578 904 1663 942 179.
1693 905 1755 941 23.

218 967 406 1018 Baptismi
432 966 535 1004 finis.
1579 967 1665 1003 234.
1696 967 1759 1005 19.

218 1030 404 1082 Baptismi
433 1030 583 1079 signum
610 1029 711 1080 quod
741 1029 800 1066 sit.
1575 1031 1662 1067 205.
1693 1032 1754 1068 24.

218 1095 405 1146 Baptismi
433 1108 523 1132 usus
551 1094 642 1145 quid
669 1097 842 1145 praestet.
1578 1096 1663 1132 180.
1719 1096 1754 1131 3.

971 1222 1013 1261 C.

218 1354 446 1394 Catechismi
473 1353 546 1391 duo
573 1353 614 1391 in
642 1352 797 1391 ecclesia
827 1352 1114 1391 Germanorum.
1601 1357 1662 1392 90.
1694 1355 1755 1392 10.

218 1419 443 1458 Catechismi
472 1431 561 1456 usus
590 1422 626 1456 et
655 1419 788 1456 forma.
1605 1422 1666 1456 85.
1697 1421 1757 1457 14.
1826 1458 1828 1462 ,

219 1484 425 1523 Catechisis
453 1483 615 1520 Romani
646 1482 872 1520 Antichristi
908 1482 1054 1520 technis
1083 1481 1122 1520 in
1151 1482 1327 1533 baptismi
1362 1482 1487 1520 nescio
1518 1495 1629 1533 quam
1667 1496 1758 1520 con·

268 1542 518 1587 firmationem
546 1562 664 1586 versa.
1600 1550 1661 1585 88.
1692 1550 1755 1586 23.

218 1614 343 1651 Coena
371 1612 526 1650 Domini
554 1612 643 1662 quid
672 1611 732 1650 sit.
1435 1614 1519 1650 181.
1550 1615 1584 1651 4.
1615 1615 1667 1661 (A
1698 1615 1756 1659 22)

219 1679 365 1716 Coenae
393 1677 613 1715 Dominicae
641 1677 728 1714 finis
756 1676 990 1727 praecipuus.
1580 1679 1665 1715 231.
1695 1679 1758 1715 21.

222 1742 368 1780 Coenae
403 1740 625 1778 Dominicae
661 1740 882 1790 mysterium
917 1743 953 1777 et
979 1739 1027 1776 ad
1055 1752 1164 1790 quem
1191 1739 1345 1777 modum
1385 1740 1512 1777 multis
1541 1740 1759 1778 nominibus

270 1820 406 1844 coenae
434 1819 504 1843 usu
532 1805 827 1843 commendetur.
1580 1808 1666 1843 208.
1698 1807 1757 1845 17.

218 1873 365 1910 Coenae
392 1870 612 1908 Dominicae
638 1870 732 1908 ritus
759 1870 799 1907 in
828 1869 982 1907 ecclesia
1010 1869 1292 1920 peregrinorum
1318 1869 1498 1916 Londini.
1579 1872 1664 1908 138.
1696 1873 1756 1908 12.

219 1937 365 1974 Coenae
393 1935 613 1973 Dominicae
641 1935 792 1984 signum
819 1934 920 1985 quod
950 1934 1009 1972 sit.
1580 1937 1667 1973 205.
1697 1937 1758 1979 23,

218 2002 365 2039 Coenae
392 1999 613 2037 Dominio-ae
639 2013 728 2037 usus
756 1999 847 2050 qnid
877 1999 1056 2043 conferat,
1577 2000 1662 2037 181.
1694 2001 1754 2037 18.

221 2066 366 2103 Coenae
392 2064 584 2102 Paschalis
611 2063 710 2102 finis.
1577 2065 1664 2101 234.
1721 2066 1756 2100 9.

221 2133 368 2170 Coenae
394 2129 584 2168 Paschalis
612 2130 761 2179 signum
791 2129 890 2180 quod
919 2132 1008 2168 erat.
1579 2132 1666 2168 205.
1697 2132 1756 2168 18.

223 2196 529 2234 ceremoniarum
556 2194 715 2232 varietas
742 2194 905 2232 laudata.
1604 2197 1664 2232 36.
1722 2197 1756 2235 7.

223 2261 523 2299 Christianorum
553 2259 727 2297 officium.
1606 2260 1665 2296 16.
1694 2261 1755 2296 21.

224 2324 529 2364 Circumeisionis
556 2323 655 2361 finis.
1579 2324 1665 2360 233.
1696 2325 1757 2360 26.

224 2389 529 2428 Circumcisionis
558 2389 708 2438 signum
735 2387 837 2438 quod
865 2391 955 2425 erat.
1328 2413 1356 2418 --
1577 2389 1663 2425 205.
1694 2389 1756 2425 12.

225 2454 438 2492 Confitendi
466 2466 540 2490 vox
567 2452 665 2503 apud
693 2452 877 2489 Iacobum
904 2451 995 2502 quid
1025 2451 1304 2502 complectatur.
1577 2453 1664 2489 308.
1695 2453 1755 2489 13.

226 2518 401 2567 Cognitio
429 2517 549 2555 nostri
570 2517 610 2554 in
639 2517 778 2567 quibus
805 2516 940 2566 posita.
1578 2518 1663 2554 161.
1694 2518 1754 2557 17.

224 2580 496 2631 Coniugiorum
524 2581 739 2618 coniunctio
768 2580 806 2617 in
835 2579 990 2617 ecclesia
1019 2578 1306 2617 Germanorum.
1573 2582 1659 2620 572.
1713 2584 1752 2619 4.

225 2645 450 2684 coniunctio
477 2645 558 2695 ipsa
584 2644 828 2682 matrimonii.
1311 2669 1322 2681 .
1577 2646 1662 2682 614.
1720 2647 1755 2683 5.

228 2711 439 2750 consessus
481 2721 545 2746 seu
571 2708 767 2746 accubitus
794 2707 1051 2757 genuflexioni
1079 2711 1143 2745 aut
1170 2705 1324 2745 stationi
1351 2706 1389 2743 in
1419 2719 1531 2745 coena
1560 2708 1759 2746 Dominica

274 2773 519 2825 antepositus.
1581 2774 1666 2810 143.
1696 2775 1756 2811 15.

231 2839 325 2876 Cum
352 2837 544 2875 dissolutis
571 2849 615 2874 ac
641 2835 824 2887 imperitis
852 2835 1153 2874 adolescentibus
1180 2833 1369 2885 quomodo
1398 2839 1542 2882 agatur.
1581 2838 1666 2874 104.
1697 2838 1758 2875 12.
