1830 3147
193 133 266 171 192

189 247 385 294 toremque
411 242 563 280 illorum
591 240 780 287 Satanam,
811 252 895 277 cum
923 238 1084 276 Divinae
1111 237 1253 289 gratiae
1280 238 1545 290 imploratione
1571 241 1607 277 et
1627 243 1727 277 certa

191 322 254 359 spe
282 308 423 353 veniae,
448 310 599 357 propter
627 304 786 343 eundem
813 305 935 355 ipsum
966 304 1156 341 Christum
1184 304 1388 342 Dominum
1415 308 1648 343 accusamus.

244 389 262 406 a
276 373 451 420 Agnosce
477 369 594 418 igitur
622 368 812 417 singulare
842 366 983 404 Christi
1010 366 1165 404 Domini
1193 367 1430 412 beneficium,
1457 367 1509 404 mi
1525 368 1657 406 frater!
1684 367 1724 405 111

189 435 312 473 aedita
340 446 442 472 nunc
471 446 535 484 per
562 438 598 471 tc
625 432 769 484 peccati
795 431 851 470 tui
878 431 1046 482 adeoque
1074 436 1109 468 et
1138 431 1298 469 Satanae
1326 431 1444 483 ipsius
1472 432 1723 470 accusatione.

189 500 322 551 Neque
350 499 450 537 enim
479 498 550 536 1100
577 503 642 536 3111
670 502 776 535 11111111
806 500 869 535 aut
897 497 1012 533 ullius
1041 495 1206 534 hominis
1235 510 1327 548 opus
1357 501 1426 541 est,
1454 496 1518 548 qui
1545 510 1589 534 ex
1617 497 1726 535 nobis

187 565 258 617 ipsi
287 564 384 602 nihil
410 563 553 615 alioqui
581 562 673 600 boni
701 562 856 600 omnino
885 562 998 599 etiam
1029 561 1193 610 cogitare
1220 575 1430 613 possumus,
1459 562 1521 599 sed
1550 565 1606 601 est
1634 575 1727 613 opus

187 629 439 682 proculdubio
477 629 673 680 ipsiusmet
702 627 845 665 Christi
873 626 1040 671 Domini,
1067 627 1131 677 qui
1158 626 1198 664 id
1226 640 1289 678 per
1318 641 1428 665 suum
1457 627 1638 678 Spiritum
1667 640 1727 665 so-

188 696 246 733 lus
284 699 456 746 operatur
493 694 539 732 ad
577 692 706 731 Divini
742 691 907 729 nominis
945 691 1002 729 sui
1038 691 1199 740 gloriam
1241 695 1483 742 nostramque
1510 692 1666 729 salutem
1693 695 1729 729 et

190 761 381 798 Ecclesiae
410 773 498 797 suae
526 757 839 796 aedificationem.
870 756 956 794 Hoc
984 769 1159 806 agnosce,
1185 757 1352 807 inquam,
1379 761 1414 795 et
1444 770 1541 801 cave,
1572 770 1617 795 ne
1643 761 1728 794 tan-

189 832 229 865 to
259 825 439 863 beneficio
470 824 643 875 deinceps
672 836 735 874 per
761 826 867 860 tuam
894 822 934 859 111
961 822 1124 872 peccatis
1152 821 1226 860 tuis
1256 821 1529 871 indulgentiam
1556 822 1602 859 ad
1626 826 1728 859 tuam

189 891 307 943 ipsius
335 890 452 941 (quod
484 890 599 938 absit)
627 887 979 926 condemnationem
1007 889 1119 935 (326)
1149 887 1330 925 abutaris.
1367 887 1501 937 Cogita
1529 887 1730 936 aegerrime

191 956 230 994 id
257 957 418 994 laturum
448 967 527 992 esse
556 956 746 999 Satanam,
774 965 880 990 suam
907 953 1032 996 istam,
1058 952 1225 1002 inquam,
1251 952 1292 990 in
1319 956 1383 989 tua
1412 952 1481 988 hac
1500 951 1731 1002 poenitentia

191 1022 490 1073 pudefactionem
522 1033 564 1058 ac
592 1019 998 1063 conculcationem,.et
1025 1017 1184 1068 proinde
1212 1016 1308 1054 nihil
1344 1030 1422 1054 non
1452 1030 1537 1073 lesse
1564 1020 1730 1054 tentatu-

193 1100 273 1124 rum
311 1084 576 1137 proculdubio,
601 1088 644 1122 ut
671 1087 707 1121 te
735 1095 887 1134 quoquo
915 1095 1064 1120 rursum
1091 1082 1203 1119 modo
1232 1081 1425 1132 illaqueat.
1480 1081 1577 1119 Vide
1603 1081 1735 1131 igitur,

194 1152 296 1203 quod
331 1151 371 1190 in
406 1157 443 1189 te
480 1155 547 1197 est,
584 1163 630 1187 ne
665 1149 723 1186 illi
760 1161 824 1199 per
852 1154 1091 1199 peccatorum
1126 1151 1278 1185 tuorum
1306 1142 1579 1196 indulgentiam
1608 1147 1732 1184 locum

193 1217 234 1254 in
279 1221 315 1254 te
351 1217 467 1254 ullum
504 1214 711 1266 permittas,
749 1226 795 1251 110
830 1215 1019 1263 postrema
1060 1211 1192 1263 primis
1239 1211 1421 1249 deteriora
1466 1212 1571 1249 fiant.
1625 1211 1734 1249 Insta

194 1282 367 1332 precibus
395 1280 557 1318 assiduis
586 1279 683 1330 apud
711 1277 916 1315 Dominum
943 1276 1065 1314 Deum
1092 1280 1200 1314 tuum
1228 1289 1429 1327 precesque
1452 1275 1601 1326 piorum
1620 1275 1733 1313 etiam

197 1359 281 1384 cum
308 1346 382 1384 tuis
408 1344 582 1396 precibus
611 1343 843 1392 coniungito,
873 1345 911 1380 ut
938 1345 974 1379 te
1001 1345 1107 1391 regat
1129 1354 1171 1378 ac
1192 1340 1422 1378 communiat
1441 1339 1584 1391 Spiritu
1604 1344 1733 1378 sancto

197 1423 276 1455 suo,
324 1413 436 1460 utque
473 1408 545 1446 tibi
581 1411 809 1445 armaturam
847 1407 951 1444 illam
991 1405 1263 1452 subministret,
1297 1418 1409 1456 quam
1446 1405 1557 1442 nobis
1597 1405 1735 1442 Paulus

196 1474 399 1526 proscribit
429 1476 471 1522 ¹),
499 1486 573 1525 quo
601 1473 727 1510 minus
754 1472 950 1510 insidiosis
979 1473 1142 1509 Satanae
1171 1470 1370 1508 conatibus
1400 1474 1511 1521 atque
1537 1470 1735 1521 impulsio-

198 1542 311 1579 nibus
349 1539 584 1591 opprimaris.
638 1538 779 1576 Fidelis
815 1550 929 1588 porro
966 1542 1020 1575 est
1058 1536 1172 1581 Deus,
1201 1540 1240 1573 ut
1267 1536 1306 1573 id
1334 1535 1460 1580 faciat,
1489 1536 1600 1573 modo
1629 1536 1736 1573 illum

199 1619 264 1658 per
300 1619 437 1643 nomen
478 1604 663 1654 unigeniti
702 1603 759 1641 sui
795 1603 864 1640 filii
903 1616 985 1640 vere
1022 1606 1057 1640 et
1095 1615 1139 1639 ex
1168 1601 1294 1639 animo
1323 1602 1555 1639 invocemus.
1609 1601 1673 1638 Illi
1701 1605 1738 1638 te

200 1671 318 1720 igitur
347 1674 468 1708 totum
500 1668 733 1713 commenda,
761 1668 812 1705 mi
841 1668 973 1705 frater!
1002 1667 1110 1704 illum
1149 1666 1307 1717 appella,
1334 1666 1389 1703 1111
1417 1670 1453 1703 10
1481 1670 1603 1704 totum
1630 1679 1736 1716 prae-

201 1736 259 1778 be,
294 1735 351 1772 1111
387 1739 467 1772 1010
506 1738 653 1785 pectore
691 1733 850 1771 confide.
905 1732 964 1770 Ita
1004 1731 1103 1769 enim
1131 1733 1194 1769 fiet
1224 1731 1450 1778 hauddubie,
1477 1737 1530 1778 ut,
1558 1732 1736 1782 quemad·

202 1799 356 1837 modum
393 1799 432 1836 in
462 1799 580 1850 capite
609 1802 739 1836 nostro
770 1798 920 1835 Christo
950 1796 1114 1834 Domino
1143 1796 1240 1834 nihil
1267 1797 1341 1834 iam
1371 1797 1483 1834 habet
1523 1810 1642 1847 neque
1670 1796 1738 1834 ha-

203 1865 290 1902 bere
328 1865 406 1901 ullo
444 1864 555 1901 modo
592 1866 716 1914 potest
745 1864 874 1908 Satan,
900 1862 954 1900 ita
981 1875 1102 1912 neque
1129 1862 1168 1899 in
1197 1866 1232 1899 te
1260 1864 1372 1909 (327)
1401 1861 1513 1899 etiam
1553 1861 1739 1913 nobisque

206 1929 317 1967 simul
345 1928 520 1966 omnibus
549 1928 754 1979 quidquam
783 1927 938 1966 omnino
967 1927 1104 1965 habere
1132 1927 1293 1977 amplius
1321 1926 1468 1977 possit''

259 2059 543 2099 Admonitio
571 2058 626 2096 ad
653 2057 940 2096 Ecclesiam.

262 2207 279 2225 a
292 2187 369 2227 Vos
397 2193 532 2234 autem,
561 2189 714 2226 fratres!
745 2201 874 2226 omnes
894 2187 1107 2238 exemplum
1122 2201 1143 2224 a
1163 2187 1268 2238 lapso
1287 2187 1359 2224 1100
1379 2191 1414 2224 01
1432 2186 1644 2238 poenitente
1663 2187 1739 2225 fra-

208 2259 263 2293 tre
291 2247 412 2292 vestro
443 2253 588 2291 sumite.
630 2252 798 2290 Primum
827 2256 868 2291 ut
896 2252 1003 2290 vobis
1031 2252 1070 2290 in
1101 2252 1232 2289 vestris
1259 2251 1423 2302 peccatis
1454 2264 1536 2289 vere
1563 2251 1601 2288 in
1631 2250 1741 2288 corde

209 2325 332 2359 vestro
361 2318 598 2369 displiceatis.
654 2317 798 2355 Deinde
824 2321 866 2355 ut
894 2330 960 2355 vos
987 2317 1026 2355 in
1061 2317 1136 2355 illis
1163 2329 1287 2354 coram
1316 2316 1433 2354 oculis
1460 2315 1530 2354 Dei
1555 2329 1630 2354 una
1658 2329 1740 2353 cum

210 2386 424 2438 poenitente
452 2385 524 2422 hoc
552 2385 665 2422 fratre
700 2387 823 2421 vestro
859 2382 1042 2420 accusetis
1071 2381 1323 2433 Divinamquc
1350 2381 1487 2432 pariter
1515 2393 1642 2418 omnes
1669 2380 1739 2417 nii-

211 2451 450 2489 sericordiam
481 2450 664 2501 supplices
691 2449 913 2499 imploretis.
950 2447 1158 2493 Postremo,
1186 2447 1217 2484 si
1243 2446 1454 2497 quempiam
1482 2449 1641 2482 vestrum
1672 2457 1741 2494 pu-

214 2517 321 2561 blice,
348 2516 394 2553 ad
428 2529 539 2567 quem
567 2514 720 2552 modum
747 2513 804 2550 illi
834 2513 1007 2562 contigit,
1033 2512 1111 2549 labi
1140 2511 1343 2562 aliquando
1373 2510 1581 2558 contingat,
1607 2513 1650 2547 111
1668 2523 1740 2560 pu-

212 2582 308 2619 blice
336 2581 446 2619 etiam
473 2580 615 2631 peccati
642 2577 756 2617 vestri
785 2577 932 2628 culpam
959 2585 1163 2626 agnoscere
1189 2589 1232 2614 ac
1260 2574 1451 2626 deprecari
1479 2573 1742 2624 Ecclesiaeque

215 2660 291 2693 vos,
320 2646 487 2696 exemplo
517 2644 643 2682 fratris
671 2643 795 2689 huius,
824 2642 1068 2679 reconciliare
1095 2655 1141 2679 ne
1169 2640 1393 2679 detrectetis.
1423 2638 1537 2677 Quod
1566 2639 1741 2676 veroiam

215 2714 341 2756 restat,
387 2709 607 2747 condonetis
650 2709 726 2745 iam
765 2720 810 2744 ex
845 2706 970 2744 animo
1006 2707 1046 2743 in
1085 2703 1476 2756 conspectu.Domini
1511 2703 1618 2740 fratri
1655 2702 1741 2740 huic

215 2779 337 2814 vestro
382 2786 529 2811 omnem
573 2772 813 2810 offensionem
851 2770 1017 2817 omnino,
1053 2768 1365 2821 quemadmodum
1401 2772 1437 2805 et
1477 2772 1597 2806 vestra
1632 2766 1742 2806 vobis

261 2905 285 2946 ¹)
309 2901 391 2945 Eph.
414 2902 442 2935 6.
