1830 3147
56 438 136 472 Mat.
160 439 211 471 24.

54 482 132 515 Luc.
154 483 228 515 XII.

53 526 156 558 Marc.
178 525 271 558 XIII.

53 568 148 599 Actu.
172 567 200 600 1.

55 610 74 641 2
97 610 189 641 Thes.
215 610 244 643 5.

53 652 160 683 Math.
182 652 233 683 24.

53 694 73 725 2
96 694 189 725 Thes.
214 694 265 727 11.

51 737 129 768 Luc.
151 737 224 768 XII.

341 131 414 167 432
818 136 993 166 omnen.
1023 136 1133 165 acon:
1159 136 1278 165 LoNn.

911 239 1052 278 Interr.
1083 241 1169 279 163.

393 303 560 345 Quando
588 302 683 342 illud
710 301 893 342 iudicium
920 303 1072 343 veniet?

986 368 1102 420 Resp.

390 433 480 473 Dies
516 437 630 486 atque
666 433 761 472 hora
799 432 1048 472 omnicarni
1084 432 1325 473 abscondita.
1378 433 1515 484 Neque
1555 432 1667 471 etiam
1708 432 1753 472 de

338 501 508 550 tempore
544 498 655 537 anxie
694 497 1077 548 circumspiciendum
1104 497 1217 535 nobis
1245 502 1313 545 est,
1339 498 1410 536 etsi
1437 497 1624 536 Dominus
1651 497 1753 536 haud

339 576 459 615 pauca
486 563 598 601 nobis
625 563 665 601 in
693 562 904 612 Euangelio
932 561 1104 609 tradidit,
1130 575 1225 613 quae
1252 561 1365 600 nobis
1394 561 1493 600 diem
1519 562 1628 600 illum
1648 561 1753 600 brevi

339 627 634 680 exspectandum
659 627 848 666 intiment.
877 626 950 664 Sed
977 626 1090 664 nobis
1118 639 1160 664 eo
1190 639 1334 678 semper
1360 626 1535 678 inprimis
1553 625 1752 665 nitendum

341 696 396 731 est
431 697 473 732 ut
509 706 577 745 pro
606 706 673 731 sua
701 693 862 744 quisque
890 692 1091 731 vocatione
1119 705 1250 730 omnes
1278 691 1475 739 faciamus,
1501 705 1597 743 quae
1622 691 1752 730 iniun-

53 778 316 816 MathQQXXV·
336 758 438 797 'xerit
465 758 653 796 Dominus
681 762 717 796 et
745 757 865 796 seduli
893 757 1010 796 simus
1038 757 1078 795 in
1105 757 1153 794 iis
1181 756 1379 804 obeundis,
1405 770 1453 795 ne
1471 760 1620 808 tempus
1638 756 1751 794 nobis

53 822 131 853 Luc.
153 821 227 853 XII.

54 863 70 894 I
93 864 162 895 Pet.
185 863 212 894 I.

51 906 88 937 II
110 906 180 938 Pet.
201 905 265 938 ΙΙΙ.

53 948 117 980 Tit.
140 947 183 979 ΙΙ.

54 990 131 1023 Luc.
154 990 225 1022 XII.

56 2139 147 2172 Ioan.
169 2141 219 2178 14,
243 2139 293 2173 15.

56 2182 161 2215 Math.
184 2184 234 2215 28.

58 2223 75 2254 1
100 2224 175 2257 Cor.
197 2226 247 2257 12.

58 2266 73 2296 1
100 2266 209 2300 Corin.
231 2267 286 2300 VI.

58 2308 130 2340 Aet.
154 2310 192 2340 V.

59 2350 156 2383 Gene.
181 2352 211 2383 1.

57 2393 146 2425 Ioan.
170 2394 199 2425 5.

56 2435 146 2467 Ioan.
169 2435 199 2466 3.

57 2477 151 2509 Rom.
172 2477 262 2510 VIII.

57 2519 91 2550 II
113 2519 183 2550 Pet.
206 2519 236 2552 3.

58 2562 75 2592 1
100 2560 158 2593 Co.
180 2561 209 2598 2,
233 2560 284 2594 12.

59 2602 149 2636 Ioan.
171 2602 256 2636 XVI.

339 823 647 874 intempestivum
684 822 833 862 evadat.
888 822 1016 860 Huius
1044 822 1145 860 enim
1174 834 1318 872 semper
1346 821 1566 860 admonebit
1594 834 1663 859 nos
1691 821 1751 859 in·

341 891 442 927 certa
475 887 653 939 temporis
689 887 800 932 ratio,
837 888 941 936 (60³)
982 890 1021 925 ut
1057 887 1163 925 nullo
1192 890 1361 938 tempore
1389 886 1501 924 otiosi
1530 885 1660 932 simus,
1687 884 1752 924 sed

337 958 515 1006 perpetuo
543 954 583 991 in
609 953 743 991 timore
771 952 925 991 Domini
952 953 1123 1009 vivamus
1150 955 1186 990 et
1211 952 1414 990 succinctis
1435 952 1581 990 animae
1600 950 1752 998 lumbis,

339 1032 484 1070 semper
525 1018 647 1070 parati
691 1018 739 1056 ad
775 1017 1051 1056 occurrendum
1085 1016 1251 1055 Domino
1289 1021 1420 1055 nostro
1456 1016 1544 1055 Iesu
1587 1015 1753 1063 Christo,

338 1084 508 1135 adeoque
543 1087 724 1134 tanquam
752 1082 941 1121 benedicti
968 1081 1091 1120 Patris
1121 1082 1251 1120 sedulo
1277 1081 1543 1120 incumbamus
1572 1080 1750 1118 omnibus

339 1148 451 1187 bonis
479 1148 669 1200 operibus,
706 1160 800 1199 quae
826 1148 867 1185 in
894 1146 1061 1199 proximi
1088 1146 1211 1185 nostri
1240 1146 1481 1184 commodum
1509 1148 1620 1197 atque
1649 1145 1750 1183 salu-

339 1217 413 1252 tem
448 1214 570 1251 facere
604 1212 808 1264 possimus,
840 1212 909 1251 tali
945 1211 1059 1250 modo
1096 1214 1356 1263 exspectantes
1383 1211 1533 1249 beatam
1561 1223 1664 1261 spem
1691 1212 1750 1248 at-

340 1291 413 1330 que
447 1277 718 1330 apparitionem
754 1276 898 1327 gloriae
930 1277 1060 1326 magni
1096 1275 1167 1314 Dei
1202 1280 1238 1314 et
1276 1275 1483 1314 Salvatoris
1511 1275 1633 1314 nostri
1660 1275 1748 1313 Iesu

341 1343 504 1382 Christi:
530 1356 617 1381 nam
646 1342 747 1380 beati
774 1345 873 1389 sunt,
901 1341 964 1393 qui
994 1342 1048 1379 sic
1076 1340 1283 1380 Dominum
1311 1344 1543 1393 exspectant.

924 1535 1064 1575 Interr.
1094 1537 1180 1574 164.

393 1601 463 1641 Sed
500 1605 543 1640 ut
580 1614 791 1653 pergamus,
826 1600 931 1638 dicas
960 1613 1099 1651 quaeso
1128 1600 1235 1649 (601³)
1263 1611 1360 1650 quae
1387 1597 1435 1636 sit
1462 1598 1573 1636 tertia
1600 1612 1688 1650 pars
1716 1602 1752 1637 et

341 1671 452 1718 eaput
480 1666 596 1705 veluti
625 1665 862 1705 Christianae
889 1668 1041 1703 nostrae
1067 1664 1167 1711 fidei,
1195 1676 1307 1714 quam
1337 1661 1559 1713 Symbolum
1588 1662 1751 1714 appelle-

339 1733 447 1771 mus?

985 1794 1099 1845 Resp.

392 1861 514 1901 Credo
543 1859 656 1900 etiam
683 1859 723 1898 in
752 1858 936 1911 Spiritum
966 1857 1174 1896 Sanctum?

919 1922 1061 1962 Interr.
1091 1923 1178 1960 165.

392 1990 499 2031 Quid
526 1990 600 2029 hoc
628 1989 844 2041 significat?

992 2051 1106 2102 Resp.

392 2121 512 2160 Credo
548 2124 660 2170 atque
697 2119 890 2164 confiteor,
929 2116 1112 2167 Spiritum
1149 2127 1229 2152 esse
1268 2114 1465 2159 Sanctum,
1502 2115 1700 2151 exeuntem
1728 2124 1750 2150 a

340 2186 449 2225 Patre
486 2189 522 2224 et
559 2184 672 2228 Filio,
708 2182 936 2234 quibuscum
973 2180 1085 2218 etiam
1112 2192 1223 2217 verus
1251 2191 1294 2217 ae
1322 2179 1429 2216 vivus
1459 2177 1561 2215 Deus
1590 2179 1658 2223 est,
1686 2175 1749 2214 sed

340 2251 451 2289 tertia
479 2262 652 2301 persona,
680 2260 776 2298 quae
802 2247 839 2284 in
869 2245 980 2283 nobis
1008 2244 1152 2291 efficiat,
1178 2257 1248 2282 nos
1271 2242 1401 2281 salutis
1422 2255 1534 2293 quam
1556 2253 1749 2292 compara·

339 2315 434 2353 verit
464 2313 576 2353 nobis
605 2312 788 2355 Christus,
814 2310 895 2348 fieri
914 2309 1128 2360 participes.
1157 2308 1254 2346 Item
1277 2307 1380 2345 cuius
1402 2307 1437 2344 vi
1457 2310 1568 2356 atque
1586 2304 1748 2356 inspira-

341 2379 443 2417 tione
471 2391 602 2416 omnes
630 2376 750 2414 sancti
777 2374 896 2412 locuti
925 2374 1014 2420 sint,
1038 2377 1073 2411 et
1100 2375 1205 2410 extra
1232 2373 1336 2420 (612)
1363 2371 1467 2409 cuius
1496 2369 1749 2421 operationem

341 2444 395 2482 nil
431 2443 522 2481 boni
559 2445 680 2480 facere
714 2453 783 2478 nec
818 2439 968 2491 penitus
1005 2438 1045 2476 in
1082 2437 1194 2475 rebus
1224 2435 1362 2475 divinis
1390 2434 1599 2483 intelligere
1625 2433 1748 2483 possi-

341 2522 424 2547 mus
460 2512 496 2546 et
531 2507 573 2545 in
608 2506 799 2544 nobismet
834 2504 909 2555 ipsi
944 2503 999 2541 nil
1026 2505 1173 2554 praeter
1200 2514 1315 2540 vanas
1342 2499 1531 2545 tenebras,
1559 2497 1748 2536 inscitiam

341 2577 453 2623 atque
480 2570 701 2623 hypocrisin
728 2569 947 2608 habeamus.

916 2695 1056 2735 Interr.
1087 2697 1174 2734 166.

394 2765 500 2805 Quid
536 2765 610 2803 iam
645 2763 763 2814 igitur
792 2761 921 2801 Sancti
949 2760 1113 2813 Spiritus
1141 2758 1333 2811 proprium
1361 2755 1609 2796 ministerium
1636 2758 1747 2808 atque

342 2844 436 2884 opus
463 2830 548 2869 est':>
