1830 3147
130 157 178 192 94

129 266 313 305 rudirent.
367 268 492 317 Atque
528 277 618 304 sane
645 277 690 304 ex
718 270 882 305 veterum
912 265 1165 305 monumentis
1193 266 1301 305 facile
1329 270 1493 318 apparet,
1520 280 1664 306 summa

129 332 219 369 olim
254 331 327 369 fide
363 344 407 369 ac
444 331 639 381 diligentia
675 331 910 370 observatam
949 332 1064 371 fuisse
1101 333 1290 384 publicam
1320 333 1563 380 Catechesim,
1591 347 1664 385 qua

128 399 323 446 parentum
368 395 619 444 negligentiae
654 395 823 433 Ecclesia
858 395 997 433 mederi
1034 396 1251 434 conabatur.
1308 397 1378 433 Sed
1418 397 1478 434 hic
1512 397 1663 434 tandem

129 473 206 498 non
236 460 388 497 dormiit
416 460 529 497 Satan
559 466 668 511 atque
695 461 878 511 optimum
904 460 999 498 illud
1037 461 1197 511 purioris
1232 462 1422 499 Ecclesiae
1447 462 1663 500 institutum

129 525 290 562 Romani
327 525 555 562 Antichristi
590 525 735 562 technis
771 525 809 562 in
846 538 983 562 novum
1012 525 1154 562 idolum
1196 526 1381 577 quoddam
1413 527 1535 570 vertit,
1562 526 1663 577 quod

128 590 255 627 nescio
291 603 402 640 quam
440 590 617 640 baptismi
655 590 1086 638 confirmatio·(88)nern
1125 594 1272 635 vocant,
1307 592 1348 629 in
1384 605 1456 643 qua
1491 591 1665 642 publicae

126 655 229 692 illius
266 654 499 692 catecheseos
534 668 644 693 usum
672 655 815 705 magica
844 656 969 692 nescio
1006 669 1092 706 qua,
1121 657 1308 707 conceptis
1347 657 1479 702 verbis,
1516 657 1662 694 rancidi

128 719 333 770 cuiuspiam
369 719 440 756 olei
477 720 654 757 unctione
698 724 809 770 atque
845 720 973 770 alapae
998 720 1225 771 impactione
1263 724 1532 758 commutatum
1560 721 1662 758 vide-

126 798 221 824 mus.
276 790 327 823 At
364 798 449 822 vero
487 798 588 823 nune
625 799 725 830 sane,
762 786 792 823 si
820 799 983 836 unquam
1013 786 1115 832 alias,
1144 786 1304 824 maxime
1339 790 1394 824 est
1430 786 1662 824 neccesarius

129 849 299 900 publicae
327 849 561 887 catecheseos
589 863 678 887 usus
705 849 745 887 in
774 850 914 887 Christi
944 850 1112 888 Ecclesia
1141 850 1210 888 sub
1248 850 1317 887 bac
1345 851 1553 902 corruptela
1582 864 1663 888 om-

127 914 186 951 nis
223 913 491 965 propemodum
528 914 733 963 religionis,
771 914 840 951 sub
875 918 983 956 tanta
1020 919 1203 952 sectarum
1240 915 1480 952 multitudine
1514 921 1549 952 et
1593 915 1662 952 sub

126 978 316 1016 exoriente
351 978 491 1029 ubique
528 979 602 1015 fere
639 978 835 1015 Atheismo
872 979 1048 1029 quodam,
1077 979 1120 1016 ad
1150 992 1258 1030 quem
1288 992 1390 1016 nunc
1426 980 1550 1017 nescio
1588 971 1662 1030 quo

125 1043 239 1080 modo
276 1043 437 1080 maxima
465 1043 542 1080 fere
569 1042 765 1080 hominum
792 1055 877 1093 pars
903 1043 1134 1094 propendere
1159 1044 1211 1081 ita
1251 1044 1408 1090 videtur,
1443 1048 1497 1089 ut,
1534 1045 1607 1082 nisi
1643 1058 1664 1082 a

123 1107 263 1146 teneris
299 1121 418 1158 usque
454 1107 679 1157 unguiculis,
714 1108 815 1158 quod
845 1107 994 1152 dicitur,
1021 1109 1119 1146 malo
1147 1108 1235 1146 huic
1262 1115 1366 1146 eatur
1394 1109 1555 1156 obviam,
1583 1114 1663 1147 stu-

126 1173 302 1224 diumque
338 1186 444 1210 verae
480 1172 673 1221 religionis
710 1186 854 1210 summa
882 1186 971 1210 cura
998 1187 1040 1210 ac
1069 1173 1263 1222 diligentia
1292 1174 1427 1212 animis
1468 1175 1661 1212 hominum

126 1250 171 1275 ex
208 1237 321 1275 verbo
359 1236 428 1274 Dei
462 1237 610 1288 penitus
646 1238 826 1286 infigatur
861 1245 972 1288 atque
1000 1237 1221 1283 inculcetur,
1257 1239 1462 1290 periculum
1501 1240 1549 1277 sit
1575 1252 1662 1291 pro-

128 1302 320 1346 culdubio,
355 1314 401 1339 ne
428 1306 532 1339 totus
561 1302 663 1338 orbis
690 1302 790 1339 illius
820 1303 1045 1351 contagione
1070 1303 1273 1342 inficiatur.
1328 1304 1491 1341 Proinde
1517 1308 1553 1342 et
1580 1317 1663 1347 nos.

123 1372 209 1418 post
245 1367 369 1404 datam
405 1366 516 1403 nobis
544 1366 604 1403 hic
631 1370 850 1417 potest-atem
884 1367 1106 1404 instituendi
1144 1368 1430 1417 Peregrinorum
1456 1369 1664 1413 ecclesiam,

125 1431 229 1468 iuxta
266 1429 476 1467 doctrinam
513 1429 653 1467 Christi
688 1429 843 1467 Domini
876 1434 912 1468 et
947 1431 1203 1481 Apostolicam
1243 1432 1555 1477 observationem,
1581 1446 1662 1470 om-

124 1509 208 1533 nem
237 1495 349 1533 nobis
377 1500 543 1532 nostram
573 1507 723 1545 operam
750 1495 790 1532 in
818 1495 890 1532 hoc
917 1495 1026 1533 etiam
1057 1495 1216 1533 dandam
1245 1510 1325 1534 esse
1352 1497 1662 1543 existimavimus,

123 1565 165 1598 ut
200 1560 239 1598 in
275 1573 385 1598 usum
421 1572 622 1610 puerorum
658 1560 850 1611 publicam
878 1561 918 1597 in
948 1565 1076 1598 nostra
1106 1561 1273 1599 Ecclesia
1302 1563 1522 1600 catechesiin
1551 1564 1661 1601 insti-

123 1629 322 1671 tueremus,
360 1638 406 1662 ue
444 1629 570 1662 nostra
599 1625 827 1673 negligentia
857 1629 892 1663 et
919 1635 1019 1663 aetas
1046 1626 1111 1663 illa
1139 1627 1275 1677 periret
1301 1631 1337 1665 et
1375 1641 1443 1665 nos
1479 1628 1550 1666 toti
1585 1628 1660 1665 Ec-

124 1690 365 1738 cle-(89)siae
411 1689 588 1726 Divinam
637 1702 907 1727 accerseremus
942 1690 1138 1729 ultionem.
1194 1692 1340 1729 Scimus
1377 1698 1497 1730 autem
1538 1693 1659 1730 varios

125 1753 255 1791 haberi
281 1766 389 1804 posse
416 1753 510 1791 ritus
537 1766 581 1790 ac
607 1753 739 1790 modos
766 1754 938 1804 publicae
967 1756 1211 1802 catecheseos,
1239 1769 1306 1806 pro
1335 1769 1376 1794 eo
1406 1770 1448 1794 ac
1474 1758 1512 1794 id
1538 1758 1662 1795 cuius-

125 1832 197 1870 que
223 1819 415 1856 Ecclesiae
444 1818 690 1855 commoditas
717 1819 907 1869 postulare
936 1820 1092 1858 videtur.
1123 1821 1251 1858 Quare
1278 1825 1314 1859 et
1343 1835 1411 1859 nos
1438 1835 1520 1861 eum
1552 1823 1662 1860 nobis

125 1884 239 1921 ritum
274 1883 377 1920 illius
412 1883 451 1920 in
490 1887 617 1920 nostra
645 1883 814 1920 Ecclesia
842 1883 1115 1922 observandum
1143 1898 1222 1922 esse
1249 1886 1473 1936 putavimus,
1501 1887 1565 1937 qui
1593 1899 1661 1924 no-

127 1954 224 1986 strae
259 1948 451 1986 Ecclesiae
489 1948 658 1985 omniu'm
694 1947 855 1985 maxime
892 1948 996 1986 utilis
1032 1962 1076 1986 ac
1104 1950 1322 1987 commodus
1350 1963 1429 1988 esse
1457 1951 1664 1995 videbatur,

126 2026 311 2065 quemque
339 2013 411 2050 iam
442 2012 572 2050 ordine
601 2025 667 2050 suo
695 2025 936 2063 exponemus,

178 2078 283 2115 Duos
322 2077 575 2115 “atechismos
604 2079 639 2114 in
672 2082 798 2115 nostra
829 2077 997 2116 Ecclesia
1032 2078 1224 2125 habemus,
1270 2079 1456 2117 Minorem
1492 2081 1662 2125 alterum,

125 2144 284 2181 alterum
312 2156 397 2180 vero
428 2142 623 2181 Maiorem.
656 2142 782 2179 Minor
810 2143 988 2181 ediscitur
1015 2157 1036 2180 a
1062 2144 1199 2194 pueris,
1226 2145 1400 2195 quintum
1429 2150 1493 2183 aut
1514 2151 1656 2184 sextum

127 2221 267 2245 aunum
305 2206 589 2258 superegressis,
623 2206 840 2257 priusquam
879 2207 926 2244 ad
964 2208 1111 2246 Coenae
1142 2209 1359 2247 Dominicae
1386 2203 1492 2247 usum
1523 2211 1660 2248 admit-

126 2276 267 2311 tantur.
323 2271 446 2309 Maior
482 2276 603 2309 autem
643 2271 853 2309 Dominicis
889 2272 1021 2310 diebus
1055 2273 1095 2311 in
1129 2275 1309 2312 concione
1353 2276 1607 2325 pomeridiana
1641 2289 1661 2313 a

127 2337 250 2388 pueris
287 2337 398 2388 paulo
425 2337 498 2374 iam
527 2336 780 2374 adultioribus
808 2340 920 2388 atque
946 2337 994 2375 ad
1023 2339 1168 2376 Coenae
1194 2353 1301 2377 usum
1343 2340 1515 2378 admissis
1542 2341 1659 2389 exigi-

127 2406 188 2439 tur
222 2405 257 2440 et
292 2415 357 2453 per
393 2401 645 2439 Ecclesiasten
682 2402 901 2452 explicatur.
956 2404 1131 2442 Continet
1167 2404 1264 2442 enim
1298 2405 1418 2441 maior
1446 2405 1506 2441 hic
1552 2405 1659 2442 Cate-

130 2465 293 2503 chismus
330 2479 423 2515 quae
459 2470 495 2503 et
524 2466 696 2503 Seniores
726 2466 820 2503 scire
846 2466 1008 2516 expedit,
1037 2468 1172 2505 nedum
1200 2474 1242 2506 ut
1270 2482 1289 2506 a
1317 2469 1426 2519 paulo
1464 2468 1660 2506 adultiori-

130 2530 199 2567 bus
234 2533 380 2567 tantum
415 2530 641 2568 ediscantur.
699 2529 860 2567 Minoris
896 2530 1014 2579 igitur
1043 2533 1266 2570 Catechismi
1295 2533 1520 2570 examinatio
1549 2537 1659 2584 atque

128 2594 327 2645 explicatio
356 2594 399 2631 ad
430 2594 530 2631 hunc
558 2594 709 2632 modum
738 2594 778 2631 in
806 2598 936 2632 nostra
966 2595 1132 2634 Ecclesia
1162 2597 1393 2635 observatur.

182 2723 318 2762 Ritus
345 2723 565 2772 exigendi
586 2728 722 2774 atque
742 2723 1015 2775 explicandi
1039 2724 1235 2763 Minoris
1256 2725 1550 2765 Catechismi.
1573 2729 1658 2775 (90)

180 2855 423 2905 Posteaquam
472 2854 635 2891 infantes
682 2867 789 2892 sexus
835 2854 1028 2904 utriusque
1070 2854 1239 2905 quintum
1278 2868 1418 2892 annum
1454 2855 1492 2892 in
1531 2860 1658 2893 nostra

130 2919 297 2960 Ecclesia
332 2919 546 2969 attigerunt,
580 2919 733 2956 nomina
769 2918 919 2956 illorum
953 2932 1016 2969 per
1055 2919 1248 2957 Ministros
1289 2919 1437 2970 publice
1464 2925 1659 2959 censentur
