1830 3147
849 94 917 134 537
1369 96 1434 142 [A.
1457 96 1502 134 D.
1527 95 1639 144 1550]

107 203 195 242 facie
226 215 343 240 omnes
373 203 642 251 institutumque
678 214 797 239 eorum
833 215 949 240 coram
973 202 1148 240 damnavi.
1199 203 1323 241 Obtuli
1347 215 1400 241 me
1423 204 1645 242 defensurum

110 277 185 302 esse
209 266 324 302 omnia
349 266 469 301 nostra
493 276 535 300 ex
560 263 667 300 verbo
693 264 768 301 Dei.
797 264 1040 301 Infirmitatem
1068 276 1149 301 vero
1174 265 1204 302 si
1228 269 1468 314 agnoscerent,
1491 278 1561 303 non
1580 266 1644 303 uti-

110 337 178 374 que
209 326 386 362 ministros
417 324 587 361 odissent.
636 325 761 372 Neque
792 326 884 362 enim
918 325 993 362 odit
1018 326 1178 368 alterum,
1203 326 1263 362 sed
1287 338 1323 363 se
1350 328 1460 374 ipsum
1485 330 1643 369 accusat,

109 388 168 435 qui
204 387 442 423 infirmitatem
478 386 650 434 agnoscit.
697 386 794 423 Istos
830 399 911 423 vero
943 386 1045 423 video
1070 399 1140 424 non
1164 388 1401 425 infirmitatem
1427 401 1526 425 suam
1551 389 1645 436 apud

109 448 223 484 Deum
255 459 442 495 agnoscere
473 458 615 494 eamque
639 458 804 483 accusare
827 450 863 483 et
887 448 1035 495 gratiam
1060 447 1244 495 implorare
1269 449 1329 484 sed
1355 451 1473 496 potius
1498 449 1643 486 consilia

108 508 291 545 excusandi
324 508 536 556 impietatem
570 511 605 543 et
640 508 777 555 culpam
809 508 844 544 in
869 508 1093 546 ministerium
1120 514 1279 545 nostrum
1304 510 1522 553 coniiciendi,
1552 510 1646 558 quod

107 572 224 605 tamen
248 568 284 605 in
308 568 520 604 conscientia
547 569 683 616 propria
708 568 956 615 reprehendere
981 582 1051 605 non
1075 574 1234 617 possunt,
1259 570 1485 607 comminisci.
1525 571 1647 607 Habe·

108 630 195 666 bunt
230 630 338 677 igitur
372 628 522 666 iudicem
558 629 683 671 Deum,
717 640 816 675 quem
844 633 884 665 ut
910 629 1098 666 Dominum
1124 633 1160 666 et
1182 634 1393 666 servatorem
1421 643 1522 667 suum
1541 643 1648 678 agno-

107 703 201 728 scere
226 690 423 727 voluerunt.
448 689 545 730 Quid
571 703 652 727 vero
677 691 790 728 adhuc
814 691 1069 735 sustinuerunt,
1105 694 1144 728 ut
1168 695 1297 728 metum
1322 693 1536 730 causentur?
1586 693 1645 729 Sc.

105 752 197 800 apud
221 764 279 789 eos
304 752 380 800 plus
406 755 552 800 possunt
575 752 741 795 homines,
766 764 870 800 quam
895 753 1015 790 Deus?
1053 756 1089 789 et
1113 765 1177 789 sua
1201 754 1268 789 ista
1293 754 1477 801 prudentia
1504 754 1649 790 eludent

108 813 272 850 iudicium
300 814 390 849 Dei?
512 813 702 849 Lenthium
727 812 924 856 admoneto,
950 826 993 850 ne
1017 815 1331 851 communicatione
1357 815 1579 851 consiliorum
1606 827 1644 851 se

105 876 212 912 faciat
236 875 437 922 participem
462 878 606 922 peccato
632 875 788 911 istorum.
827 875 943 911 Maior
968 881 1023 913 est
1046 875 1206 912 habenda
1233 876 1310 919 Dei,
1335 888 1439 925 quam
1466 876 1642 913 hominum

108 937 208 972 ratio.
234 937 277 973 In
301 937 446 973 caeteris
471 949 540 972 non
565 948 696 978 recuso,
723 939 761 973 ut
786 949 923 983 operam
949 949 1046 974 snam
1075 938 1167 974 locat
1191 937 1244 980 iis,
1268 938 1303 974 in
1326 950 1467 986 quorum
1492 938 1645 974 ministe-

107 997 158 1032 rio
183 999 351 1033 versatur.
377 996 445 1032 Sed
470 996 505 1032 in
532 1007 636 1032 causa
660 995 839 1043 religionis
867 996 1111 1044 opprimendae
1137 1009 1180 1033 ne
1205 997 1372 1033 interesse
1396 997 1536 1046 quidem
1562 999 1643 1034 isto-

106 1070 180 1094 rum
213 1058 367 1094 consiliis
397 1070 463 1104 ego
498 1058 612 1099 velim,
647 1057 774 1093 nedum
809 1060 849 1094 ut
875 1070 993 1095 eorum
1020 1059 1178 1096 minister
1201 1058 1274 1095 ullo
1299 1058 1402 1095 modo
1427 1071 1502 1096 esse
1527 1059 1643 1096 velim.

106 1119 233 1156 Brema
260 1119 317 1155 [ΙΙ
343 1119 418 1156 Cal.
445 1119 559 1166 April.
584 1119 646 1165 (30
671 1119 794 1163 Mart.)
822 1120 930 1156 1550.

149 1230 176 1271 ¹)
201 1229 345 1262 THoMAs
379 1230 548 1269 Burnus,
583 1230 623 1262 ad
656 1229 735 1263 min.
763 1229 853 1263 Eccl.
884 1230 978 1263 Emd.
1001 1240 1071 1263 voc.
1095 1230 1140 1264 a⁰.
1164 1231 1257 1270 1542,
1280 1231 1362 1263 obiit
1384 1231 1424 1263 23
1447 1230 1528 1263 Maii
1553 1231 1647 1265 1553.

106 1287 156 1321 Of.
180 1287 207 1321 I.
229 1287 257 1322 Ι.
280 1287 558 1326 ΗΑΒΟΚΕΝΒΟΤΗ,
583 1286 673 1319 Emd.
696 1286 880 1325 Herdersst,
904 1297 936 1329 p.
961 1287 990 1320 5.
1033 1287 1062 1328 2)
1085 1287 1136 1321 Sc.
1159 1287 1292 1320 aulicos,

108 1497 172 1534 N⁰.
197 1498 253 1534 63.
857 1497 1020 1543 [meinai-s.
1036 1500 1129 1534 00stvr.
1142 1499 1171 1534 ll.
1187 1500 1214 1534 G.
1230 1499 1248 1534 l.
1264 1500 1320 1534 3117.
1333 1499 1419 1533 Geni.
1434 1510 1455 1535 s.
1471 1512 1494 1535 a.
1506 1500 1554 1533 llb.
1568 1498 1645 1544 fita]

590 1619 649 1656 Ad
675 1620 889 1656 Mnusmos
914 1618 1098 1655 Emmnos
1126 1621 1170 1663 ¹).

159 1741 212 1777 Ita
246 1739 328 1777 mihi
361 1740 427 1777 iter
465 1740 533 1777 huc
559 1751 672 1777 meum
698 1752 716 1776 e
742 1740 865 1776 Brema
891 1739 1138 1776 maturandum
1162 1741 1247 1781 erat,
1272 1739 1413 1775 Fratres
1435 1739 1471 1775 in
1497 1738 1648 1776 Domino

108 1801 318 1838 charissimi!
355 1804 397 1836 ut
432 1801 468 1838 in
502 1813 577 1837 meo
611 1798 707 1837 illinc
746 1800 847 1837 abitu
882 1801 926 1836 ad
953 1812 1015 1836 vos
1040 1800 1190 1836 scribere
1216 1812 1285 1836 non
1310 1800 1493 1846 potuerim.
1541 1800 1648 1837 Nunc

109 1874 191 1898 vero
226 1862 329 1898 etiam
353 1861 497 1898 celerius
522 1862 684 1909 opinione
710 1874 784 1898 mea
809 1861 1017 1897 solvendum
1042 1861 1121 1897 hinc
1146 1860 1229 1897 mihi
1254 1860 1330 1897 crit.
1374 1861 1504 1898 Facere
1528 1863 1645 1897 tamen

109 1936 179 1959 non
204 1923 301 1971 potui
325 1923 360 1959 in
385 1924 452 1959 ista
477 1923 583 1960 etiam
609 1923 832 1959 festinatione
857 1934 943 1966 mea,
970 1921 1054 1970 quin
1078 1921 1122 1957 ad
1148 1933 1208 1957 vos
1234 1920 1288 1957 vel
1316 1920 1441 1969 raptim
1461 1921 1646 1958 scriberem

109 1984 276 2032 vobisque
301 1990 342 2020 ut
366 1985 532 2022 fratribus
559 1985 642 2021 meis
667 1984 903 2020 dilectissimis
930 1996 990 2031 per
1015 1983 1118 2019 hasce
1145 1983 1262 2019 literas
1288 1994 1380 2019 meas
1408 1983 1525 2030 paucis
1552 1983 1643 2020 vale-

111 2046 272 2089 dicerem,
298 2050 334 2082 et
358 2059 412 2082 me
437 2047 563 2082 vestris
589 2059 629 2083 ac
655 2046 835 2082 Ecclesiae
860 2049 999 2082 nostrae
1018 2045 1176 2092 precibus
1195 2044 1347 2080 officiose
1360 2045 1647 2082 commendarem.

159 2108 282 2155 Neque
307 2109 423 2143 tamen
449 2119 502 2143 me
527 2108 576 2143 ita
597 2107 696 2143 vobis
721 2111 783 2143 aut
806 2107 987 2144 Ecclesiae
1011 2111 1152 2143 nostrae
1178 2105 1371 2142 valedicere
1395 2107 1536 2152 putetis,
1549 2108 1648 2154 quasi

110 2179 178 2203 non
212 2167 360 2215 amplius
396 2167 440 2204 de
466 2167 562 2203 vobis
590 2167 816 2215 Ecclesiaque
842 2168 921 2204 istic
946 2170 1064 2204 nostra
1089 2168 1250 2214 cogitem.
1301 2166 1428 2202 Curam
1453 2179 1494 2205 ac
1518 2167 1647 2204 solliei-

107 2228 265 2264 tudinem
292 2240 353 2275 pro
379 2228 488 2270 vobis,
515 2228 638 2264 fratres
664 2228 746 2264 meil
775 2240 903 2276 proque
930 2232 1048 2264 nostra
1072 2228 1229 2265 Ecclesia
1255 2241 1381 2276 ponere
1406 2241 1476 2264 non
1491 2240 1644 2275 possum,

112 2300 224 2335 neque
250 2287 339 2330 volo,
363 2288 446 2324 dum
471 2288 596 2324 vivam.
630 2287 677 2324 Et
703 2299 763 2323 vos
788 2300 860 2330 oro,
885 2291 925 2324 ut
949 2291 1117 2336 quantum
1143 2289 1288 2325 maxime
1315 2290 1459 2337 potestis
1484 2288 1519 2324 in
1537 2289 1649 2325 officio

110 2349 218 2385 vestri
242 2349 424 2385 ministerii
448 2353 482 2384 et
507 2349 615 2396 ipsius
639 2349 853 2396 benignitate
878 2350 1080 2397 persistatis,
1105 2351 1325 2386 continentes
1350 2350 1543 2386 Ecclesiam
1568 2363 1647 2387 nos·

109 2413 197 2446 tram
223 2410 258 2445 in
281 2409 405 2452 officio,
429 2409 655 2445 adhortantes
680 2409 773 2446 illam
799 2409 841 2446 ad
868 2411 1104 2447 constantiam
1129 2411 1363 2453 confessionis,
1389 2414 1424 2446 et
1441 2422 1576 2447 omnem
1594 2415 1648 2447 to-

113 2472 294 2508 lerantiam
329 2482 408 2507 cum
446 2471 714 2507 mansuetudine
739 2474 776 2507 et
799 2471 989 2518 gratiarum
1014 2472 1162 2508 actione.
1212 2473 1330 2519 Atque
1360 2472 1492 2507 utinam
1518 2472 1551 2507 id
1577 2471 1650 2507 Do·

114 2533 227 2568 minus
263 2531 361 2568 nobis
396 2531 574 2579 largiatur,
605 2531 774 2579 siquidem
809 2531 874 2568 hoc
898 2532 942 2568 ad
967 2532 1111 2579 gloriam
1136 2532 1229 2568 illius
1254 2533 1373 2575 faciat,
1401 2535 1441 2568 ut
1465 2544 1534 2568 una
1560 2532 1650 2569 istuc

114 2605 247 2630 rursum
282 2605 401 2629 omnes
434 2605 510 2628 esse
535 2593 718 2639 possimus.
743 2604 854 2640 neque
879 2606 943 2641 ego
967 2593 1069 2641 plane
1093 2593 1210 2629 diffido
1234 2593 1346 2630 adhuc
1372 2593 1407 2629 id
1433 2594 1505 2629 fieri
1531 2605 1647 2641 posse.

111 2655 194 2691 Non
218 2655 308 2690 enim
335 2657 389 2689 cst
414 2655 532 2689 futura
553 2654 720 2689 diuturna
744 2654 828 2690 haec
853 2654 931 2690 istic
957 2655 1114 2696 mutatio,
1139 2655 1416 2702 quandoquidem
1439 2655 1535 2692 Deus
1553 2656 1646 2692 brevi

112 2716 306 2763 pudefaciet
330 2719 542 2753 correctores
563 2715 650 2750 istos
676 2716 713 2751 in
740 2715 892 2751 consiliis
918 2717 1080 2762 ipsorum.

159 2777 326 2814 Nicolaus
355 2776 650 2813 Buschoducensis
676 2778 704 2819 ²)
729 2776 813 2812 nihil
839 2776 921 2813 mihi
948 2774 1128 2824 respondit
1151 2777 1193 2812 ad
1221 2789 1312 2813 meas
1339 2777 1470 2820 literas,
1497 2790 1642 2826 quarum

112 2835 265 2882 alioquin
299 2835 493 2883 exemplum
527 2835 678 2871 nondum
714 2847 832 2871 rursus
857 2848 877 2871 a
903 2836 1001 2871 vobis
1027 2836 1155 2882 accepi,
1180 2839 1217 2871 et
1241 2836 1462 2873 vehementer
1487 2837 1545 2873 illo
1570 2849 1643 2884 ege-

110 2905 193 2932 rem.
244 2895 337 2931 Puto
374 2895 467 2943 qnod
500 2899 535 2930 ct
569 2896 610 2931 D.
647 2896 803 2943 Acpinus
830 2895 861 2941 ³)
886 2895 929 2932 ad
964 2896 1074 2943 ipsum
1115 2896 1253 2933 scribet.
1301 2898 1439 2933 Curabo
1464 2901 1579 2935 tamen
1607 2900 1645 2937 ut
