1830 3147
56 256 75 286 2
99 256 203 287 Paral.
227 256 277 287 26.

48 297 188 339 (Nehcm.
213 299 242 331 3.

56 340 133 371 Luc.
156 341 186 371 4.

56 382 167 412 Actor.
191 382 241 413 13.

55 423 71 453 1
97 423 245 456 Corinth.
268 424 297 456 6.

54 465 155 498 Hebr.
178 466 228 499 10.

56 789 72 819 1
97 788 240 821 Thessal.
265 792 293 823 5.

55 830 71 860 1
97 831 197 863 Petri.
222 832 252 864 2.

53 873 225 906 Romanor.
246 875 297 909 13.

52 914 201 946 Levitici.
224 916 275 950 15.

51 956 221 997 Ephesios.
245 958 274 992 7.

51 998 170 1031 Matth.
193 1000 243 1031 10.

50 1041 215 1074 Actorum.
237 1045 268 1075 4.

52 1082 69 1112 1
94 1082 233 1116 Samuel.
256 1087 306 1119 19.

50 1124 279 1161 Romanorum.
289 1130 317 1161 5.

50 1166 185 1202 Ecclesi.
209 1170 238 1202 3.

52 1414 171 1446 Matth.
196 1415 224 1447 5.

51 1456 130 1488 Luc.
153 1457 183 1490 7.

50 1498 186 1530 Roman.
210 1499 259 1529 13.

52 1540 220 1582 Ephesios.
242 1543 272 1572 4.

282 1790 294 1815 θ

51 1844 170 1876 Matth.
192 1845 222 1876 3.

53 1886 158 1918 Galat.
181 1888 210 1919 5.

51 1929 129 1960 Luc.
152 1929 203 1960 21.

49 1970 217 2012 Ephesios.
240 1972 269 2002 5.

52 2013 69 2043 1
94 2012 235 2045 Thessal.
256 2015 287 2045 4.

52 2055 68 2084 1
93 2055 241 2086 Corinth.
264 2057 293 2086 5.

50 2096 67 2126 1
78 2096 242 2129 Thimoth.
250 2098 277 2135 5,
285 2098 316 2131 4.

50 2138 151 2172 Hebr.
175 2139 224 2172 13.

50 2377 149 2410 Hebr.
172 2378 223 2410 13.

49 2420 203 2451 Proverb.
226 2421 277 2452 20.

50 2462 70 2492 2
92 2462 202 2494 Thess.
225 2463 254 2493 ὓ.

49 2503 198 2535 chitici.
222 2504 272 2535 19.

50 2546 66 2575 1
91 2545 238 2577 Corinth.
264 2546 313 2579 10.

49 2588 218 2628 Ephesios.
241 2589 270 2620 4.

51 2629 154 2661 Galat.
178 2630 207 2661 6.

344 78 415 112 506
867 88 958 116 οΑΤ.
988 88 1096 116 Ech.
1127 89 1227 116 EMD.

1021 190 1070 229 R.

392 251 525 297 Docet,
551 257 594 291 ut
621 265 706 290 cum
734 252 877 290 familia
905 253 1144 302 sabbathum,
1170 255 1248 293 sive
1266 255 1429 306 quietem
1449 254 1617 301 Domini,
1645 257 1745 306 quod

341 316 455 354 nobis
481 317 530 354 ad
558 316 754 368 utriusque
781 322 860 355 tam
888 318 1070 368 corporis,
1097 332 1211 369 quam
1239 321 1386 358 animae.
1414 320 1572 357 salutem
1592 320 1745 359 institu-

340 384 420 418 tum
455 386 523 427 est,
550 393 672 431 neque
700 382 868 432 corporis
895 382 1037 427 labore,
1064 395 1184 433 neque
1211 383 1340 421 inutili
1367 383 1464 427 ocio,
1491 397 1611 434 nequo
1638 385 1746 423 vanis

340 444 567 489 actionibus,
593 449 657 483 aut
684 445 861 495 operibus
889 446 1012 483 carnis
1038 446 1260 495 transigam,
1289 447 1352 485 sed
1381 452 1513 485 contra
1532 447 1621 484 fidei
1640 461 1746 486 exer-

341 507 453 551 citiis,
490 513 607 546 sacris
640 508 790 553 ritibus,
827 509 1013 559 bonisque
1040 510 1218 560 operibus
1246 524 1267 548 a
1303 511 1384 549 Deo
1417 511 1660 563 praescriptis
1695 511 1743 550 ad

339 571 456 623 ipsius
493 572 658 611 nominis
693 573 854 622 gloriam
881 573 976 611 illud
1004 573 1130 624 ipsum
1158 575 1401 622 sauctificem,
1434 580 1471 614 et
1499 575 1546 613 ad
1574 576 1745 627 corporis

338 632 559 684 animaeque
584 633 886 672 incolumitatem
915 646 1148 673 consumam.

974 698 1025 737 Q.
1053 698 1113 737 12.

391 761 494 800 Quid
522 762 602 811 agit
628 762 831 813 quintum?

1020 827 1068 866 R.

387 890 587 941 Praecipit.
613 897 656 929 ut
682 896 869 942 parentes,
894 895 1050 939 tutores,
1079 893 1260 944 hospites,
1279 896 1360 931 tum
1379 898 1525 944 praeter
1545 894 1613 932 hos
1631 894 1743 933 etiam

340 955 535 993 ministros
571 955 765 993 Ecclesiae
800 961 837 994 et
874 955 1157 1006 Magistratum,
1184 958 1328 995 honore
1355 962 1392 995 et
1418 959 1628 996 reverentia
1654 972 1744 1010 pro-

339 1024 487 1069 sequar,
520 1019 598 1057 imo
634 1019 690 1058 in'
715 1020 905 1066 omnibus,
941 1034 1037 1071 quae
1072 1021 1227 1072 quidem
1263 1020 1343 1059 Deo
1379 1034 1458 1059 non
1485 1022 1744 1070 adversantur,

338 1083 414 1121 illis
450 1097 601 1134 paream
636 1097 835 1136 meamque,
866 1099 952 1134 erga
981 1085 1081 1132 illos,
1107 1099 1176 1136 pro
1205 1086 1388 1137 cuiusque
1415 1087 1626 1133 vocatione,
1651 1101 1742 1126 nus-

339 1162 452 1200 quam
478 1155 556 1188 nou
585 1148 773 1188 declarem
800 1149 1086 1199 gratitudinem.

973 1214 1024 1254 Q..
1053 1217 1115 1254 13.

391 1277 493 1316 Quid
522 1281 671 1316 sextum
697 1278 879 1317 mandat?

1015 1342 1062 1381 R.

389 1405 448 1442 Ne
474 1405 702 1456 proximum,
729 1405 808 1443 sive
834 1404 929 1443 mihi
955 1405 1099 1443 amicus
1128 1406 1207 1444 sive
1231 1406 1410 1444 inimicus
1430 1407 1556 1451 fuerit,
1581 1406 1637 1445 ira
1655 1421 1743 1458 pro-

338 1482 473 1520 sequar
499 1473 564 1507 aut
590 1469 691 1516 odio,
720 1482 813 1507 neve
839 1469 1009 1507 occidam
1028 1470 1150 1516 illum,
1177 1470 1241 1508 sed
1262 1476 1393 1509 contra
1413 1484 1497 1509 cum
1516 1471 1621 1509 omni
1635 1485 1744 1509 man-

338 1533 537 1572 suetudine
572 1534 701 1580 seram,
737 1538 850 1584 atque
884 1547 1018 1579 amem,
1045 1538 1081 1572 et
1108 1534 1157 1572 ab
1187 1535 1292 1573 omni
1320 1535 1491 1587 corporis
1519 1536 1741 1587 animaeque

335 1598 504 1649 periculo
530 1598 638 1636 illum
663 1602 769 1636 tuear
796 1611 840 1636 ac
868 1598 1080 1638 defendam.

974 1663 1025 1703 Q..
1055 1666 1116 1703 14.

389 1727 493 1766 Quid
522 1727 596 1765 sibi
623 1727 705 1765 vult
732 1727 960 1778 septimum?

1018 1792 1065 1831 R.

387 1855 569 1893 Prohibet
604 1867 681 1892 non
717 1854 831 1892 modo
867 1868 1017 1893 omnem
1043 1855 1243 1893 libidinem
1271 1859 1401 1906 stupra
1429 1855 1679 1894 scortationes
1706 1859 1744 1894 et

337 1920 533 1965 adulteria,
561 1933 688 1957 verum
717 1919 829 1957 etiam
857 1920 988 1957 luxum
1016 1925 1051 1958 et
1079 1920 1271 1970 quaelibet
1297 1919 1498 1957 libidinum
1517 1919 1741 1957 incitamen-

335 1988 374 2023 ta
402 1984 555 2023 vitanda
583 1997 663 2022 esse
690 1984 813 2023 (locet.
840 1984 984 2022 Deinde
1011 1984 1203 2035 praecipit,
1237 1989 1278 2022 ut
1297 1984 1465 2022 omnium
1485 1997 1607 2021 rerum
1628 1985 1739 2022 casti-

335 2052 450 2086 tatem
476 2048 701 2086 modestiam
729 2061 772 2085 ac
800 2048 1042 2086 sobrietatem
1068 2052 1146 2086 tam
1172 2048 1214 2086 in
1242 2048 1432 2086 coelibatu
1459 2061 1571 2099 quam
1591 2049 1630 2086 in
1649 2062 1739 2086 con-

335 2113 439 2162 iugio
467 2126 588 2150 amem
615 2116 727 2164 atque
755 2112 966 2151 defendam.

970 2177 1020 2216 Q..
1050 2179 1112 2215 15.

386 2241 484 2280 Quis
513 2246 569 2280 est
596 2242 721 2279 octavi
750 2243 910 2279 sensus}>

1016 2306 1063 2344 P..

385 2369 518 2407 Monet
545 2382 590 2407 ne
628 2369 728 2407 bona
763 2369 926 2420 proximi
964 2369 1078 2416 furto,
1105 2373 1169 2406 aut
1197 2369 1276 2406 ullo
1303 2368 1502 2419 aequitatis
1530 2373 1735 2419 praetextu,

334 2438 399 2470 aut
436 2438 521 2470 astu
559 2433 751 2483 quopiam,
777 2436 842 2470 aut
870 2432 1030 2470 avaritia
1059 2432 1291 2477 subtraham,
1319 2432 1384 2470 sed
1410 2432 1512 2469 illius
1540 2432 1735 2471 facultates

336 2502 372 2536 et
399 2501 598 2548 quaestum
624 2510 877 2548 promoveam,
904 2510 1036 2548 meque
1065 2510 1149 2535 cum
1178 2510 1263 2535 vere
1289 2496 1518 2547 pauperibus
1546 2500 1582 2534 et
1608 2497 1735 2545 cgenis
1769 2502 1773 2504 “

334 2562 486 2612 proprio
514 2562 644 2599 labore
673 2565 891 2600 sustentem.

968 2690 1017 2727 Q.
1048 2691 1106 2726 16.

387 2753 488 2791 Quid
520 2767 660 2790 nonum
691 2754 826 2790 docet?
