1830 3147
1552 87 1598 125 63

67 212 150 237 rum
187 198 253 250 qui
289 202 376 237 sunt
404 196 569 247 eligendi
596 196 691 236 ratio
719 196 799 249 ipsa
827 196 1004 248 postulat,
1033 196 1251 249 priusquam
1280 202 1479 237 consuetae
1508 199 1602 237 aliae

64 277 190 315 preces
217 264 389 315 publicae
414 262 703 300 Ecclesiasticae
728 262 990 309 instituantur,
1019 262 1194 301 Minister
1223 262 1431 302 Ecclesiam
1449 264 1497 301 ad
1515 277 1601 315 pre-

63 328 223 366 candum
265 327 502 380 peculiariter
538 326 674 365 invitat
716 339 784 378 pro
822 339 995 364 successu
1032 327 1182 365 futurae
1218 327 1483 372 Ministrorum
1527 329 1601 367 ele-

62 394 212 440 ctionis,
237 397 348 444 atque
377 392 476 431 clara
503 405 594 431 voce
621 391 666 430 ad
695 405 777 430 eum
807 391 962 430 modum
991 397 1164 444 precatur
1191 393 1245 441 (D
1276 395 1346 442 7²¹).

118 522 364 562 '‘DOMINE
388 522 497 569 Deus,
525 522 635 561 Pater
664 527 789 561 noster
819 522 1009 561 coelestis!
1039 523 1145 562 cuius
1165 523 1280 561 solius
1298 524 1466 574 gratuito
1486 524 1602 564 bene·-

61 589 147 626 ficio
184 589 239 633 fit,
266 592 308 625 ut
334 588 457 626 bonos
484 601 527 625 ac
554 587 682 626 fideles
713 587 912 626 Ministros
938 587 979 626 in
1006 588 1177 626 Ecclesia
1206 589 1422 636 habeamus,
1459 594 1494 628 et
1523 590 1603 629 sine

62 651 167 689 cuius
202 651 343 689 auxilio
378 651 541 689 humana
577 651 765 689 industria
800 651 896 688 nihil
933 651 1088 688 omnino
1117 652 1258 689 efficere
1285 657 1423 703 potest,
1461 653 1599 691 nedum

61 722 103 754 ut
130 716 320 765 legitimos
348 715 538 754 Ecclesiae
565 720 648 754 tuae
677 716 876 754 Ministros
905 729 950 754 ex
977 716 1088 754 nobis
1114 716 1207 767 ipsis
1234 717 1370 766 eligere
1389 718 1465 755 ullo
1486 718 1600 756 modo

60 782 481 833 possimus,—0ramus
509 786 612 820 tuam
642 781 889 828 clementiam,
917 782 1028 820 Pater
1048 782 1301 820 sanctissime!
1329 789 1371 820 ut
1390 783 1603 821 Ecclcssiae

61 845 150 882 huic
186 850 351 889 nostrae,
386 858 480 896 quae
513 849 550 882 te
577 858 650 882 una
679 857 763 882 cum
790 845 988 894 unigenito
1017 845 1095 882 filio
1124 851 1190 883 tuo
1219 858 1262 883 ac
1292 846 1430 883 Sancto
1466 847 1602 897 spiritu

61 909 191 947 Unum
229 909 368 947 Verum
403 913 515 960 atque
543 910 748 947 Aeternum
784 909 905 947 Deum
934 922 1041 947 suum
1069 923 1149 947 esse
1177 909 1295 948 credit
1323 923 1366 948 ac
1393 912 1602 962 profitetur,

61 980 97 1012 et
132 988 201 1026 pro
239 988 310 1026 qua
346 975 444 1012 idem
478 975 558 1026 ipse
593 975 693 1012 filius
729 978 817 1013 tuus
859 975 1079 1024 sanguinem
1109 989 1219 1013 suum
1245 975 1600 1015 innocentissimum

62 1038 217 1076 fundere
262 1052 339 1076 non
384 1038 591 1085 dubitavit,
639 1039 777 1076 donare
815 1038 981 1088 digneris
1018 1039 1101 1090 pios
1136 1040 1264 1078 fideles
1301 1053 1344 1078 ac
1382 1040 1601 1090 diligentes,

62 1104 112 1142 N.
150 1104 249 1152 (Hic
284 1104 499 1142 nominandi
535 1109 621 1142 sunt·
649 1105 842 1150 Muciam,
871 1105 936 1153 qui
963 1105 1053 1155 eliqi
1080 1106 1300 1152 debebunt),
1332 1106 1395 1156 qui
1425 1120 1492 1144 suo
1524 1106 1600 1144 Mi-

60 1167 215 1206 nisterio
253 1168 457 1206 secundum
491 1168 667 1206 Divinam
697 1169 928 1207 voluntatem
956 1174 1058 1207 tuam
1087 1169 1133 1207 ad
1164 1170 1328 1208 nominis
1360 1170 1413 1209 tui
1439 1171 1601 1221 gloriam

61 1236 97 1271 et
125 1233 314 1271 Ecclesiae
343 1238 492 1271 nostrae
519 1233 815 1272 aedificationem
839 1234 1058 1284 fungantur.
1097 1235 1200 1284 Rege
1228 1248 1272 1272 ac
1300 1235 1467 1284 guberna
1489 1235 1602 1273 corda

63 1298 219 1336 consilia
255 1302 290 1336 et
327 1297 501 1347 suffragia
537 1302 708 1336 nostrum
746 1299 914 1336 omnium
949 1299 989 1336 in
1026 1298 1096 1336 hac
1135 1299 1185 1338 N.
1224 1300 1425 1346 electione,
1463 1304 1504 1339 ut
1540 1313 1602 1338 so·

60 1363 135 1400 lam
172 1363 354 1401 duntaxat
381 1363 539 1413 gloriam
568 1367 670 1401 tuam
699 1364 737 1401 in
766 1368 964 1415 prospectu
992 1369 1122 1402 nostro
1152 1365 1351 1415 haben-(D
1381 1367 1512 1415 71³)tes,
1538 1379 1602 1404 eos

62 1429 102 1466 in
140 1429 190 1467 N.
228 1419 604 1467 nostrae'Ecclesiae
640 1428 834 1478 eligamus,
871 1429 948 1481 qui,
984 1429 1114 1468 defixis
1150 1436 1184 1468 et
1212 1430 1284 1481 ipsi
1312 1431 1389 1469 suis
1416 1431 1534 1469 oculis
1562 1431 1602 1469 in

64 1493 180 1531 solam
221 1493 387 1530 nominis
424 1493 480 1531 tui
515 1494 689 1543 gloriam,
727 1494 935 1532 ministerio
973 1508 1040 1532 suo
1079 1500 1179 1532 recte
1206 1508 1249 1533 ac
1276 1495 1436 1534 fideliter
1465 1496 1600 1535 defun-

63 1563 214 1609 gantur.
257 1559 407 1596 Exaudi
434 1572 503 1597 nos
532 1572 770 1610 quaesumus,
797 1560 907 1597 Pater
937 1560 1242 1598 clementissime!
1273 1574 1380 1612 opem
1408 1561 1469 1599 hic
1497 1566 1600 1600 tuam

62 1623 238 1662 Divinam
276 1623 492 1675 suppliciter
530 1624 774 1675 implorantes
812 1638 876 1675 per
904 1624 1013 1663 unice
1039 1625 1111 1663 tibi
1139 1625 1316 1664 dilectum
1346 1639 1482 1665 nomen
1510 1627 1598 1665 Iesu

65 1689 218 1736 Christi,
243 1689 313 1727 filii
340 1689 397 1727 tui
424 1688 581 1727 Domini
608 1690 742 1728 nostri.
772 1688 936 1728 Amen.''

111 1818 201 1856 Post
232 1818 325 1856 hanc
351 1818 606 1869 precationem
635 1818 822 1857 habentur
850 1820 997 1858 demum
1026 1816 1275 1873 aliae'preces
1306 1826 1503 1861 consuetae
1531 1834 1598 1874 pro

62 1884 323 1922 communibus
353 1883 542 1921 Ecclesiae
570 1883 878 1923 necessitatibus:
917 1886 1053 1936 quibus
1081 1886 1266 1925 absolutis
1294 1891 1330 1925 et
1359 1888 1508 1925 Psalmo
1528 1887 1599 1925 ali-

60 1962 134 2000 quo
163 1948 374 1994 decantato,
409 1951 586 1986 monetur
613 1948 799 1994 Ecclesia,
826 1954 867 1987 ut
895 1962 1024 1987 omnes
1054 1950 1208 1988 domum
1235 1951 1373 1989 reversi
1402 1952 1526 1988 sobrie
1554 1964 1597 1989 ac

59 2013 255 2062 frugaliter
283 2017 362 2050 toto
391 2025 431 2050 eo
463 2012 521 2050 die
550 2012 678 2051 vivant
706 2026 751 2051 ac
780 2014 861 2051 sine
890 2015 973 2052 cibo
1003 2019 1040 2053 et
1067 2019 1159 2066 potu
1186 2015 1233 2053 ad
1262 2029 1453 2067 vesperam
1482 2028 1598 2066 usque

59 2081 262 2128 (quatenus
297 2076 336 2114 id
373 2076 545 2114 valetudo
585 2077 766 2128 cuiusque
802 2078 1004 2129 permittit)
1046 2079 1141 2117 diem
1181 2080 1286 2118 illum
1317 2080 1529 2130 transigant
1556 2080 1598 2118 in

58 2142 233 2194 precibus
269 2145 305 2179 et
333 2153 436 2178 sacra
464 2141 636 2180 lectione.
690 2145 782 2188 Aut,
817 2143 849 2179 si
876 2143 966 2193 quid
997 2144 1207 2182 necessario
1235 2149 1386 2196 propter
1414 2144 1596 2182 valetudi-

59 2220 145 2245 nem
183 2205 256 2243 cibi
293 2205 515 2244 sumendum
556 2205 626 2252 sit,
661 2205 699 2243 id
736 2210 779 2244 ut
815 2221 959 2244 summa
992 2221 1081 2245 ‘cum
1116 2209 1371 2247 moderatione
1409 2212 1444 2247 et
1471 2209 1595 2260 parci-

58 2271 185 2309 monia
220 2271 297 2317 fiat,
330 2283 404 2320 quo
440 2269 587 2308 facilius
614 2274 716 2308 totus
746 2271 823 2308 dies
850 2270 912 2308 ille
940 2272 1114 2322 precibus
1143 2277 1178 2311 et
1207 2273 1323 2311 cultui
1352 2273 1491 2310 Divino
1522 2272 1594 2311 im-

57 2336 251 2388 pendatur.
305 2337 430 2386 Atque
466 2336 518 2372 ita
557 2335 704 2373 demum
741 2335 839 2373 facta
866 2335 1081 2374 istiusmodi
1109 2338 1366 2376 admonitione
1395 2338 1595 2377 dimittitur

60 2415 143 2440 cum
180 2413 269 2452 pace
303 2400 472 2438 Ecclesia
507 2404 542 2437 et
569 2400 614 2437 ad
645 2400 842 2438 secundam
874 2415 1001 2439 rursus
1029 2402 1324 2454 pomeridianam
1353 2407 1593 2443 convocatur.

59 2467 194 2518 Ibique
229 2479 357 2504 rursus
394 2467 435 2503 fit
473 2465 604 2503 concio
632 2465 805 2517 publica,
833 2466 872 2505 in
900 2480 973 2518 qua
1001 2467 1147 2521 plenius
1174 2467 1226 2517 (D
1255 2471 1312 2517 Sa)
1340 2472 1594 2520 exponuntur,

59 2545 153 2583 quae
198 2532 384 2570 matutina
429 2531 610 2569 concione
645 2531 735 2569 satis
771 2532 949 2583 explicari
985 2546 1062 2570 non
1097 2538 1325 2584 potuerunt,
1361 2535 1594 2585 populusque

60 2597 181 2635 denuo
218 2597 266 2635 ad
301 2597 529 2648 precandum
566 2596 769 2642 invitatur,
805 2602 841 2636 et
875 2598 930 2636 sic
966 2602 1068 2636 totus
1107 2599 1184 2637 dies
1212 2599 1274 2638 ille
1301 2600 1524 2649 transigitur
1552 2601 1592 2638 in

58 2662 198 2700 ieiunio
236 2666 272 2700 et
307 2663 533 2714 precatione,
569 2667 609 2700 ut
647 2662 748 2701 Deus
784 2664 951 2702 futuram
989 2663 1252 2703 Ministrorum
1279 2665 1500 2703 electionem
1528 2678 1592 2716 per

61 2727 238 2777 Spiritum
279 2728 456 2766 Sanctum
496 2740 602 2765 suum
631 2728 839 2767 orubernarc
867 2730 1101 2779 faustamquc
1128 2742 1170 2767 ac
1199 2730 1370 2768 foelicem
1400 2742 1488 2767 snae
1515 2729 1590 2768 Ec-

629 2758 651 2787 ἶ)

61 2791 192 2828 (zlesiae
220 2797 369 2842 propter
399 2792 573 2829 dilectum
602 2792 716 2829 filium
749 2807 854 2831 suum
885 2808 963 2830 (esse
993 2795 1091 2832 velit.
