<?xml version="1.0" encoding="UTF-8"?>
<!DOCTYPE html PUBLIC "-//W3C//DTD XHTML 1.0 Transitional//EN"
    "http://www.w3.org/TR/xhtml1/DTD/xhtml1-transitional.dtd">
<html xmlns="http://www.w3.org/1999/xhtml" xml:lang="en" lang="en">
 <head>
  <title>
</title>
<meta http-equiv="Content-Type" content="text/html;charset=utf-8" />
  <meta name='ocr-system' content='tesseract 3.04.00' />
  <meta name='ocr-capabilities' content='ocr_page ocr_carea ocr_par ocr_line ocrx_word'/>
</head>
<body>
  <div class='ocr_page' id='page_1' title='image "./operatameditaqua02lask_0691.png"; bbox 0 0 1830 3147; ppageno 0'>
   <div class='ocr_carea' id='block_1_1' title="bbox 826 100 1622 148">
    <p class='ocr_par' dir='ltr' id='par_1_1' title="bbox 826 100 1622 148">
     <span class='ocr_line' id='line_1_1' title="bbox 826 100 1622 148; baseline -0.009 -5"><span class='ocrx_word' id='word_1_1' title='bbox 826 106 894 143; x_wconf 75' lang='lat'><strong>669</strong></span> <span class='ocrx_word' id='word_1_2' title='bbox 1344 103 1410 148; x_wconf 87' lang='lat' dir='ltr'><strong>[A.</strong></span> <span class='ocrx_word' id='word_1_3' title='bbox 1436 101 1481 137; x_wconf 85' lang='lat' dir='ltr'><strong>D.</strong></span> <span class='ocrx_word' id='word_1_4' title='bbox 1509 100 1622 146; x_wconf 83' lang='lat'>1551]</span> 
     </span>
    </p>
   </div>
   <div class='ocr_carea' id='block_1_2' title="bbox 98 206 1629 376">
    <p class='ocr_par' dir='ltr' id='par_1_2' title="bbox 98 206 1629 376">
     <span class='ocr_line' id='line_1_2' title="bbox 98 206 1629 258; baseline -0.013 0"><span class='ocrx_word' id='word_1_5' title='bbox 98 225 200 258; x_wconf 67' lang='lat' dir='ltr'><strong>Datne</strong></span> <span class='ocrx_word' id='word_1_6' title='bbox 222 225 296 256; x_wconf 83' lang='lat' dir='ltr'><strong>sunt</strong></span> <span class='ocrx_word' id='word_1_7' title='bbox 319 223 337 254; x_wconf 88' lang='lat'><strong>5</strong></span> <span class='ocrx_word' id='word_1_8' title='bbox 360 220 446 254; x_wconf 80' lang='lat' dir='ltr'><strong>Iunii</strong></span> <span class='ocrx_word' id='word_1_9' title='bbox 469 219 562 252; x_wconf 84' lang='lat'>1551.</span> <span class='ocrx_word' id='word_1_10' title='bbox 594 219 623 258; x_wconf 73' lang='grc'><strong>2)</strong></span> <span class='ocrx_word' id='word_1_11' title='bbox 648 217 697 249; x_wconf 82' lang='lat' dir='ltr'><strong>Ad</strong></span> <span class='ocrx_word' id='word_1_12' title='bbox 721 217 751 249; x_wconf 87' lang='lat' dir='ltr'><strong>d.</strong></span> <span class='ocrx_word' id='word_1_13' title='bbox 774 217 793 247; x_wconf 86' lang='grc'><strong>6</strong></span> <span class='ocrx_word' id='word_1_14' title='bbox 816 216 904 258; x_wconf 84' lang='lat' dir='ltr'><strong>Sept.</strong></span> <span class='ocrx_word' id='word_1_15' title='bbox 926 213 1027 246; x_wconf 85' lang='lat' dir='ltr'><strong>Lond.</strong></span> <span class='ocrx_word' id='word_1_16' title='bbox 1050 213 1173 253; x_wconf 77' lang='lat' dir='ltr'><strong>legatus</strong></span> <span class='ocrx_word' id='word_1_17' title='bbox 1196 211 1305 242; x_wconf 75' lang='lat' dir='ltr'><strong>Fuess.</strong></span> <span class='ocrx_word' id='word_1_18' title='bbox 1327 208 1483 252; x_wconf 86' lang='lat' dir='ltr'><strong>pervenit.</strong></span> <span class='ocrx_word' id='word_1_19' title='bbox 1508 208 1535 247; x_wconf 78' lang='lat'><strong>³)</strong></span> <span class='ocrx_word' id='word_1_20' title='bbox 1559 206 1629 239; x_wconf 81' lang='lat' dir='ltr'>Ioh.</span> 
     </span>
     <span class='ocr_line' id='line_1_3' title="bbox 101 263 1628 320; baseline -0.013 -7"><span class='ocrx_word' id='word_1_21' title='bbox 101 282 206 313; x_wconf 66' lang='lat' dir='ltr'><strong>Fuess.</strong></span> <span class='ocrx_word' id='word_1_22' title='bbox 232 282 257 320; x_wconf 74' lang='lat'><strong>⁴)</strong></span> <span class='ocrx_word' id='word_1_23' title='bbox 281 279 331 311; x_wconf 88' lang='lat' dir='ltr'><strong>Cf.</strong></span> <span class='ocrx_word' id='word_1_24' title='bbox 355 278 393 309; x_wconf 86' lang='lat' dir='ltr'><strong>de</strong></span> <span class='ocrx_word' id='word_1_25' title='bbox 417 276 568 309; x_wconf 83' lang='lat' dir='ltr'>missione</span> <span class='ocrx_word' id='word_1_26' title='bbox 592 274 648 305; x_wconf 76' lang='lat' dir='ltr'><strong>illa</strong></span> <span class='ocrx_word' id='word_1_27' title='bbox 671 284 751 315; x_wconf 82' lang='lat' dir='ltr'><strong>quae</strong></span> <span class='ocrx_word' id='word_1_28' title='bbox 773 282 870 314; x_wconf 77' lang='lat' dir='ltr'><strong>supra</strong></span> <span class='ocrx_word' id='word_1_29' title='bbox 892 271 925 302; x_wconf 89' lang='lat' dir='ltr'><strong>in</strong></span> <span class='ocrx_word' id='word_1_30' title='bbox 947 269 1064 301; x_wconf 80' lang='lat' dir='ltr'><strong>litteris</strong></span> <span class='ocrx_word' id='word_1_31' title='bbox 1078 268 1116 299; x_wconf 85' lang='lat' dir='ltr'><strong>ad</strong></span> <span class='ocrx_word' id='word_1_32' title='bbox 1134 267 1214 298; x_wconf 89' lang='lat' dir='ltr'><strong>Duc.</strong></span> <span class='ocrx_word' id='word_1_33' title='bbox 1233 267 1339 298; x_wconf 80' lang='lat' dir='ltr'><strong>Pruss.</strong></span> <span class='ocrx_word' id='word_1_34' title='bbox 1356 267 1387 296; x_wconf 89' lang='lat' dir='ltr'><strong>ct</strong></span> <span class='ocrx_word' id='word_1_35' title='bbox 1399 274 1494 306; x_wconf 84' lang='lat' dir='ltr'><strong>opere</strong></span> <span class='ocrx_word' id='word_1_36' title='bbox 1512 263 1628 294; x_wconf 85' lang='lat' dir='ltr'><strong>ibidem</strong></span> 
     </span>
     <span class='ocr_line' id='line_1_4' title="bbox 99 322 1533 376; baseline -0.012 -8"><span class='ocrx_word' id='word_1_37' title='bbox 99 337 198 368; x_wconf 84' lang='lat' dir='ltr'><strong>citato</strong></span> <span class='ocrx_word' id='word_1_38' title='bbox 223 333 398 376; x_wconf 79' lang='lat' dir='ltr'><strong>Langennii</strong></span> <span class='ocrx_word' id='word_1_39' title='bbox 423 332 571 374; x_wconf 86' lang='lat' dir='ltr'><strong>leguntur</strong></span> <span class='ocrx_word' id='word_1_40' title='bbox 595 332 626 362; x_wconf 83' lang='lat' dir='ltr'><strong>et</strong></span> <span class='ocrx_word' id='word_1_41' title='bbox 649 329 681 360; x_wconf 90' lang='lat' dir='ltr'><strong>iu</strong></span> <span class='ocrx_word' id='word_1_42' title='bbox 705 328 797 360; x_wconf 78' lang='lat' dir='ltr'><strong>Lasei</strong></span> <span class='ocrx_word' id='word_1_43' title='bbox 820 327 887 359; x_wconf 83' lang='lat' dir='ltr'><strong>vita</strong></span> <span class='ocrx_word' id='word_1_44' title='bbox 909 325 1090 359; x_wconf 79' lang='lat' dir='ltr'><strong>accuratius</strong></span> <span class='ocrx_word' id='word_1_45' title='bbox 1112 322 1302 355; x_wconf 81' lang='lat' dir='ltr'><strong>excutienda</strong></span> <span class='ocrx_word' id='word_1_46' title='bbox 1323 322 1403 354; x_wconf 85' lang='lat' dir='ltr'><strong>mihi</strong></span> <span class='ocrx_word' id='word_1_47' title='bbox 1428 323 1533 353; x_wconf 86' lang='lat' dir='ltr'><strong>eruut.</strong></span> 
     </span>
    </p>
   </div>
   <div class='ocr_carea' id='block_1_3' title="bbox 669 452 1617 471">
    <p class='ocr_par' dir='ltr' id='par_1_3' title="bbox 669 452 1617 471">
     <span class='ocr_line' id='line_1_5' title="bbox 669 452 1617 471; baseline -0.006 0"><span class='ocrx_word' id='word_1_48' title='bbox 669 452 1617 471; x_wconf 28' lang='lat' dir='ltr'><strong>,ffl-„s-ae-——ff-—ss—</strong></span> 
     </span>
    </p>
   </div>
   <div class='ocr_carea' id='block_1_4' title="bbox 105 553 1631 610">
    <p class='ocr_par' dir='ltr' id='par_1_4' title="bbox 105 553 1631 610">
     <span class='ocr_line' id='line_1_6' title="bbox 105 553 1631 610; baseline -0.016 0"><span class='ocrx_word' id='word_1_49' title='bbox 105 574 164 610; x_wconf 85' lang='lat' dir='ltr'><strong>N⁰.</strong></span> <span class='ocrx_word' id='word_1_50' title='bbox 189 574 244 608; x_wconf 81' lang='lat'><strong>84.</strong></span> <span class='ocrx_word' id='word_1_51' title='bbox 1204 558 1250 604; x_wconf 69' lang='lat' dir='ltr'><strong>[Er</strong></span> <span class='ocrx_word' id='word_1_52' title='bbox 1268 559 1337 593; x_wconf 70' lang='lat' dir='ltr'><strong>Arch.</strong></span> <span class='ocrx_word' id='word_1_53' title='bbox 1355 559 1420 591; x_wconf 75' lang='lat' dir='ltr'><strong>Secr.</strong></span> <span class='ocrx_word' id='word_1_54' title='bbox 1438 558 1496 598; x_wconf 75' lang='lat' dir='ltr'><strong>[leg.</strong></span> <span class='ocrx_word' id='word_1_55' title='bbox 1508 553 1631 599; x_wconf 62' lang='lat' dir='ltr'><strong>Bernlin]</strong></span> 
     </span>
    </p>
   </div>
   <div class='ocr_carea' id='block_1_5' title="bbox 469 687 1273 726">
    <p class='ocr_par' dir='ltr' id='par_1_5' title="bbox 469 687 1273 726">
     <span class='ocr_line' id='line_1_7' title="bbox 469 687 1273 726; baseline -0.015 0"><span class='ocrx_word' id='word_1_56' title='bbox 469 689 525 726; x_wconf 79' lang='lat' dir='ltr'><strong>Ad</strong></span> <span class='ocrx_word' id='word_1_57' title='bbox 551 690 815 726; x_wconf 63' lang='lat' dir='ltr'><strong>Mmcmonen</strong></span> <span class='ocrx_word' id='word_1_58' title='bbox 845 687 1273 722; x_wconf 71' lang='lat' dir='ltr'><strong>BRANDENBURGENSEM.</strong></span> 
     </span>
    </p>
   </div>
   <div class='ocr_carea' id='block_1_6' title="bbox 105 796 1667 2915">
    <p class='ocr_par' dir='ltr' id='par_1_6' title="bbox 105 796 1667 2915">
     <span class='ocr_line' id='line_1_8' title="bbox 153 796 1634 856; baseline -0.015 -4"><span class='ocrx_word' id='word_1_59' title='bbox 153 817 292 852; x_wconf 73' lang='lat' dir='ltr'><strong>Praeter</strong></span> <span class='ocrx_word' id='word_1_60' title='bbox 316 813 510 850; x_wconf 80' lang='lat' dir='ltr'><strong>communia</strong></span> <span class='ocrx_word' id='word_1_61' title='bbox 536 811 698 848; x_wconf 77' lang='lat' dir='ltr'><strong>mandata</strong></span> <span class='ocrx_word' id='word_1_62' title='bbox 724 809 792 850; x_wconf 86' lang='lat' dir='ltr'><strong>illa,</strong></span> <span class='ocrx_word' id='word_1_63' title='bbox 816 819 904 856; x_wconf 79' lang='lat' dir='ltr'><strong>quae</strong></span> <span class='ocrx_word' id='word_1_64' title='bbox 929 809 965 842; x_wconf 86' lang='lat' dir='ltr'><strong>et</strong></span> <span class='ocrx_word' id='word_1_65' title='bbox 989 808 1067 842; x_wconf 86' lang='lat' dir='ltr'><strong>tuae</strong></span> <span class='ocrx_word' id='word_1_66' title='bbox 1093 800 1321 840; x_wconf 87' lang='lat' dir='ltr'><strong>Celsitudinis</strong></span> <span class='ocrx_word' id='word_1_67' title='bbox 1346 803 1382 835; x_wconf 81' lang='lat' dir='ltr'><strong>et</strong></span> <span class='ocrx_word' id='word_1_68' title='bbox 1407 796 1634 834; x_wconf 76' lang='lat' dir='ltr'><strong>lllustrissimi</strong></span> 
     </span>
     <span class='ocr_line' id='line_1_9' title="bbox 106 857 1639 912; baseline -0.014 1"><span class='ocrx_word' id='word_1_69' title='bbox 106 876 206 912; x_wconf 89' lang='lat' dir='ltr'><strong>simul</strong></span> <span class='ocrx_word' id='word_1_70' title='bbox 232 875 371 911; x_wconf 86' lang='lat' dir='ltr'>Domini</span> <span class='ocrx_word' id='word_1_71' title='bbox 400 873 558 911; x_wconf 82' lang='lat' dir='ltr'><strong>Mauritii</strong></span> <span class='ocrx_word' id='word_1_72' title='bbox 584 871 691 907; x_wconf 89' lang='lat' dir='ltr'><strong>Ducis</strong></span> <span class='ocrx_word' id='word_1_73' title='bbox 717 870 854 905; x_wconf 89' lang='lat' dir='ltr'><strong>nomine</strong></span> <span class='ocrx_word' id='word_1_74' title='bbox 882 867 961 903; x_wconf 80' lang='lat' dir='ltr'><strong>mihi</strong></span> <span class='ocrx_word' id='word_1_75' title='bbox 987 865 1144 912; x_wconf 83' lang='lat' dir='ltr'><strong>exposita</strong></span> <span class='ocrx_word' id='word_1_76' title='bbox 1171 865 1322 903; x_wconf 79' lang='lat' dir='ltr'><strong>suerunt,</strong></span> <span class='ocrx_word' id='word_1_77' title='bbox 1345 857 1639 906; x_wconf 78' lang='lat' dir='ltr'><strong>accepiquaedam</strong></span> 
     </span>
     <span class='ocr_line' id='line_1_10' title="bbox 106 918 1637 985; baseline -0.014 -11"><span class='ocrx_word' id='word_1_78' title='bbox 106 942 279 985; x_wconf 80' lang='lat' dir='ltr'><strong>praeterea</strong></span> <span class='ocrx_word' id='word_1_79' title='bbox 303 937 420 977; x_wconf 86' lang='lat' dir='ltr'><strong>etiam,</strong></span> <span class='ocrx_word' id='word_1_80' title='bbox 447 947 534 983; x_wconf 82' lang='lat' dir='ltr'><strong>quae</strong></span> <span class='ocrx_word' id='word_1_81' title='bbox 559 934 602 970; x_wconf 82' lang='lat' dir='ltr'><strong>ad</strong></span> <span class='ocrx_word' id='word_1_82' title='bbox 629 936 709 968; x_wconf 83' lang='lat' dir='ltr'><strong>tune</strong></span> <span class='ocrx_word' id='word_1_83' title='bbox 735 931 905 966; x_wconf 80' lang='lat' dir='ltr'><strong>duntaxat</strong></span> <span class='ocrx_word' id='word_1_84' title='bbox 929 925 1156 963; x_wconf 81' lang='lat' dir='ltr'><strong>Celsitudinis</strong></span> <span class='ocrx_word' id='word_1_85' title='bbox 1179 934 1357 972; x_wconf 84' lang='lat' dir='ltr'>personam</span> <span class='ocrx_word' id='word_1_86' title='bbox 1375 918 1573 956; x_wconf 71' lang='lat' dir='ltr'>attinebant.</span> <span class='ocrx_word' id='word_1_87' title='bbox 1597 922 1637 960; x_wconf 81' lang='lat'><strong>¹),</strong></span> 
     </span>
     <span class='ocr_line' id='line_1_11' title="bbox 105 981 1638 1043; baseline -0.013 -9"><span class='ocrx_word' id='word_1_88' title='bbox 105 1004 140 1034; x_wconf 89' lang='lat' dir='ltr'><strong>ct</strong></span> <span class='ocrx_word' id='word_1_89' title='bbox 166 998 244 1033; x_wconf 89' lang='lat' dir='ltr'><strong>dedi</strong></span> <span class='ocrx_word' id='word_1_90' title='bbox 270 1009 352 1033; x_wconf 81' lang='lat' dir='ltr'><strong>sane</strong></span> <span class='ocrx_word' id='word_1_91' title='bbox 377 1008 513 1043; x_wconf 86' lang='lat' dir='ltr'><strong>operam</strong></span> <span class='ocrx_word' id='word_1_92' title='bbox 539 993 661 1030; x_wconf 87' lang='lat' dir='ltr'><strong>sedulo</strong></span> <span class='ocrx_word' id='word_1_93' title='bbox 686 1004 725 1028; x_wconf 89' lang='lat' dir='ltr'><strong>ac</strong></span> <span class='ocrx_word' id='word_1_94' title='bbox 751 991 943 1038; x_wconf 83' lang='lat' dir='ltr'><strong>diligenter,</strong></span> <span class='ocrx_word' id='word_1_95' title='bbox 970 992 1006 1024; x_wconf 86' lang='lat' dir='ltr'><strong>ut</strong></span> <span class='ocrx_word' id='word_1_96' title='bbox 1032 999 1084 1022; x_wconf 86' lang='lat' dir='ltr'><strong>res</strong></span> <span class='ocrx_word' id='word_1_97' title='bbox 1109 999 1149 1022; x_wconf 88' lang='lat' dir='ltr'><strong>ex</strong></span> <span class='ocrx_word' id='word_1_98' title='bbox 1174 983 1344 1021; x_wconf 79' lang='lat' dir='ltr'><strong>sententia</strong></span> <span class='ocrx_word' id='word_1_99' title='bbox 1369 981 1492 1017; x_wconf 83' lang='lat' dir='ltr'><strong>confici</strong></span> <span class='ocrx_word' id='word_1_100' title='bbox 1513 982 1638 1026; x_wconf 78' lang='lat' dir='ltr'><strong>posset.</strong></span> 
     </span>
     <span class='ocr_line' id='line_1_12' title="bbox 107 1040 1637 1105; baseline -0.013 -11"><span class='ocrx_word' id='word_1_101' title='bbox 107 1060 174 1095; x_wconf 80' lang='lat' dir='ltr'><strong>Sed</strong></span> <span class='ocrx_word' id='word_1_102' title='bbox 202 1059 267 1094; x_wconf 85' lang='lat' dir='ltr'><strong>sul)</strong></span> <span class='ocrx_word' id='word_1_103' title='bbox 293 1059 324 1093; x_wconf 89' lang='lat' dir='ltr'><strong>id</strong></span> <span class='ocrx_word' id='word_1_104' title='bbox 353 1058 452 1105; x_wconf 85' lang='lat' dir='ltr'><strong>plane</strong></span> <span class='ocrx_word' id='word_1_105' title='bbox 479 1060 625 1102; x_wconf 82' lang='lat' dir='ltr'><strong>tempus,</strong></span> <span class='ocrx_word' id='word_1_106' title='bbox 650 1067 718 1101; x_wconf 92' lang='lat' dir='ltr'><strong>quo</strong></span> <span class='ocrx_word' id='word_1_107' title='bbox 743 1052 856 1088; x_wconf 81' lang='lat' dir='ltr'><strong>omnia</strong></span> <span class='ocrx_word' id='word_1_108' title='bbox 881 1051 1008 1096; x_wconf 82' lang='lat' dir='ltr'><strong>optime</strong></span> <span class='ocrx_word' id='word_1_109' title='bbox 1035 1048 1230 1083; x_wconf 83' lang='lat' dir='ltr'><strong>absolutum</strong></span> <span class='ocrx_word' id='word_1_110' title='bbox 1258 1045 1297 1080; x_wconf 93' lang='lat' dir='ltr'><strong>iri</strong></span> <span class='ocrx_word' id='word_1_111' title='bbox 1323 1042 1558 1090; x_wconf 78' lang='lat' dir='ltr'><strong>sperabamus,</strong></span> <span class='ocrx_word' id='word_1_112' title='bbox 1588 1040 1637 1074; x_wconf 89' lang='lat' dir='ltr'><strong>iu-</strong></span> 
     </span>
     <span class='ocr_line' id='line_1_13' title="bbox 107 1101 1639 1166; baseline -0.013 -12"><span class='ocrx_word' id='word_1_113' title='bbox 107 1120 245 1155; x_wconf 70' lang='lat' dir='ltr'><strong>tereidit</strong></span> <span class='ocrx_word' id='word_1_114' title='bbox 278 1118 477 1166; x_wconf 80' lang='lat' dir='ltr'><strong>gravissima</strong></span> <span class='ocrx_word' id='word_1_115' title='bbox 505 1118 590 1151; x_wconf 83' lang='lat' dir='ltr'><strong>sorte</strong></span> <span class='ocrx_word' id='word_1_116' title='bbox 615 1116 755 1150; x_wconf 80' lang='lat' dir='ltr'><strong>fortuna</strong></span> <span class='ocrx_word' id='word_1_117' title='bbox 791 1111 1018 1159; x_wconf 70' lang='lat' dir='ltr'>perturbatio,</span> <span class='ocrx_word' id='word_1_118' title='bbox 1044 1120 1132 1158; x_wconf 80' lang='lat' dir='ltr'><strong>quae</strong></span> <span class='ocrx_word' id='word_1_119' title='bbox 1157 1109 1294 1143; x_wconf 79' lang='lat' dir='ltr'><strong>nostros</strong></span> <span class='ocrx_word' id='word_1_120' title='bbox 1320 1107 1465 1141; x_wconf 86' lang='lat' dir='ltr'><strong>conatus</strong></span> <span class='ocrx_word' id='word_1_121' title='bbox 1492 1101 1639 1137; x_wconf 81' lang='lat' dir='ltr'><strong>maxima</strong></span> 
     </span>
     <span class='ocr_line' id='line_1_14' title="bbox 107 1161 1642 1227; baseline -0.014 -11"><span class='ocrx_word' id='word_1_122' title='bbox 107 1184 142 1216; x_wconf 87' lang='lat' dir='ltr'><strong>et</strong></span> <span class='ocrx_word' id='word_1_123' title='bbox 167 1184 263 1227; x_wconf 80' lang='lat' dir='ltr'><strong>parte</strong></span> <span class='ocrx_word' id='word_1_124' title='bbox 290 1177 478 1226; x_wconf 74' lang='lat' dir='ltr'><strong>impedivit,</strong></span> <span class='ocrx_word' id='word_1_125' title='bbox 503 1174 788 1224; x_wconf 81' lang='lat' dir='ltr'><strong>quemadmodum</strong></span> <span class='ocrx_word' id='word_1_126' title='bbox 815 1172 859 1211; x_wconf 83' lang='lat' dir='ltr'><strong>id,</strong></span> <span class='ocrx_word' id='word_1_127' title='bbox 885 1171 945 1219; x_wconf 91' lang='lat' dir='ltr'><strong>qui</strong></span> <span class='ocrx_word' id='word_1_128' title='bbox 970 1170 1051 1205; x_wconf 81' lang='lat' dir='ltr'><strong>mihi</strong></span> <span class='ocrx_word' id='word_1_129' title='bbox 1077 1169 1193 1204; x_wconf 81' lang='lat' dir='ltr'><strong>literas</strong></span> <span class='ocrx_word' id='word_1_130' title='bbox 1219 1171 1297 1201; x_wconf 82' lang='lat' dir='ltr'><strong>tuac</strong></span> <span class='ocrx_word' id='word_1_131' title='bbox 1324 1162 1539 1200; x_wconf 81' lang='lat' dir='ltr'><strong>celsitudinis</strong></span> <span class='ocrx_word' id='word_1_132' title='bbox 1566 1161 1642 1196; x_wconf 86' lang='lat' dir='ltr'><strong>red-</strong></span> 
     </span>
     <span class='ocr_line' id='line_1_15' title="bbox 108 1225 1645 1281; baseline -0.015 -3"><span class='ocrx_word' id='word_1_133' title='bbox 108 1241 210 1281; x_wconf 87' lang='lat' dir='ltr'><strong>didit,</strong></span> <span class='ocrx_word' id='word_1_134' title='bbox 238 1241 337 1276; x_wconf 80' lang='lat' dir='ltr'><strong>facilc</strong></span> <span class='ocrx_word' id='word_1_135' title='bbox 364 1238 528 1274; x_wconf 79' lang='lat' dir='ltr'><strong>narrabit.</strong></span> <span class='ocrx_word' id='word_1_136' title='bbox 554 1237 604 1272; x_wconf 88' lang='lat' dir='ltr'><strong>Eo</strong></span> <span class='ocrx_word' id='word_1_137' title='bbox 630 1239 745 1271; x_wconf 80' lang='lat' dir='ltr'><strong>tamen</strong></span> <span class='ocrx_word' id='word_1_138' title='bbox 769 1246 822 1269; x_wconf 86' lang='lat' dir='ltr'><strong>res</strong></span> <span class='ocrx_word' id='word_1_139' title='bbox 848 1235 900 1267; x_wconf 85' lang='lat' dir='ltr'><strong>est</strong></span> <span class='ocrx_word' id='word_1_140' title='bbox 925 1231 1085 1271; x_wconf 75' lang='lat' dir='ltr'><strong>deducta,</strong></span> <span class='ocrx_word' id='word_1_141' title='bbox 1111 1232 1149 1264; x_wconf 88' lang='lat' dir='ltr'><strong>ut</strong></span> <span class='ocrx_word' id='word_1_142' title='bbox 1174 1240 1238 1274; x_wconf 84' lang='lat' dir='ltr'><strong>ego</strong></span> <span class='ocrx_word' id='word_1_143' title='bbox 1263 1226 1306 1261; x_wconf 90' lang='lat' dir='ltr'><strong>de</strong></span> <span class='ocrx_word' id='word_1_144' title='bbox 1331 1225 1509 1270; x_wconf 87' lang='lat' dir='ltr'><strong>utriusque</strong></span> <span class='ocrx_word' id='word_1_145' title='bbox 1523 1233 1645 1258; x_wconf 79' lang='lat' dir='ltr'><strong>causae</strong></span> 
     </span>
     <span class='ocr_line' id='line_1_16' title="bbox 109 1281 1644 1346; baseline -0.015 -8"><span class='ocrx_word' id='word_1_146' title='bbox 109 1313 271 1338; x_wconf 87' lang='lat' dir='ltr'><strong>successu</strong></span> <span class='ocrx_word' id='word_1_147' title='bbox 299 1321 340 1327; x_wconf 89' lang='lat'>—</span> <span class='ocrx_word' id='word_1_148' title='bbox 369 1311 488 1346; x_wconf 87' lang='lat' dir='ltr'><strong>nempe</strong></span> <span class='ocrx_word' id='word_1_149' title='bbox 514 1301 549 1333; x_wconf 90' lang='lat' dir='ltr'><strong>et</strong></span> <span class='ocrx_word' id='word_1_150' title='bbox 574 1295 765 1332; x_wconf 85' lang='lat' dir='ltr'><strong>communis</strong></span> <span class='ocrx_word' id='word_1_151' title='bbox 792 1296 828 1328; x_wconf 83' lang='lat' dir='ltr'><strong>et</strong></span> <span class='ocrx_word' id='word_1_152' title='bbox 852 1293 1004 1339; x_wconf 80' lang='lat' dir='ltr'><strong>privatae</strong></span> <span class='ocrx_word' id='word_1_153' title='bbox 1020 1294 1049 1335; x_wconf 59' lang='grc' dir='ltr'><strong>εὲ)</strong></span> <span class='ocrx_word' id='word_1_154' title='bbox 1080 1310 1121 1316; x_wconf 95' lang='grc'>-</span> <span class='ocrx_word' id='word_1_155' title='bbox 1149 1287 1305 1323; x_wconf 83' lang='lat' dir='ltr'><strong>dubitare</strong></span> <span class='ocrx_word' id='word_1_156' title='bbox 1332 1297 1402 1321; x_wconf 88' lang='lat' dir='ltr'><strong>non</strong></span> <span class='ocrx_word' id='word_1_157' title='bbox 1424 1283 1560 1330; x_wconf 82' lang='lat' dir='ltr'><strong>possim,</strong></span> <span class='ocrx_word' id='word_1_158' title='bbox 1577 1281 1644 1316; x_wconf 87' lang='lat' dir='ltr'><strong>nisi</strong></span> 
     </span>
     <span class='ocr_line' id='line_1_17' title="bbox 108 1341 1642 1410; baseline -0.015 -11"><span class='ocrx_word' id='word_1_159' title='bbox 108 1363 200 1410; x_wconf 90' lang='lat' dir='ltr'><strong>quod</strong></span> <span class='ocrx_word' id='word_1_160' title='bbox 227 1360 380 1398; x_wconf 85' lang='lat' dir='ltr'><strong>nonnihil</strong></span> <span class='ocrx_word' id='word_1_161' title='bbox 407 1361 581 1407; x_wconf 82' lang='lat' dir='ltr'><strong>protracta</strong></span> <span class='ocrx_word' id='word_1_162' title='bbox 606 1358 650 1393; x_wconf 85' lang='lat' dir='ltr'><strong>sit</strong></span> <span class='ocrx_word' id='word_1_163' title='bbox 676 1360 813 1404; x_wconf 86' lang='lat' dir='ltr'><strong>propter</strong></span> <span class='ocrx_word' id='word_1_164' title='bbox 825 1365 959 1395; x_wconf 79' lang='lat' dir='ltr'><strong>causas,</strong></span> <span class='ocrx_word' id='word_1_165' title='bbox 983 1363 1068 1400; x_wconf 81' lang='lat' dir='ltr'><strong>quas</strong></span> <span class='ocrx_word' id='word_1_166' title='bbox 1085 1354 1144 1385; x_wconf 83' lang='lat' dir='ltr'><strong>tua</strong></span> <span class='ocrx_word' id='word_1_167' title='bbox 1157 1347 1248 1384; x_wconf 89' lang='lat' dir='ltr'><strong>Cels.</strong></span> <span class='ocrx_word' id='word_1_168' title='bbox 1265 1347 1464 1393; x_wconf 83' lang='lat' dir='ltr'><strong>cognoscet.</strong></span> <span class='ocrx_word' id='word_1_169' title='bbox 1492 1343 1537 1379; x_wconf 89' lang='lat' dir='ltr'><strong>Et</strong></span> <span class='ocrx_word' id='word_1_170' title='bbox 1553 1341 1642 1389; x_wconf 88' lang='lat' dir='ltr'><strong>quod</strong></span> 
     </span>
     <span class='ocr_line' id='line_1_18' title="bbox 111 1406 1648 1461; baseline -0.016 0"><span class='ocrx_word' id='word_1_171' title='bbox 111 1424 154 1461; x_wconf 86' lang='lat' dir='ltr'><strong>ad</strong></span> <span class='ocrx_word' id='word_1_172' title='bbox 181 1428 274 1459; x_wconf 87' lang='lat' dir='ltr'><strong>tuam</strong></span> <span class='ocrx_word' id='word_1_173' title='bbox 300 1422 388 1458; x_wconf 82' lang='lat' dir='ltr'><strong>Cels.</strong></span> <span class='ocrx_word' id='word_1_174' title='bbox 411 1422 548 1459; x_wconf 79' lang='lat' dir='ltr'><strong>attinet.</strong></span> <span class='ocrx_word' id='word_1_175' title='bbox 574 1420 685 1455; x_wconf 81' lang='lat' dir='ltr'><strong>iussus</strong></span> <span class='ocrx_word' id='word_1_176' title='bbox 709 1429 783 1453; x_wconf 89' lang='lat' dir='ltr'><strong>sum</strong></span> <span class='ocrx_word' id='word_1_177' title='bbox 810 1415 897 1451; x_wconf 90' lang='lat' dir='ltr'><strong>bene</strong></span> <span class='ocrx_word' id='word_1_178' title='bbox 923 1424 1057 1461; x_wconf 80' lang='lat' dir='ltr'><strong>sperare</strong></span> <span class='ocrx_word' id='word_1_179' title='bbox 1084 1423 1123 1448; x_wconf 86' lang='lat' dir='ltr'><strong>ac</strong></span> <span class='ocrx_word' id='word_1_180' title='bbox 1148 1422 1218 1445; x_wconf 86' lang='lat' dir='ltr'><strong>rem</strong></span> <span class='ocrx_word' id='word_1_181' title='bbox 1245 1409 1278 1444; x_wconf 90' lang='lat' dir='ltr'><strong>in</strong></span> <span class='ocrx_word' id='word_1_182' title='bbox 1307 1406 1500 1443; x_wconf 86' lang='lat' dir='ltr'><strong>memoriam</strong></span> <span class='ocrx_word' id='word_1_183' title='bbox 1527 1414 1648 1439; x_wconf 84' lang='lat' dir='ltr'><strong>rursus</strong></span> 
     </span>
     <span class='ocr_line' id='line_1_19' title="bbox 112 1467 1649 1524; baseline -0.016 -3"><span class='ocrx_word' id='word_1_184' title='bbox 112 1485 286 1524; x_wconf 81' lang='lat' dir='ltr'><strong>reducere,</strong></span> <span class='ocrx_word' id='word_1_185' title='bbox 320 1494 399 1519; x_wconf 82' lang='lat' dir='ltr'><strong>mox</strong></span> <span class='ocrx_word' id='word_1_186' title='bbox 437 1486 475 1517; x_wconf 87' lang='lat' dir='ltr'><strong>ut</strong></span> <span class='ocrx_word' id='word_1_187' title='bbox 501 1480 619 1517; x_wconf 85' lang='lat' dir='ltr'><strong>videro</strong></span> <span class='ocrx_word' id='word_1_188' title='bbox 643 1478 763 1515; x_wconf 84' lang='lat' dir='ltr'><strong>turbas</strong></span> <span class='ocrx_word' id='word_1_189' title='bbox 789 1489 877 1524; x_wconf 89' lang='lat' dir='ltr'><strong>quae</strong></span> <span class='ocrx_word' id='word_1_190' title='bbox 904 1486 995 1511; x_wconf 90' lang='lat' dir='ltr'><strong>nunc</strong></span> <span class='ocrx_word' id='word_1_191' title='bbox 1020 1475 1103 1509; x_wconf 88' lang='lat' dir='ltr'><strong>sunt</strong></span> <span class='ocrx_word' id='word_1_192' title='bbox 1128 1475 1272 1507; x_wconf 83' lang='lat' dir='ltr'><strong>exortae</strong></span> <span class='ocrx_word' id='word_1_193' title='bbox 1293 1467 1320 1510; x_wconf 77' lang='lat'><strong>³&gt;</strong></span> <span class='ocrx_word' id='word_1_194' title='bbox 1345 1467 1460 1514; x_wconf 83' lang='lat' dir='ltr'><strong>aliqua</strong></span> <span class='ocrx_word' id='word_1_195' title='bbox 1484 1477 1524 1499; x_wconf 85' lang='lat' dir='ltr'><strong>ex</strong></span> <span class='ocrx_word' id='word_1_196' title='bbox 1554 1472 1649 1510; x_wconf 80' lang='lat' dir='ltr'><strong>parte</strong></span> 
     </span>
     <span class='ocr_line' id='line_1_20' title="bbox 114 1525 1650 1592; baseline -0.016 -10"><span class='ocrx_word' id='word_1_197' title='bbox 114 1545 365 1592; x_wconf 83' lang='lat' dir='ltr'><strong>conquievisse,</strong></span> <span class='ocrx_word' id='word_1_198' title='bbox 402 1553 488 1589; x_wconf 83' lang='lat' dir='ltr'><strong>quae</strong></span> <span class='ocrx_word' id='word_1_199' title='bbox 521 1553 575 1577; x_wconf 85' lang='lat' dir='ltr'><strong>res</strong></span> <span class='ocrx_word' id='word_1_200' title='bbox 609 1539 691 1576; x_wconf 83' lang='lat' dir='ltr'><strong>mihi</strong></span> <span class='ocrx_word' id='word_1_201' title='bbox 727 1537 880 1585; x_wconf 83' lang='lat' dir='ltr'><strong>alioquin</strong></span> <span class='ocrx_word' id='word_1_202' title='bbox 912 1534 1076 1572; x_wconf 91' lang='lat' dir='ltr'><strong>indicium</strong></span> <span class='ocrx_word' id='word_1_203' title='bbox 1112 1533 1191 1572; x_wconf 84' lang='lat' dir='ltr'><strong>suit,</strong></span> <span class='ocrx_word' id='word_1_204' title='bbox 1230 1541 1299 1565; x_wconf 87' lang='lat' dir='ltr'><strong>rem</strong></span> <span class='ocrx_word' id='word_1_205' title='bbox 1326 1527 1413 1563; x_wconf 88' lang='lat' dir='ltr'><strong>bene</strong></span> <span class='ocrx_word' id='word_1_206' title='bbox 1438 1525 1550 1562; x_wconf 80' lang='lat' dir='ltr'><strong>adhue</strong></span> <span class='ocrx_word' id='word_1_207' title='bbox 1574 1534 1650 1559; x_wconf 87' lang='lat' dir='ltr'><strong>suc·</strong></span> 
     </span>
     <span class='ocr_line' id='line_1_21' title="bbox 113 1585 1651 1651; baseline -0.016 -8"><span class='ocrx_word' id='word_1_208' title='bbox 113 1618 284 1644; x_wconf 84' lang='lat' dir='ltr'><strong>cessuram</strong></span> <span class='ocrx_word' id='word_1_209' title='bbox 309 1616 394 1645; x_wconf 90' lang='lat' dir='ltr'><strong>esse,</strong></span> <span class='ocrx_word' id='word_1_210' title='bbox 427 1613 558 1651; x_wconf 85' lang='lat' dir='ltr'><strong>egoque</strong></span> <span class='ocrx_word' id='word_1_211' title='bbox 596 1599 685 1637; x_wconf 85' lang='lat' dir='ltr'><strong>dabo</strong></span> <span class='ocrx_word' id='word_1_212' title='bbox 721 1610 872 1647; x_wconf 89' lang='lat' dir='ltr'><strong>operam,</strong></span> <span class='ocrx_word' id='word_1_213' title='bbox 904 1608 946 1632; x_wconf 90' lang='lat' dir='ltr'><strong>ne</strong></span> <span class='ocrx_word' id='word_1_214' title='bbox 978 1594 1060 1642; x_wconf 86' lang='lat' dir='ltr'><strong>quid</strong></span> <span class='ocrx_word' id='word_1_215' title='bbox 1083 1593 1125 1629; x_wconf 93' lang='lat' dir='ltr'><strong>de</strong></span> <span class='ocrx_word' id='word_1_216' title='bbox 1153 1603 1225 1627; x_wconf 86' lang='lat' dir='ltr'><strong>mea</strong></span> <span class='ocrx_word' id='word_1_217' title='bbox 1249 1590 1312 1625; x_wconf 88' lang='lat' dir='ltr'><strong>hac</strong></span> <span class='ocrx_word' id='word_1_218' title='bbox 1338 1589 1373 1624; x_wconf 88' lang='lat' dir='ltr'><strong>in</strong></span> <span class='ocrx_word' id='word_1_219' title='bbox 1398 1590 1494 1634; x_wconf 87' lang='lat' dir='ltr'><strong>parte</strong></span> <span class='ocrx_word' id='word_1_220' title='bbox 1522 1585 1588 1620; x_wconf 81' lang='lat' dir='ltr'><strong>fide</strong></span> <span class='ocrx_word' id='word_1_221' title='bbox 1614 1586 1651 1618; x_wconf 87' lang='lat' dir='ltr'><strong>et</strong></span> 
     </span>
     <span class='ocr_line' id='line_1_22' title="bbox 112 1644 1649 1714; baseline -0.016 -11"><span class='ocrx_word' id='word_1_222' title='bbox 112 1666 293 1714; x_wconf 80' lang='lat' dir='ltr'><strong>diligentia</strong></span> <span class='ocrx_word' id='word_1_223' title='bbox 328 1677 346 1700; x_wconf 85' lang='lat' dir='ltr'><strong>a</strong></span> <span class='ocrx_word' id='word_1_224' title='bbox 373 1668 432 1700; x_wconf 88' lang='lat' dir='ltr'><strong>tua</strong></span> <span class='ocrx_word' id='word_1_225' title='bbox 458 1663 551 1698; x_wconf 89' lang='lat' dir='ltr'><strong>Cels.</strong></span> <span class='ocrx_word' id='word_1_226' title='bbox 577 1660 761 1697; x_wconf 87' lang='lat' dir='ltr'><strong>desiderari</strong></span> <span class='ocrx_word' id='word_1_227' title='bbox 786 1658 905 1705; x_wconf 84' lang='lat' dir='ltr'><strong>possit.</strong></span> <span class='ocrx_word' id='word_1_228' title='bbox 956 1653 1123 1702; x_wconf 88' lang='lat' dir='ltr'><strong>Equidem</strong></span> <span class='ocrx_word' id='word_1_229' title='bbox 1152 1650 1280 1687; x_wconf 88' lang='lat' dir='ltr'><strong>dudum</strong></span> <span class='ocrx_word' id='word_1_230' title='bbox 1307 1649 1456 1696; x_wconf 85' lang='lat' dir='ltr'><strong>aliquam</strong></span> <span class='ocrx_word' id='word_1_231' title='bbox 1484 1644 1566 1681; x_wconf 76' lang='lat' dir='ltr'><strong>mihi</strong></span> <span class='ocrx_word' id='word_1_232' title='bbox 1592 1655 1649 1679; x_wconf 92' lang='lat' dir='ltr'><strong>oe-</strong></span> 
     </span>
     <span class='ocr_line' id='line_1_23' title="bbox 114 1705 1648 1772; baseline -0.017 -7"><span class='ocrx_word' id='word_1_233' title='bbox 114 1730 287 1765; x_wconf 85' lang='lat' dir='ltr'><strong>casionem</strong></span> <span class='ocrx_word' id='word_1_234' title='bbox 315 1726 389 1762; x_wconf 82' lang='lat' dir='ltr'><strong>dari</strong></span> <span class='ocrx_word' id='word_1_235' title='bbox 414 1724 574 1772; x_wconf 85' lang='lat' dir='ltr'><strong>optabam</strong></span> <span class='ocrx_word' id='word_1_236' title='bbox 601 1720 765 1770; x_wconf 86' lang='lat' dir='ltr'><strong>probandi</strong></span> <span class='ocrx_word' id='word_1_237' title='bbox 791 1718 943 1755; x_wconf 88' lang='lat' dir='ltr'><strong>studium</strong></span> <span class='ocrx_word' id='word_1_238' title='bbox 971 1728 1081 1752; x_wconf 87' lang='lat' dir='ltr'><strong>meum</strong></span> <span class='ocrx_word' id='word_1_239' title='bbox 1108 1713 1196 1750; x_wconf 90' lang='lat' dir='ltr'><strong>Cels.</strong></span> <span class='ocrx_word' id='word_1_240' title='bbox 1222 1716 1314 1753; x_wconf 83' lang='lat' dir='ltr'><strong>tuae,</strong></span> <span class='ocrx_word' id='word_1_241' title='bbox 1339 1721 1407 1758; x_wconf 90' lang='lat' dir='ltr'><strong>quo</strong></span> <span class='ocrx_word' id='word_1_242' title='bbox 1433 1709 1496 1744; x_wconf 82' lang='lat' dir='ltr'><strong>iam</strong></span> <span class='ocrx_word' id='word_1_243' title='bbox 1520 1705 1648 1753; x_wconf 85' lang='lat' dir='ltr'><strong>pridem</strong></span> 
     </span>
     <span class='ocr_line' id='line_1_24' title="bbox 118 1766 1646 1836; baseline -0.016 -11"><span class='ocrx_word' id='word_1_244' title='bbox 118 1801 200 1836; x_wconf 82' lang='lat' dir='ltr'><strong>erga</strong></span> <span class='ocrx_word' id='word_1_245' title='bbox 232 1787 325 1824; x_wconf 85' lang='lat' dir='ltr'><strong>illam</strong></span> <span class='ocrx_word' id='word_1_246' title='bbox 353 1790 488 1822; x_wconf 85' lang='lat' dir='ltr'><strong>teneor:</strong></span> <span class='ocrx_word' id='word_1_247' title='bbox 526 1784 569 1820; x_wconf 87' lang='lat' dir='ltr'><strong>ab</strong></span> <span class='ocrx_word' id='word_1_248' title='bbox 594 1796 634 1818; x_wconf 89' lang='lat' dir='ltr'><strong>eo</strong></span> <span class='ocrx_word' id='word_1_249' title='bbox 659 1782 821 1818; x_wconf 81' lang='lat' dir='ltr'><strong>videlicet</strong></span> <span class='ocrx_word' id='word_1_250' title='bbox 846 1783 1010 1826; x_wconf 83' lang='lat' dir='ltr'><strong>tempore,</strong></span> <span class='ocrx_word' id='word_1_251' title='bbox 1042 1788 1111 1824; x_wconf 92' lang='lat' dir='ltr'><strong>quo</strong></span> <span class='ocrx_word' id='word_1_252' title='bbox 1136 1775 1178 1811; x_wconf 92' lang='lat' dir='ltr'><strong>de</strong></span> <span class='ocrx_word' id='word_1_253' title='bbox 1204 1773 1306 1809; x_wconf 84' lang='lat' dir='ltr'><strong>animi</strong></span> <span class='ocrx_word' id='word_1_254' title='bbox 1333 1771 1384 1807; x_wconf 87' lang='lat' dir='ltr'><strong>tui</strong></span> <span class='ocrx_word' id='word_1_255' title='bbox 1410 1766 1646 1816; x_wconf 86' lang='lat' dir='ltr'><strong>magnitudine</strong></span> 
     </span>
     <span class='ocr_line' id='line_1_25' title="bbox 117 1829 1647 1892; baseline -0.015 -7"><span class='ocrx_word' id='word_1_256' title='bbox 117 1852 154 1885; x_wconf 81' lang='lat' dir='ltr'><strong>et</strong></span> <span class='ocrx_word' id='word_1_257' title='bbox 191 1848 388 1885; x_wconf 80' lang='lat' dir='ltr'><strong>constantia</strong></span> <span class='ocrx_word' id='word_1_258' title='bbox 421 1845 513 1892; x_wconf 83' lang='lat' dir='ltr'><strong>apud</strong></span> <span class='ocrx_word' id='word_1_259' title='bbox 547 1844 728 1880; x_wconf 86' lang='lat' dir='ltr'><strong>Caesarem</strong></span> <span class='ocrx_word' id='word_1_260' title='bbox 767 1842 878 1888; x_wconf 86' lang='lat' dir='ltr'><strong>ipsum</strong></span> <span class='ocrx_word' id='word_1_261' title='bbox 914 1837 1087 1875; x_wconf 78' lang='lat' dir='ltr'><strong>declarata</strong></span> <span class='ocrx_word' id='word_1_262' title='bbox 1125 1834 1290 1884; x_wconf 84' lang='lat' dir='ltr'><strong>quaedam</strong></span> <span class='ocrx_word' id='word_1_263' title='bbox 1318 1831 1471 1868; x_wconf 82' lang='lat' dir='ltr'><strong>intellexi</strong></span> <span class='ocrx_word' id='word_1_264' title='bbox 1497 1830 1527 1873; x_wconf 80' lang='lat'><strong>⁴)</strong></span> <span class='ocrx_word' id='word_1_265' title='bbox 1551 1833 1586 1863; x_wconf 87' lang='lat' dir='ltr'><strong>et</strong></span> <span class='ocrx_word' id='word_1_266' title='bbox 1613 1829 1647 1862; x_wconf 86' lang='lat' dir='ltr'><strong>in</strong></span> 
     </span>
     <span class='ocr_line' id='line_1_26' title="bbox 117 1891 1656 1956; baseline -0.016 -11"><span class='ocrx_word' id='word_1_267' title='bbox 117 1913 213 1945; x_wconf 84' lang='lat' dir='ltr'><strong>certa</strong></span> <span class='ocrx_word' id='word_1_268' title='bbox 248 1920 309 1956; x_wconf 89' lang='lat' dir='ltr'><strong>spe</strong></span> <span class='ocrx_word' id='word_1_269' title='bbox 344 1906 403 1948; x_wconf 87' lang='lat' dir='ltr'><strong>sui,</strong></span> <span class='ocrx_word' id='word_1_270' title='bbox 440 1908 522 1946; x_wconf 86' lang='lat' dir='ltr'><strong>sore,</strong></span> <span class='ocrx_word' id='word_1_271' title='bbox 547 1908 587 1940; x_wconf 88' lang='lat' dir='ltr'><strong>ut</strong></span> <span class='ocrx_word' id='word_1_272' title='bbox 612 1915 672 1952; x_wconf 87' lang='lat' dir='ltr'><strong>per</strong></span> <span class='ocrx_word' id='word_1_273' title='bbox 696 1906 791 1939; x_wconf 82' lang='lat' dir='ltr'><strong>tuam</strong></span> <span class='ocrx_word' id='word_1_274' title='bbox 817 1900 908 1936; x_wconf 86' lang='lat' dir='ltr'><strong>Cels.</strong></span> <span class='ocrx_word' id='word_1_275' title='bbox 935 1910 1015 1934; x_wconf 86' lang='lat' dir='ltr'><strong>vera</strong></span> <span class='ocrx_word' id='word_1_276' title='bbox 1040 1896 1151 1932; x_wconf 86' lang='lat' dir='ltr'><strong>adhuc</strong></span> <span class='ocrx_word' id='word_1_277' title='bbox 1177 1894 1295 1940; x_wconf 85' lang='lat' dir='ltr'><strong>religio</strong></span> <span class='ocrx_word' id='word_1_278' title='bbox 1321 1891 1399 1928; x_wconf 86' lang='lat' dir='ltr'><strong>istie</strong></span> <span class='ocrx_word' id='word_1_279' title='bbox 1425 1891 1656 1926; x_wconf 87' lang='lat' dir='ltr'><strong>conservetur</strong></span> 
     </span>
     <span class='ocr_line' id='line_1_27' title="bbox 119 1950 1656 2006; baseline -0.016 0"><span class='ocrx_word' id='word_1_280' title='bbox 119 1974 154 2006; x_wconf 87' lang='lat' dir='ltr'><strong>et</strong></span> <span class='ocrx_word' id='word_1_281' title='bbox 188 1968 403 2005; x_wconf 81' lang='lat' dir='ltr'><strong>defendatur.</strong></span> <span class='ocrx_word' id='word_1_282' title='bbox 446 1967 520 2003; x_wconf 82' lang='lat' dir='ltr'><strong>Iam</strong></span> <span class='ocrx_word' id='word_1_283' title='bbox 558 1977 638 2001; x_wconf 81' lang='lat' dir='ltr'><strong>vero</strong></span> <span class='ocrx_word' id='word_1_284' title='bbox 663 1976 783 1999; x_wconf 79' lang='lat' dir='ltr'><strong>vanam</strong></span> <span class='ocrx_word' id='word_1_285' title='bbox 810 1974 879 1997; x_wconf 86' lang='lat' dir='ltr'><strong>non</strong></span> <span class='ocrx_word' id='word_1_286' title='bbox 905 1960 1011 1996; x_wconf 84' lang='lat' dir='ltr'><strong>fuisse</strong></span> <span class='ocrx_word' id='word_1_287' title='bbox 1036 1957 1137 1994; x_wconf 82' lang='lat' dir='ltr'><strong>video</strong></span> <span class='ocrx_word' id='word_1_288' title='bbox 1162 1968 1256 2000; x_wconf 81' lang='lat' dir='ltr'><strong>spem</strong></span> <span class='ocrx_word' id='word_1_289' title='bbox 1283 1965 1391 1989; x_wconf 85' lang='lat' dir='ltr'><strong>meam</strong></span> <span class='ocrx_word' id='word_1_290' title='bbox 1425 1955 1460 1986; x_wconf 83' lang='lat' dir='ltr'><strong>et</strong></span> <span class='ocrx_word' id='word_1_291' title='bbox 1485 1950 1547 1985; x_wconf 86' lang='lat' dir='ltr'><strong>hoe</strong></span> <span class='ocrx_word' id='word_1_292' title='bbox 1573 1958 1656 1983; x_wconf 86' lang='lat' dir='ltr'><strong>sane</strong></span> 
     </span>
     <span class='ocr_line' id='line_1_28' title="bbox 120 2008 1655 2075; baseline -0.016 -7"><span class='ocrx_word' id='word_1_293' title='bbox 120 2031 257 2068; x_wconf 88' lang='lat' dir='ltr'><strong>nomine</strong></span> <span class='ocrx_word' id='word_1_294' title='bbox 294 2030 370 2066; x_wconf 91' lang='lat' dir='ltr'><strong>Deo</strong></span> <span class='ocrx_word' id='word_1_295' title='bbox 405 2029 548 2075; x_wconf 88' lang='lat' dir='ltr'><strong>Optimo</strong></span> <span class='ocrx_word' id='word_1_296' title='bbox 582 2026 735 2062; x_wconf 82' lang='lat' dir='ltr'><strong>Maximo</strong></span> <span class='ocrx_word' id='word_1_297' title='bbox 766 2023 894 2071; x_wconf 74' lang='lat' dir='ltr'><strong>gratias</strong></span> <span class='ocrx_word' id='word_1_298' title='bbox 933 2034 1008 2068; x_wconf 81' lang='lat' dir='ltr'><strong>ago,</strong></span> <span class='ocrx_word' id='word_1_299' title='bbox 1043 2031 1082 2054; x_wconf 82' lang='lat' dir='ltr'><strong>ae</strong></span> <span class='ocrx_word' id='word_1_300' title='bbox 1108 2031 1177 2054; x_wconf 90' lang='lat' dir='ltr'><strong>non</strong></span> <span class='ocrx_word' id='word_1_301' title='bbox 1205 2023 1283 2051; x_wconf 78' lang='lat' dir='ltr'><strong>tuae</strong></span> <span class='ocrx_word' id='word_1_302' title='bbox 1307 2013 1407 2050; x_wconf 89' lang='lat' dir='ltr'><strong>modo</strong></span> <span class='ocrx_word' id='word_1_303' title='bbox 1430 2008 1655 2057; x_wconf 70' lang='lat' dir='ltr'><strong>eelsitudini,</strong></span> 
     </span>
     <span class='ocr_line' id='line_1_29' title="bbox 120 2067 1657 2129; baseline -0.016 -3"><span class='ocrx_word' id='word_1_304' title='bbox 120 2091 181 2126; x_wconf 90' lang='lat' dir='ltr'><strong>sed</strong></span> <span class='ocrx_word' id='word_1_305' title='bbox 215 2093 251 2125; x_wconf 84' lang='lat' dir='ltr'><strong>et</strong></span> <span class='ocrx_word' id='word_1_306' title='bbox 283 2088 460 2124; x_wconf 82' lang='lat' dir='ltr'><strong>universae</strong></span> <span class='ocrx_word' id='word_1_307' title='bbox 493 2086 621 2122; x_wconf 83' lang='lat' dir='ltr'><strong>Christi</strong></span> <span class='ocrx_word' id='word_1_308' title='bbox 660 2083 835 2120; x_wconf 74' lang='lat' dir='ltr'><strong>Ecclesiae</strong></span> <span class='ocrx_word' id='word_1_309' title='bbox 872 2080 1040 2129; x_wconf 86' lang='lat' dir='ltr'><strong>gratulor,</strong></span> <span class='ocrx_word' id='word_1_310' title='bbox 1076 2078 1248 2123; x_wconf 86' lang='lat' dir='ltr'><strong>flectoque</strong></span> <span class='ocrx_word' id='word_1_311' title='bbox 1287 2085 1400 2121; x_wconf 85' lang='lat' dir='ltr'><strong>genua</strong></span> <span class='ocrx_word' id='word_1_312' title='bbox 1434 2082 1545 2107; x_wconf 85' lang='lat' dir='ltr'><strong>coram</strong></span> <span class='ocrx_word' id='word_1_313' title='bbox 1573 2067 1657 2103; x_wconf 89' lang='lat' dir='ltr'><strong>libe.</strong></span> 
     </span>
     <span class='ocr_line' id='line_1_30' title="bbox 121 2126 1660 2187; baseline -0.017 0"><span class='ocrx_word' id='word_1_314' title='bbox 121 2156 233 2187; x_wconf 79' lang='lat' dir='ltr'><strong>ratore</strong></span> <span class='ocrx_word' id='word_1_315' title='bbox 259 2152 377 2185; x_wconf 84' lang='lat' dir='ltr'><strong>nostro</strong></span> <span class='ocrx_word' id='word_1_316' title='bbox 403 2147 543 2183; x_wconf 88' lang='lat' dir='ltr'><strong>Christo</strong></span> <span class='ocrx_word' id='word_1_317' title='bbox 568 2145 662 2186; x_wconf 80' lang='lat' dir='ltr'><strong>Iesu,</strong></span> <span class='ocrx_word' id='word_1_318' title='bbox 697 2148 736 2178; x_wconf 87' lang='lat' dir='ltr'><strong>ut</strong></span> <span class='ocrx_word' id='word_1_319' title='bbox 764 2149 857 2177; x_wconf 86' lang='lat' dir='ltr'><strong>tuam</strong></span> <span class='ocrx_word' id='word_1_320' title='bbox 883 2139 973 2176; x_wconf 88' lang='lat' dir='ltr'><strong>Ccls.</strong></span> <span class='ocrx_word' id='word_1_321' title='bbox 999 2139 1140 2185; x_wconf 78' lang='lat' dir='ltr'><strong>eiusque</strong></span> <span class='ocrx_word' id='word_1_322' title='bbox 1172 2133 1314 2171; x_wconf 84' lang='lat' dir='ltr'><strong>consilia</strong></span> <span class='ocrx_word' id='word_1_323' title='bbox 1348 2131 1462 2168; x_wconf 84' lang='lat' dir='ltr'><strong>omnia</strong></span> <span class='ocrx_word' id='word_1_324' title='bbox 1487 2126 1660 2176; x_wconf 77' lang='lat' dir='ltr'><strong>gubernet</strong></span> 
     </span>
     <span class='ocr_line' id='line_1_31' title="bbox 124 2189 1658 2259; baseline -0.016 -12"><span class='ocrx_word' id='word_1_325' title='bbox 124 2210 288 2259; x_wconf 80' lang='lat' dir='ltr'><strong>provehat</strong></span> <span class='ocrx_word' id='word_1_326' title='bbox 312 2213 347 2245; x_wconf 87' lang='lat' dir='ltr'><strong>et</strong></span> <span class='ocrx_word' id='word_1_327' title='bbox 372 2210 538 2245; x_wconf 83' lang='lat' dir='ltr'><strong>fortuuet.</strong></span> <span class='ocrx_word' id='word_1_328' title='bbox 572 2206 628 2242; x_wconf 86' lang='lat' dir='ltr'><strong>Ac</strong></span> <span class='ocrx_word' id='word_1_329' title='bbox 652 2205 724 2240; x_wconf 85' lang='lat' dir='ltr'><strong>seio</strong></span> <span class='ocrx_word' id='word_1_330' title='bbox 748 2202 884 2251; x_wconf 90' lang='lat' dir='ltr'><strong>quidem</strong></span> <span class='ocrx_word' id='word_1_331' title='bbox 910 2214 929 2236; x_wconf 84' lang='lat' dir='ltr'><strong>a</strong></span> <span class='ocrx_word' id='word_1_332' title='bbox 956 2212 1030 2236; x_wconf 82' lang='lat' dir='ltr'><strong>mea</strong></span> <span class='ocrx_word' id='word_1_333' title='bbox 1056 2198 1226 2234; x_wconf 77' lang='lat' dir='ltr'><strong>tenuitate</strong></span> <span class='ocrx_word' id='word_1_334' title='bbox 1252 2194 1335 2231; x_wconf 89' lang='lat' dir='ltr'><strong>nihil</strong></span> <span class='ocrx_word' id='word_1_335' title='bbox 1361 2189 1528 2228; x_wconf 87' lang='lat' dir='ltr'><strong>eiusmodi</strong></span> <span class='ocrx_word' id='word_1_336' title='bbox 1557 2199 1658 2235; x_wconf 84' lang='lat' dir='ltr'><strong>prac-</strong></span> 
     </span>
     <span class='ocr_line' id='line_1_32' title="bbox 125 2250 1658 2316; baseline -0.018 -8"><span class='ocrx_word' id='word_1_337' title='bbox 125 2272 208 2308; x_wconf 79' lang='lat' dir='ltr'><strong>stari</strong></span> <span class='ocrx_word' id='word_1_338' title='bbox 250 2269 491 2316; x_wconf 77' lang='lat' dir='ltr'><strong>expectarique</strong></span> <span class='ocrx_word' id='word_1_339' title='bbox 528 2279 638 2314; x_wconf 86' lang='lat' dir='ltr'><strong>posse,</strong></span> <span class='ocrx_word' id='word_1_340' title='bbox 667 2265 758 2313; x_wconf 89' lang='lat' dir='ltr'><strong>quod</strong></span> <span class='ocrx_word' id='word_1_341' title='bbox 796 2268 856 2299; x_wconf 83' lang='lat' dir='ltr'><strong>tua</strong></span> <span class='ocrx_word' id='word_1_342' title='bbox 889 2262 980 2298; x_wconf 86' lang='lat' dir='ltr'><strong>Cels.</strong></span> <span class='ocrx_word' id='word_1_343' title='bbox 1006 2260 1149 2307; x_wconf 84' lang='lat' dir='ltr'><strong>dignum</strong></span> <span class='ocrx_word' id='word_1_344' title='bbox 1177 2256 1248 2292; x_wconf 93' lang='lat' dir='ltr'><strong>ullo</strong></span> <span class='ocrx_word' id='word_1_345' title='bbox 1275 2252 1376 2290; x_wconf 89' lang='lat' dir='ltr'><strong>modo</strong></span> <span class='ocrx_word' id='word_1_346' title='bbox 1401 2250 1508 2287; x_wconf 87' lang='lat' dir='ltr'><strong>videri</strong></span> <span class='ocrx_word' id='word_1_347' title='bbox 1535 2252 1658 2296; x_wconf 82' lang='lat' dir='ltr'><strong>queat.</strong></span> 
     </span>
     <span class='ocr_line' id='line_1_33' title="bbox 124 2309 1661 2380; baseline -0.017 -11"><span class='ocrx_word' id='word_1_348' title='bbox 124 2332 193 2370; x_wconf 84' lang='lat' dir='ltr'><strong>Sed</strong></span> <span class='ocrx_word' id='word_1_349' title='bbox 214 2330 558 2380; x_wconf 81' lang='lat' dir='ltr'><strong>quantulumeunque</strong></span> <span class='ocrx_word' id='word_1_350' title='bbox 583 2327 617 2363; x_wconf 88' lang='lat' dir='ltr'><strong>id</strong></span> <span class='ocrx_word' id='word_1_351' title='bbox 643 2327 700 2367; x_wconf 77' lang='lat' dir='ltr'><strong>sit,</strong></span> <span class='ocrx_word' id='word_1_352' title='bbox 724 2326 779 2362; x_wconf 92' lang='lat' dir='ltr'><strong>eui</strong></span> <span class='ocrx_word' id='word_1_353' title='bbox 806 2323 880 2359; x_wconf 77' lang='lat' dir='ltr'><strong>mea</strong></span> <span class='ocrx_word' id='word_1_354' title='bbox 903 2322 1054 2358; x_wconf 84' lang='lat' dir='ltr'><strong>tenuitas</strong></span> <span class='ocrx_word' id='word_1_355' title='bbox 1089 2319 1132 2354; x_wconf 84' lang='lat' dir='ltr'><strong>ad</strong></span> <span class='ocrx_word' id='word_1_356' title='bbox 1160 2314 1402 2365; x_wconf 84' lang='lat' dir='ltr'><strong>praestandum</strong></span> <span class='ocrx_word' id='word_1_357' title='bbox 1430 2312 1537 2348; x_wconf 85' lang='lat' dir='ltr'><strong>ullum</strong></span> <span class='ocrx_word' id='word_1_358' title='bbox 1562 2309 1661 2344; x_wconf 84' lang='lat' dir='ltr'><strong>Cels.</strong></span> 
     </span>
     <span class='ocr_line' id='line_1_34' title="bbox 128 2371 1660 2435; baseline -0.016 -7"><span class='ocrx_word' id='word_1_359' title='bbox 128 2396 207 2428; x_wconf 78' lang='lat' dir='ltr'><strong>tuae</strong></span> <span class='ocrx_word' id='word_1_360' title='bbox 245 2391 391 2427; x_wconf 84' lang='lat' dir='ltr'><strong>officium</strong></span> <span class='ocrx_word' id='word_1_361' title='bbox 429 2401 488 2435; x_wconf 84' lang='lat' dir='ltr'><strong>par</strong></span> <span class='ocrx_word' id='word_1_362' title='bbox 525 2399 599 2423; x_wconf 89' lang='lat' dir='ltr'><strong>esse</strong></span> <span class='ocrx_word' id='word_1_363' title='bbox 625 2387 744 2433; x_wconf 82' lang='lat' dir='ltr'><strong>possit,</strong></span> <span class='ocrx_word' id='word_1_364' title='bbox 781 2386 814 2420; x_wconf 87' lang='lat' dir='ltr'><strong>id</strong></span> <span class='ocrx_word' id='word_1_365' title='bbox 843 2388 954 2419; x_wconf 85' lang='lat' dir='ltr'><strong>totum</strong></span> <span class='ocrx_word' id='word_1_366' title='bbox 980 2394 1044 2428; x_wconf 84' lang='lat' dir='ltr'><strong>ego</strong></span> <span class='ocrx_word' id='word_1_367' title='bbox 1070 2384 1149 2414; x_wconf 86' lang='lat' dir='ltr'><strong>tuae</strong></span> <span class='ocrx_word' id='word_1_368' title='bbox 1174 2377 1265 2413; x_wconf 89' lang='lat' dir='ltr'><strong>Cels.</strong></span> <span class='ocrx_word' id='word_1_369' title='bbox 1299 2386 1432 2411; x_wconf 83' lang='lat' dir='ltr'><strong>summa</strong></span> <span class='ocrx_word' id='word_1_370' title='bbox 1467 2371 1533 2406; x_wconf 86' lang='lat' dir='ltr'><strong>fide</strong></span> <span class='ocrx_word' id='word_1_371' title='bbox 1558 2374 1660 2417; x_wconf 82' lang='lat' dir='ltr'><strong>atque</strong></span> 
     </span>
     <span class='ocr_line' id='line_1_35' title="bbox 127 2433 1661 2496; baseline -0.016 -8"><span class='ocrx_word' id='word_1_372' title='bbox 127 2452 348 2488; x_wconf 81' lang='lat' dir='ltr'><strong>observantia</strong></span> <span class='ocrx_word' id='word_1_373' title='bbox 385 2449 643 2496; x_wconf 83' lang='lat' dir='ltr'><strong>diligentissime</strong></span> <span class='ocrx_word' id='word_1_374' title='bbox 677 2446 782 2482; x_wconf 85' lang='lat' dir='ltr'><strong>offero</strong></span> <span class='ocrx_word' id='word_1_375' title='bbox 807 2449 844 2479; x_wconf 85' lang='lat' dir='ltr'><strong>et</strong></span> <span class='ocrx_word' id='word_1_376' title='bbox 867 2441 1082 2479; x_wconf 87' lang='lat' dir='ltr'><strong>commendo.</strong></span> <span class='ocrx_word' id='word_1_377' title='bbox 1130 2439 1224 2477; x_wconf 77' lang='lat' dir='ltr'><strong>Quia</strong></span> <span class='ocrx_word' id='word_1_378' title='bbox 1250 2448 1330 2471; x_wconf 76' lang='lat' dir='ltr'><strong>vero</strong></span> <span class='ocrx_word' id='word_1_379' title='bbox 1356 2433 1505 2470; x_wconf 86' lang='lat' dir='ltr'><strong>incidere</strong></span> <span class='ocrx_word' id='word_1_380' title='bbox 1532 2433 1661 2477; x_wconf 82' lang='lat' dir='ltr'><strong>potest,</strong></span> 
     </span>
     <span class='ocr_line' id='line_1_36' title="bbox 129 2489 1663 2555; baseline -0.016 -7"><span class='ocrx_word' id='word_1_381' title='bbox 129 2518 170 2548; x_wconf 90' lang='lat' dir='ltr'><strong>ut</strong></span> <span class='ocrx_word' id='word_1_382' title='bbox 195 2512 237 2548; x_wconf 85' lang='lat' dir='ltr'><strong>ad</strong></span> <span class='ocrx_word' id='word_1_383' title='bbox 264 2517 358 2547; x_wconf 81' lang='lat' dir='ltr'><strong>tuam</strong></span> <span class='ocrx_word' id='word_1_384' title='bbox 384 2510 475 2546; x_wconf 83' lang='lat' dir='ltr'><strong>Cels,</strong></span> <span class='ocrx_word' id='word_1_385' title='bbox 501 2507 686 2555; x_wconf 81' lang='lat' dir='ltr'><strong>aliquando</strong></span> <span class='ocrx_word' id='word_1_386' title='bbox 711 2507 799 2541; x_wconf 78' lang='lat' dir='ltr'><strong>forte</strong></span> <span class='ocrx_word' id='word_1_387' title='bbox 825 2503 982 2543; x_wconf 77' lang='lat' dir='ltr'><strong>scribam,</strong></span> <span class='ocrx_word' id='word_1_388' title='bbox 1007 2500 1099 2548; x_wconf 88' lang='lat' dir='ltr'><strong>quod</strong></span> <span class='ocrx_word' id='word_1_389' title='bbox 1126 2503 1240 2534; x_wconf 86' lang='lat' dir='ltr'><strong>tamen</strong></span> <span class='ocrx_word' id='word_1_390' title='bbox 1266 2508 1333 2531; x_wconf 90' lang='lat' dir='ltr'><strong>uon</strong></span> <span class='ocrx_word' id='word_1_391' title='bbox 1358 2494 1401 2530; x_wconf 86' lang='lat' dir='ltr'><strong>ab</strong></span> <span class='ocrx_word' id='word_1_392' title='bbox 1419 2491 1578 2529; x_wconf 89' lang='lat' dir='ltr'><strong>omnibus</strong></span> <span class='ocrx_word' id='word_1_393' title='bbox 1596 2489 1663 2537; x_wconf 87' lang='lat' dir='ltr'><strong>legi</strong></span> 
     </span>
     <span class='ocr_line' id='line_1_37' title="bbox 129 2549 1666 2613; baseline -0.017 -4"><span class='ocrx_word' id='word_1_394' title='bbox 129 2575 268 2613; x_wconf 85' lang='lat' dir='ltr'><strong>vellem,</strong></span> <span class='ocrx_word' id='word_1_395' title='bbox 304 2573 410 2607; x_wconf 79' lang='lat' dir='ltr'><strong>visum</strong></span> <span class='ocrx_word' id='word_1_396' title='bbox 446 2574 500 2605; x_wconf 87' lang='lat' dir='ltr'><strong>est</strong></span> <span class='ocrx_word' id='word_1_397' title='bbox 535 2567 672 2604; x_wconf 85' lang='lat' dir='ltr'><strong>notulas</strong></span> <span class='ocrx_word' id='word_1_398' title='bbox 695 2565 858 2613; x_wconf 76' lang='lat' dir='ltr'><strong>quasdam</strong></span> <span class='ocrx_word' id='word_1_399' title='bbox 888 2565 1043 2602; x_wconf 77' lang='lat' dir='ltr'><strong>formare,</strong></span> <span class='ocrx_word' id='word_1_400' title='bbox 1069 2559 1192 2607; x_wconf 85' lang='lat' dir='ltr'><strong>quibus</strong></span> <span class='ocrx_word' id='word_1_401' title='bbox 1219 2561 1294 2592; x_wconf 81' lang='lat' dir='ltr'><strong>tuto</strong></span> <span class='ocrx_word' id='word_1_402' title='bbox 1321 2554 1432 2590; x_wconf 81' lang='lat' dir='ltr'><strong>omnia</strong></span> <span class='ocrx_word' id='word_1_403' title='bbox 1460 2549 1603 2588; x_wconf 84' lang='lat' dir='ltr'><strong>iudicari</strong></span> <span class='ocrx_word' id='word_1_404' title='bbox 1630 2553 1666 2584; x_wconf 86' lang='lat' dir='ltr'><strong>et</strong></span> 
     </span>
     <span class='ocr_line' id='line_1_38' title="bbox 129 2607 1664 2673; baseline -0.017 -4"><span class='ocrx_word' id='word_1_405' title='bbox 129 2639 243 2670; x_wconf 79' lang='lat' dir='ltr'><strong>tamen</strong></span> <span class='ocrx_word' id='word_1_406' title='bbox 278 2644 347 2667; x_wconf 90' lang='lat' dir='ltr'><strong>non</strong></span> <span class='ocrx_word' id='word_1_407' title='bbox 381 2631 423 2666; x_wconf 82' lang='lat' dir='ltr'><strong>ab</strong></span> <span class='ocrx_word' id='word_1_408' title='bbox 457 2629 615 2665; x_wconf 83' lang='lat' dir='ltr'><strong>omnibus</strong></span> <span class='ocrx_word' id='word_1_409' title='bbox 653 2626 800 2673; x_wconf 77' lang='lat' dir='ltr'><strong>intelligi</strong></span> <span class='ocrx_word' id='word_1_410' title='bbox 841 2625 990 2671; x_wconf 80' lang='lat' dir='ltr'><strong>possint:</strong></span> <span class='ocrx_word' id='word_1_411' title='bbox 1028 2633 1085 2656; x_wconf 79' lang='lat' dir='ltr'><strong>eas</strong></span> <span class='ocrx_word' id='word_1_412' title='bbox 1122 2620 1237 2665; x_wconf 84' lang='lat' dir='ltr'><strong>itaque</strong></span> <span class='ocrx_word' id='word_1_413' title='bbox 1274 2616 1423 2652; x_wconf 82' lang='lat' dir='ltr'><strong>inclusas</strong></span> <span class='ocrx_word' id='word_1_414' title='bbox 1455 2607 1664 2646; x_wconf 85' lang='lat' dir='ltr'><strong>Celsitndini</strong></span> 
     </span>
     <span class='ocr_line' id='line_1_39' title="bbox 130 2673 1665 2735; baseline -0.018 -5"><span class='ocrx_word' id='word_1_415' title='bbox 130 2698 210 2729; x_wconf 85' lang='lat' dir='ltr'><strong>tuae</strong></span> <span class='ocrx_word' id='word_1_416' title='bbox 237 2694 337 2728; x_wconf 87' lang='lat' dir='ltr'><strong>mitto</strong></span> <span class='ocrx_word' id='word_1_417' title='bbox 364 2698 405 2735; x_wconf 82' lang='lat'><strong>⁵).</strong></span> <span class='ocrx_word' id='word_1_418' title='bbox 453 2690 634 2725; x_wconf 80' lang='lat' dir='ltr'><strong>Caeterum</strong></span> <span class='ocrx_word' id='word_1_419' title='bbox 661 2687 746 2723; x_wconf 89' lang='lat' dir='ltr'><strong>illud</strong></span> <span class='ocrx_word' id='word_1_420' title='bbox 772 2686 904 2721; x_wconf 79' lang='lat' dir='ltr'><strong>caelare</strong></span> <span class='ocrx_word' id='word_1_421' title='bbox 930 2681 1024 2717; x_wconf 90' lang='lat' dir='ltr'><strong>uolui</strong></span> <span class='ocrx_word' id='word_1_422' title='bbox 1051 2685 1143 2715; x_wconf 87' lang='lat' dir='ltr'><strong>tuam</strong></span> <span class='ocrx_word' id='word_1_423' title='bbox 1172 2678 1264 2713; x_wconf 79' lang='lat' dir='ltr'><strong>Cels.</strong></span> <span class='ocrx_word' id='word_1_424' title='bbox 1294 2673 1576 2712; x_wconf 78' lang='lat' dir='ltr'><strong>illustrissimam,</strong></span> <span class='ocrx_word' id='word_1_425' title='bbox 1601 2680 1665 2703; x_wconf 88' lang='lat' dir='ltr'><strong>nos</strong></span> 
     </span>
     <span class='ocr_line' id='line_1_40' title="bbox 131 2735 1664 2790; baseline -0.018 1"><span class='ocrx_word' id='word_1_426' title='bbox 131 2767 198 2790; x_wconf 88' lang='lat' dir='ltr'><strong>non</strong></span> <span class='ocrx_word' id='word_1_427' title='bbox 225 2755 296 2790; x_wconf 74' lang='lat' dir='ltr'><strong>sim·</strong></span> <span class='ocrx_word' id='word_1_428' title='bbox 323 2753 469 2788; x_wconf 76' lang='lat' dir='ltr'><strong>maximo</strong></span> <span class='ocrx_word' id='word_1_429' title='bbox 494 2750 598 2786; x_wconf 79' lang='lat' dir='ltr'><strong>animi</strong></span> <span class='ocrx_word' id='word_1_430' title='bbox 624 2749 688 2784; x_wconf 88' lang='lat' dir='ltr'><strong>mei</strong></span> <span class='ocrx_word' id='word_1_431' title='bbox 712 2747 830 2783; x_wconf 77' lang='lat' dir='ltr'><strong>dolore</strong></span> <span class='ocrx_word' id='word_1_432' title='bbox 855 2745 1006 2783; x_wconf 86' lang='lat' dir='ltr'><strong>audisse,</strong></span> <span class='ocrx_word' id='word_1_433' title='bbox 1032 2739 1307 2777; x_wconf 83' lang='lat' dir='ltr'><strong>Illustrissimum</strong></span> <span class='ocrx_word' id='word_1_434' title='bbox 1338 2735 1524 2771; x_wconf 86' lang='lat' dir='ltr'><strong>Dominum</strong></span> <span class='ocrx_word' id='word_1_435' title='bbox 1549 2741 1664 2766; x_wconf 89' lang='lat' dir='ltr'><strong>meum</strong></span> 
     </span>
     <span class='ocr_line' id='line_1_41' title="bbox 133 2792 1666 2854; baseline -0.017 -3"><span class='ocrx_word' id='word_1_436' title='bbox 133 2816 290 2851; x_wconf 75' lang='lat' dir='ltr'><strong>Piussiae</strong></span> <span class='ocrx_word' id='word_1_437' title='bbox 316 2821 381 2850; x_wconf 82' lang='lat' dir='ltr'><strong>cte.</strong></span> <span class='ocrx_word' id='word_1_438' title='bbox 410 2814 553 2853; x_wconf 81' lang='lat' dir='ltr'><strong>Ducem,</strong></span> <span class='ocrx_word' id='word_1_439' title='bbox 583 2824 649 2846; x_wconf 86' lang='lat' dir='ltr'><strong>uon</strong></span> <span class='ocrx_word' id='word_1_440' title='bbox 676 2810 785 2845; x_wconf 88' lang='lat' dir='ltr'><strong>solum</strong></span> <span class='ocrx_word' id='word_1_441' title='bbox 813 2806 1000 2854; x_wconf 76' lang='lat' dir='ltr'><strong>approbare</strong></span> <span class='ocrx_word' id='word_1_442' title='bbox 1027 2801 1197 2850; x_wconf 75' lang='lat' dir='ltr'><strong>paradoxa</strong></span> <span class='ocrx_word' id='word_1_443' title='bbox 1224 2797 1390 2847; x_wconf 66' lang='lat' dir='ltr'><strong>quaedam</strong></span> <span class='ocrx_word' id='word_1_444' title='bbox 1407 2793 1566 2831; x_wconf 79' lang='lat' dir='ltr'><strong>Osiaudri</strong></span> <span class='ocrx_word' id='word_1_445' title='bbox 1581 2792 1666 2837; x_wconf 81' lang='lat' dir='ltr'><strong>dog·</strong></span> 
     </span>
     <span class='ocr_line' id='line_1_42' title="bbox 131 2854 1667 2915; baseline -0.016 -5"><span class='ocrx_word' id='word_1_446' title='bbox 131 2880 235 2915; x_wconf 80' lang='lat' dir='ltr'><strong>mata,</strong></span> <span class='ocrx_word' id='word_1_447' title='bbox 263 2875 320 2910; x_wconf 84' lang='lat' dir='ltr'><strong>sed</strong></span> <span class='ocrx_word' id='word_1_448' title='bbox 348 2875 449 2910; x_wconf 73' lang='lat' dir='ltr'><strong>etiam</strong></span> <span class='ocrx_word' id='word_1_449' title='bbox 477 2873 639 2907; x_wconf 72' lang='lat' dir='ltr'><strong>adversus</strong></span> <span class='ocrx_word' id='word_1_450' title='bbox 666 2881 783 2904; x_wconf 82' lang='lat' dir='ltr'><strong>omues</strong></span> <span class='ocrx_word' id='word_1_451' title='bbox 809 2868 895 2902; x_wconf 75' lang='lat' dir='ltr'><strong>alios</strong></span> <span class='ocrx_word' id='word_1_452' title='bbox 922 2866 1012 2900; x_wconf 84' lang='lat' dir='ltr'><strong>tucri</strong></span> <span class='ocrx_word' id='word_1_453' title='bbox 1041 2862 1139 2898; x_wconf 80' lang='lat' dir='ltr'><strong>velle.</strong></span> <span class='ocrx_word' id='word_1_454' title='bbox 1182 2860 1222 2894; x_wconf 87' lang='lat' dir='ltr'><strong>ld</strong></span> <span class='ocrx_word' id='word_1_455' title='bbox 1253 2860 1282 2894; x_wconf 88' lang='lat' dir='ltr'><strong>si</strong></span> <span class='ocrx_word' id='word_1_456' title='bbox 1308 2870 1421 2892; x_wconf 74' lang='lat' dir='ltr'><strong>verum</strong></span> <span class='ocrx_word' id='word_1_457' title='bbox 1449 2858 1514 2896; x_wconf 81' lang='lat' dir='ltr'><strong>est,</strong></span> <span class='ocrx_word' id='word_1_458' title='bbox 1539 2854 1667 2895; x_wconf 80' lang='lat' dir='ltr'><strong>metuo,</strong></span> 
     </span>
    </p>
   </div>
  </div>
 </body>
</html>
