1830 3147
134 138 180 178 96

132 255 260 302 postea
296 249 502 288 intervallis
536 248 640 286 iuxta
687 246 958 299 suprascriptos
993 259 1189 298 puerorum
1227 247 1377 286 ordines
1414 248 1667 287 continuatur.

135 315 340 353 Monentur
384 318 506 351 autem
549 311 655 350 iuxta
700 311 925 363 praedictam
973 311 1163 349 Ecclesiae
1208 312 1447 363 partitionem
1497 316 1668 363 parentes

132 392 333 432 puerorum
369 376 649 429 quartodecimo
686 376 744 414 die
778 380 864 414 ante
899 375 1225 420 examinationem,
1259 380 1301 414 ut
1335 376 1422 414 illos
1450 380 1582 414 octavo
1611 375 1670 413 die

133 445 266 482 sistant
310 450 397 481 ante
431 441 855 489 examinatio-(effluam
891 439 1119 490 nominaque
1154 440 1303 478 illorum
1341 440 1505 478 tradant.
1559 440 1668 478 Indi-

133 512 218 546 cent
251 511 451 558 praeterea,
486 518 678 556 quousque
713 504 754 542 in
792 505 936 542 minore
974 504 1210 541 Catechismo
1248 510 1334 542 sunt
1368 505 1569 556 progressi,
1605 504 1669 556 qui

128 574 236 611 illum
273 571 436 609 ediscere
470 571 546 608 iam
584 573 798 620 coeperunt,
824 573 866 607 ut
894 568 1137 606 Ecclesiastes
1166 568 1269 615 sciat,
1297 569 1386 620 quid
1413 569 1460 607 ab
1487 569 1563 607 illis
1592 569 1670 606 exi-

129 650 216 686 gere
245 636 388 683 debeat,
417 648 463 674 ne
490 648 563 685 qua
593 633 764 672 confusio
791 634 832 671 in
860 633 1134 671 examinatione
1163 633 1388 672 suboriatur.

182 700 375 738 Docentur
423 703 546 737 autem
592 702 678 736 ante
720 697 845 735 omnia
890 697 1008 748 pueri,
1052 701 1094 735 ut
1129 697 1381 748 precationem
1418 697 1671 744 Dominicam,

133 765 353 816 Symbolum
381 763 500 815 (quod
533 763 790 814 Apostolicum
819 763 972 809 vocant)
1000 765 1037 799 et
1066 761 1296 810 Decalogum
1323 761 1483 799 recitare
1509 761 1669 812 possint.

133 831 259 880 Atque
301 828 392 866 haec
436 827 596 878 primum
633 826 803 864 omnium
839 826 951 864 etiam
988 825 1034 863 ab
1072 825 1118 863 iis
1153 825 1193 863 in
1230 839 1359 863 eorum
1395 826 1671 864 examinatione

133 894 348 944 exiguntur.
403 892 546 930 Deinde
583 892 760 930 iubentur
798 891 978 929 minorem
1025 891 1298 928 Catechismum
1344 891 1518 937 ediscere,
1562 895 1674 942 atque

133 959 174 997 in
211 971 253 996 eo
291 958 440 996 demum
480 957 591 994 etiam
620 956 895 999 examinantur,
921 968 989 1006 pro
1018 968 1061 993 eo
1089 968 1132 993 ac
1159 955 1316 1006 quisque
1343 955 1382 993 in
1410 955 1475 993 illo
1503 960 1559 994 est
1585 969 1674 1007 pro-

133 1037 298 1074 gressus.
353 1022 403 1060 Et
438 1025 637 1059 monentur
663 1023 836 1072 parentes
863 1032 1062 1071 puerorum
1100 1032 1143 1057 ac
1178 1019 1444 1069 ludimagistri,
1473 1024 1514 1058 ut
1539 1033 1675 1071 pueros

135 1088 335 1138 diligenter
362 1087 401 1124 in
431 1085 567 1124 minori
596 1085 831 1123 Catechismo
859 1084 1073 1129 instituant,
1103 1088 1141 1122 ut
1169 1084 1217 1122 ab
1243 1084 1319 1122 illis
1336 1084 1534 1132 ediscatur,
1554 1086 1676 1137 prius·

136 1167 247 1205 quam
275 1151 322 1189 ad
349 1150 593 1189 tredecimum
622 1149 755 1188 aetatis
783 1162 871 1187 suae
898 1162 1038 1187 annum
1065 1148 1286 1200 perveniant
1323 1153 1435 1199 atque
1463 1149 1508 1187 ad
1531 1149 1677 1187 Coenae

136 1216 357 1256 Dominicae
383 1228 494 1253 usum
521 1214 780 1252 admittantur.
835 1213 924 1265 Ipsa
952 1226 1039 1256 vero
1077 1213 1305 1251 examinatio
1342 1226 1541 1264 puerorum
1570 1227 1677 1266 pera-

137 1283 240 1332 gitur
267 1280 313 1319 ad
342 1280 443 1318 hunc
460 1279 627 1318 modum.

187 1346 434 1396 Posteaquam
466 1344 543 1382 dies
572 1343 860 1382 examinationis
889 1343 1001 1387 venit,
1029 1343 1278 1394 disponuntur
1298 1356 1448 1380 scamna
1468 1344 1579 1393 longa
1600 1344 1678 1381 suis

139 1410 336 1449 ordinibus
363 1410 402 1447 in
429 1409 552 1448 medio
580 1408 770 1446 Ecclesiae
799 1412 905 1446 coetu
927 1421 946 1446 e
964 1407 1117 1457 regione
1139 1408 1319 1458 suggesti,
1339 1408 1435 1446 unde
1454 1409 1559 1459 pueri
1577 1413 1612 1447 et
1632 1409 1679 1446 ab

140 1475 368 1514 Ecclesiaste
404 1481 439 1512 et
475 1467 729 1512 ab'Eoclesia
766 1473 888 1511 audiri
925 1472 1224 1510 commodissime
1260 1477 1430 1524 possunt,
1467 1473 1506 1510 in
1543 1473 1682 1524 quibus

141 1546 318 1592 suggesto
355 1540 535 1592 proximis
573 1540 658 1587 (94)
688 1538 884 1576 consident
910 1537 1016 1588 pueri
1042 1538 1111 1583 illi,
1137 1537 1201 1588 qui
1227 1538 1481 1588 precationem
1509 1537 1682 1574 Domini-

142 1620 236 1652 cam,
263 1605 484 1657 Symbolum
513 1608 549 1642 et
577 1603 804 1652 Decalogum
849 1603 1003 1640 recitare
1030 1606 1201 1654 possunt.
1257 1602 1302 1639 In
1330 1602 1414 1639 aliis
1443 1615 1529 1639 vero
1559 1601 1683 1639 consi·-

143 1672 232 1710 dent
266 1671 370 1722 pueri
405 1669 474 1715 illi,
509 1668 573 1720 qui
608 1668 645 1706 in
686 1668 830 1706 minore
865 1667 939 1705 iam
968 1667 1204 1705 Catechismo
1232 1666 1466 1705 erudiuntur.
1521 1666 1567 1704 Id
1595 1678 1682 1704 vero

140 1739 262 1774 totum
299 1735 343 1772 fit
379 1737 466 1772 ante
501 1733 617 1784 ipsam
655 1731 951 1784 pomeridianam
999 1731 1231 1775 concionem,
1267 1744 1313 1768 ne
1349 1734 1477 1782 postea
1513 1730 1684 1768 Ecclesia

143 1800 392 1852 perturbetur.
445 1798 573 1835 Habet
602 1801 726 1835 autem
753 1796 999 1834 Ecclesiastes
1028 1796 1237 1845 catalogum
1265 1808 1466 1846 puerorum
1492 1800 1684 1833 utrorum-

144 1878 216 1916 que
253 1864 290 1903 et
327 1863 393 1915 qui
430 1863 584 1901 recitare
619 1865 764 1899 tantum
795 1861 933 1899 debent
957 1861 1216 1898 Precationem
1244 1860 1494 1904 Dominicam,
1523 1860 1684 1910 Symbo-

144 1930 221 1968 lum
267 1941 311 1967 ac
357 1927 587 1975 Decalogum
626 1925 663 1963 et
691 1924 757 1976 qui
782 1924 821 1962 in
851 1924 994 1962 minore
1022 1923 1133 1961 etiam
1163 1923 1398 1961 Catechismo
1425 1923 1688 1968 instituuntur,

145 1999 193 2041 et,
219 1997 417 2046 postquam
457 1990 690 2028 dimidiatam
728 1989 856 2026 horam
897 1988 1072 2026 concioni
1097 1988 1270 2039 publicae
1297 1987 1492 2038 impendit,
1520 1986 1566 2024 ad
1594 2000 1686 2038 pue·

146 2072 271 2098 rorum
309 2055 642 2096 examinationem.
664 2067 702 2092 se
740 2053 935 2098 convertit,
963 2054 1135 2103 factaque
1162 2052 1266 2090 brevi
1293 2052 1341 2089 ad
1370 2051 1575 2089 Dominum
1602 2064 1686 2102 pre-

147 2124 371 2168 catiuncula,
404 2134 537 2173 pueros
574 2121 793 2159 exhortatur
830 2118 875 2156 ad
903 2119 1062 2156 alacrem
1092 2131 1233 2162 eorum,
1261 2117 1305 2154 de
1341 2117 1478 2168 quibus
1514 2121 1601 2153 sunt
1628 2116 1687 2153 in-

146 2188 376 2238 terrogandi,
421 2185 716 2237 responsionem.
770 2184 1008 2234 Primumque
1045 2196 1065 2220 a
1103 2182 1261 2231 singulis
1297 2181 1384 2226 illis,
1417 2181 1481 2232 qui
1521 2181 1689 2231 proxime

147 2257 362 2303 suggestum
400 2250 608 2295 consident,
635 2249 752 2298 exigit
780 2248 910 2286 ordine
937 2248 1041 2285 iuxta
1070 2246 1249 2285 traditum
1278 2246 1350 2283 sibi
1388 2246 1583 2283 nominum
1621 2258 1682 2282 ca-

145 2312 311 2366 talogum
361 2314 594 2353 Precationis
649 2313 881 2358 Dominicae‚
919 2312 1088 2363 Symboli
1125 2316 1161 2350 et
1200 2311 1380 2361 Deealogi
1414 2311 1682 2356 recitationem,

149 2382 202 2420 sie
236 2386 276 2420 ut
314 2381 377 2419 alii
415 2384 478 2418 aut
514 2379 766 2430 precationem
803 2377 1039 2416 Dominicam
1082 2381 1229 2415 tantum
1265 2381 1328 2414 aut
1367 2376 1587 2425 Symbolum
1625 2380 1689 2413 aut

149 2447 378 2495 Decalogum
423 2445 592 2490 recitent,
637 2444 700 2482 alii
741 2456 829 2482 vero
866 2444 976 2481 simul
1012 2442 1150 2487 omnia,
1186 2455 1253 2493 pro
1287 2454 1330 2479 eo
1364 2454 1407 2479 ac
1445 2440 1689 2478 Ecclesiastes

150 2524 440 2562 unumquenque
466 2510 681 2548 institutum
707 2522 787 2547 csse
814 2508 930 2546 novit.
979 2508 1122 2546 Deinde
1149 2520 1234 2545 vero
1262 2506 1308 2544 ad
1336 2518 1398 2543 cos
1426 2518 1574 2555 quoque
1600 2517 1688 2556 pro-

149 2576 330 2627 greditur,
366 2575 429 2625 qui
465 2574 644 2612 minorem
676 2573 951 2611 catechismum
981 2572 1146 2610 ediscere
1174 2573 1388 2622 coeperunt,
1415 2573 1451 2606 et
1478 2582 1498 2606 a
1527 2569 1686 2618 singulis

150 2642 190 2680 in
217 2641 283 2678 illo
311 2639 549 2688 exi-(95)git‚
574 2652 642 2689 pro
670 2651 713 2676 eo
741 2651 785 2676 ac
812 2650 984 2688 quenque
1010 2649 1249 2688 progressum
1276 2647 1356 2677 esse
1381 2634 1500 2672 novit.

204 2704 351 2744 Quodsi
387 2703 451 2754 qui
486 2703 588 2753 pueri
625 2707 709 2753 apte
745 2706 856 2753 atque
892 2701 1062 2751 expedite
1098 2701 1145 2738 ad
1181 2698 1494 2747 interrogationes
1532 2710 1689 2749 respon-

155 2770 300 2815 derunt,
329 2767 588 2805 collaudantur
614 2770 786 2817 parentes
814 2766 993 2816 ipsorum,
1021 2764 1119 2815 quod
1149 2768 1225 2802 tam
1254 2762 1373 2800 seduli
1401 2762 1541 2799 fuerint
1568 2762 1607 2800 in
1628 2763 1688 2799 in-

153 2833 350 2873 stituendis
379 2832 455 2870 suis
482 2831 622 2873 liberis.
649 2834 933 2880 monenturque,
960 2833 998 2866 ut
1026 2829 1065 2866 in
1093 2842 1134 2866 ea
1160 2828 1239 2879 ipsa
1269 2826 1464 2864 sedulitate
1483 2826 1685 2864 instituen-

153 2898 191 2941 di
219 2911 305 2951 suos
332 2898 470 2935 liberos
496 2907 607 2947 porro
634 2897 881 2946 perseverent.
911 2892 1228 2931 Commendantur
1254 2891 1329 2929 illis
1365 2894 1552 2941 praeterea
1577 2887 1682 2942 pueri
