1830 3147
223 147 271 183 36

227 255 402 293 clementi
421 254 547 293 animo
576 254 724 309 acci-(C
744 256 892 307 4²³)pere
918 268 986 307 pro
1015 257 1154 297 virtute
1183 259 1264 297 Tua
1292 257 1423 307 Regia,
1451 270 1660 308 nomenque
1678 257 1763 295 istic
1816 299 1817 302 Ἰ

226 324 398 358 nostrum
425 333 446 358 a
472 319 742 358 malevolorum
771 321 968 359 calumniis
995 321 1186 362 vindicare
1214 324 1333 373 Regia
1363 324 1444 361 Tua
1472 322 1686 367 autoritate,
1714 330 1763 369 et,

227 385 326 437 quod
363 384 530 423 omnium
558 398 744 424 summum
781 391 849 432 est,
876 399 999 424 veram
1027 386 1114 426 istic
1140 388 1362 439 religionem
1386 400 1455 440 pro
1484 387 1631 426 ratione
1656 401 1764 439 prae·
1816 407 1817 411 =

229 450 396 488 cellentis
417 450 521 488 Tuae
540 450 749 490 vocationis
771 451 911 502 Regiae
932 452 1026 490 serio
1046 466 1266 504 promovere
1292 454 1471 504 digneris,
1491 475 1541 483 -
1561 457 1615 498 ut,
1634 466 1764 504 quem-

226 515 430 552 admodum
465 515 572 553 iuxta
609 516 817 567 exemplum
857 517 1073 555 Solomonis
1100 518 1243 569 primus
1271 518 1440 556 omnium
1466 517 1554 555 istic
1584 530 1668 555 cum
1694 530 1764 568 pu·

224 579 325 617 blico
354 579 461 629 regni
487 580 601 618 totius
630 581 824 632 applausu,
853 581 1003 620 vidente
1020 583 1066 621 'et
1094 583 1243 622 volente
1272 583 1509 622 sanctissimo
1539 582 1627 620 olim
1653 582 1765 620 Patre
1817 607 1818 626 2

228 645 324 690 Tuo,
360 645 399 682 in
437 645 530 682 solio
566 645 685 696 ipsius
714 646 931 690 collocatus,
958 646 1063 696 regni
1094 647 1275 686 Diadema
1304 648 1493 699 accepisti,
1519 647 1572 686 ita
1592 650 1763 685 nostrum
1817 652 1818 698 ξ

225 709 337 747 nobis
375 709 486 747 etiam
522 709 763 748 Solomonem
798 714 986 761 praestare
1020 712 1143 762 possis
1180 713 1220 751 in
1260 712 1483 751 fabricando
1510 712 1597 751 istic
1623 712 1763 763 templo
1817 701 1818 737 Ῐ

227 772 395 818 Domini,
430 786 506 811 non
542 774 712 825 equidem
748 788 793 812 ex
821 775 981 813 mortuis
1018 789 1204 827 sensuque
1239 777 1342 815 omni
1381 777 1607 823 carentibus,
1643 777 1706 814 sed
1747 789 1767 814 e
1817 798 1818 806 κ

226 837 321 875 vivis
356 837 558 889 lapidibus.
591 851 656 889 per
684 838 935 887 Euangelium
962 839 1031 876 filii
1061 839 1129 877 Dei
1157 844 1287 893 autore
1325 840 1460 892 spiritu
1498 845 1627 878 sancto
1665 839 1766 877 exci-
1817 836 1818 860 3

226 902 336 940 tatis:
363 902 402 939 id
430 902 533 953 quod
560 902 647 939 Tibi
676 916 695 940 a
723 902 888 940 Domino
918 902 996 940 Deo
1025 909 1155 942 nostro
1185 905 1370 956 supplices
1400 917 1482 942 cum
1510 917 1635 942 rerum
1665 904 1766 941 Tua·
1817 928 1818 931 =

227 980 311 1005 rum
338 967 504 1004 omnium
533 965 751 1018 Patriaeque
778 967 894 1005 totius
924 967 1075 1018 optimis
1101 969 1337 1007 successibus
1364 953 1574 1020 sirecamur.

279 1031 517 1070 Francoforti
547 1035 650 1069 sexta
680 1031 738 1069 die
767 1031 1012 1083 Septembris,
1039 1034 1153 1071 Anno
1183 1036 1297 1073 1555.

682 1161 785 1199 Tuae
813 1159 1005 1200 Maiestati
1032 1161 1313 1200 addictissimus

981 1291 1195 1330 Ioannes
1232 1290 1254 1330 a
1290 1290 1458 1330 Laseo.
1487 1293 1534 1344 (ζ
1555 1292 1618 1339 4¹³)
