1830 3147
31 823 130 865 Ephe.
155 823 184 853 4.

32 866 129 897 Geue.
153 865 183 896 2.

31 908 114 939 Psal.
138 907 167 938 S.

29 950 136 981 Eccle.
160 950 210 981 15.

33 993 130 1024 Gene.
154 992 183 1023 3.

33 1036 48 1066 l
75 1035 148 1066 Cor.
173 1034 225 1066 15.

36 1479 150 1509 Roma.
176 1479 205 1508 5.

33 1520 117 1553 Psal.
141 1520 191 1551 15.

36 1564 146 1594 Roma.
171 1561 200 1595 7.

34 1606 135 1647 Ephe.
158 1605 188 1638 2.

36 1649 124 1680 loun.
149 1649 177 1680 3.

42 2370 161 2411 Philip.
186 2370 215 2401 3.

41 2413 155 2443 Roma.
177 2412 206 2446 7.

313 113 385 149 392
789 122 965 151 carnea.
998 123 1105 152 neon.
1135 122 1254 153 LOND.

903 227 1045 268 Interr.
1074 230 1136 269 81.

366 291 574 332 Quomodo
602 291 676 330 hoe
701 289 944 342 intelligam?

964 356 1077 408 Resp.

367 420 561 459 Nimirum
604 421 731 471 imago
777 434 820 459 ac
866 420 1078 459 similitudo
1115 421 1201 467 Dei,
1236 421 1284 460 ad
1321 435 1434 474 quam
1471 421 1586 460 homo
1622 421 1734 462 initio

317 489 462 525 creatus
498 490 591 532 erat,
620 486 732 525 simul
759 499 845 524 cum
873 485 977 524 omni
1015 485 1063 524 ad
1091 486 1235 525 bonum
1263 487 1504 539 proclivitate
1530 487 1571 526 in
1598 499 1643 527 eo
1671 500 1736 540 pe-

316 552 392 591 riit.

837 615 977 656 Interr.
1007 619 1070 656 82.
1098 616 1206 666 (301³)

370 680 576 721 Quomodo
606 680 679 719 hoc
706 680 951 732 intelligam?

967 748 1080 799 Resp.

369 812 477 850 Haec
502 812 613 850 initio
641 812 712 851 Dei
738 812 776 850 in
815 812 964 851 Adamo
991 813 1117 863 imago
1147 817 1238 861 erat,
1266 813 1366 865 quod
1396 817 1475 852 erat
1502 814 1739 858 immortalis,

318 880 483 921 sanctus,
519 877 682 928 sapiens,
713 877 832 914 totius
873 877 977 915 orbis
1007 877 1197 925 dominus,
1225 878 1401 916 libertate
1428 882 1541 929 atque
1567 877 1740 929 potentia

318 941 373 979 sic
399 940 603 992 praeditus,
629 945 671 978 ut
698 941 769 979 Dei
797 942 974 980 mandata
1003 947 1069 980 aut
1095 956 1251 994 prorsus
1279 956 1457 993 peragere
1484 946 1550 981 aut
1568 943 1740 980 omittere

318 1010 456 1057 posset.
495 1006 606 1043 Hane
643 1012 766 1044 autem
803 1006 873 1044 Dei
906 1007 1112 1057 imaginem
1149 1007 1189 1045 in
1219 1021 1257 1045 se
1285 1011 1321 1045 et
1349 1007 1388 1045 in
1418 1008 1530 1045 nobis
1561 1006 1740 1045 omnibus

317 1070 411 1108 adeo
438 1074 592 1121 peccato
622 1083 689 1108 suo
719 1071 901 1121 corrupit,
927 1077 968 1109 ut
996 1071 1124 1109 omnia
1153 1072 1292 1109 dehinc
1311 1072 1359 1110 ad
1383 1072 1522 1110 bonum
1545 1071 1740 1122 vergentia

320 1135 419 1173 dona
448 1136 488 1174 in
515 1135 599 1187 ipso
629 1140 666 1174 et
695 1135 736 1173 in
764 1135 878 1174 nobis
906 1149 1057 1187 quoque
1085 1136 1264 1175 omnibus
1291 1150 1446 1189 prorsus
1473 1135 1700 1175 interierint.

908 1265 1046 1304 Interr.
1077 1268 1138 1304 83.

372 1329 577 1368 Quomodo
606 1328 746 1367 Adami
772 1330 1027 1380 transgressio
1057 1330 1170 1369 nobis
1198 1331 1332 1369 obesse
1362 1334 1517 1382 potest?

972 1395 1087 1446 Resp.

373 1461 483 1497 Tunc
519 1472 648 1497 omnes
685 1459 810 1497 adhuc
847 1460 887 1497 in
923 1459 1071 1504 Adami„
1098 1460 1240 1498 lumbis
1277 1461 1447 1499 conclusi
1486 1474 1647 1509 eramus,
1676 1463 1740 1513 qui

321 1528 450 1575 postea
479 1537 548 1562 nos
576 1524 762 1567 meliores,
790 1537 903 1575 quam
930 1525 1010 1575 ipsc
1038 1529 1130 1562 tune
1158 1529 1249 1570 erat,
1275 1525 1503 1576 progignere
1530 1528 1635 1575 (31³)
1664 1540 1741 1565 non

321 1592 480 1641 poterat,
508 1602 641 1640 nempe
659 1602 846 1640 perversa,
866 1588 1067 1640 peccatrici
1087 1589 1214 1627 indole
1230 1594 1342 1641 atque
1363 1594 1510 1630 natura.
1539 1590 1654 1630 Unde
1668 1591 1743 1630 iam

322 1655 376 1700 fit,
414 1666 483 1691 nos
519 1666 596 1690 non
634 1657 783 1690 tantum
819 1652 859 1690 in
896 1656 1004 1690 utero
1042 1653 1175 1691 matris
1212 1653 1253 1691 in
1288 1658 1443 1705 peccato
1485 1654 1649 1706 concipi,
1677 1655 1742 1693 sed

322 1720 433 1757 etiam
471 1718 616 1769 peccati
653 1731 781 1756 servos
819 1718 972 1769 iraeque
1008 1718 1107 1755 filios
1142 1718 1261 1763 nasci,
1300 1732 1420 1770 neque
1448 1724 1585 1757 natura
1614 1724 1743 1758 nostra

322 1784 626 1833 intelligentiam,
671 1784 967 1835 propensitatem
1004 1797 1125 1834 neque
1162 1784 1394 1822 voluntatem
1437 1784 1575 1823 habere
1616 1785 1744 1831 ullam,

323 1864 417 1901 quae
465 1851 511 1887 ad
558 1849 628 1887 Dei
663 1849 841 1887 mandata
888 1862 957 1887 nos
995 1849 1173 1896 adducat,
1209 1850 1303 1888 adeo
1337 1854 1380 1888 ut
1417 1862 1569 1902 quoque
1606 1854 1741 1890 natura

324 1920 455 1955 nostra
484 1915 539 1953 nil
567 1914 641 1952 nisi
669 1927 822 1966 peccare
848 1914 1053 1966 possimus.

913 1978 1050 2017 Interr.
1081 1981 1143 2017 84.

376 2045 482 2082 Num
510 2043 627 2093 igitur
656 2043 769 2081 homo
799 2056 820 2080 a
847 2042 1013 2094 peccatis
1042 2056 1081 2080 se
1109 2043 1303 2081 continere
1330 2056 1447 2094 eaque
1476 2043 1648 2082 omittere
1666 2056 1742 2082 non

326 2110 478 2161 potest?

979 2172 1094 2223 Resp.

381 2239 421 2276 Si
455 2242 608 2276 externa
634 2237 845 2289 peccatoria
882 2249 995 2288 opera
1031 2240 1255 2288 spectamus,
1290 2242 1333 2275 ut
1371 2237 1604 2284 maledicere,
1642 2236 1744 2274 occi-

329 2305 426 2351 dere,
462 2303 666 2348 moechari‚
699 2303 829 2349 furari,
865 2302 1052 2340 inebriari
1080 2308 1116 2340 et
1144 2302 1184 2340 id
1212 2304 1318 2351 (3112)
1345 2315 1466 2352 genus
1494 2303 1580 2349 alia,
1607 2301 1744 2356 partim

328 2369 498 2421 potentia
526 2368 637 2406 nobis
665 2367 787 2406 indita
815 2372 871 2405 est
905 2381 971 2419 per
1009 2367 1161 2406 innatas
1190 2368 1382 2405 naturales
1410 2367 1507 2406 vires
1535 2367 1658 2416 (omni
1684 2366 1744 2404 in-

329 2434 473 2472 dustria
509 2433 622 2471 nobis
659 2445 702 2471 eo
739 2432 950 2470 nitentibus
986 2454 1036 2461 —-
1064 2432 1165 2482 quod
1194 2437 1230 2470 et
1258 2432 1376 2470 debiti
1404 2445 1493 2470 sane
1519 2430 1642 2469 nostri
1670 2432 1744 2478 est)

329 2500 377 2536 ab
413 2498 599 2536 eiusmodi
634 2497 798 2548 peccatis
835 2509 905 2534 nos
942 2497 1178 2535 continendi.
1233 2497 1273 2534 Si
1311 2510 1396 2534 vero
1425 2499 1578 2547 peccata
1605 2495 1745 2533 intueri

331 2565 505 2601 volumus
549 2563 654 2601 iuxta
690 2563 878 2600 internam
915 2565 1074 2600 naturae
1110 2567 1264 2600 nostrae
1299 2561 1594 2613 perversitatem,
1630 2573 1743 2598 num-

330 2643 443 2680 quam
471 2629 551 2667 sine
578 2632 733 2679 peceato
762 2640 842 2665 esse
869 2640 1081 2678 possumus.
1135 2627 1219 2665 Imo
1248 2626 1302 2665 nil
1330 2626 1404 2664 nisi
1430 2638 1584 2677 peccare
1610 2638 1744 2676 possu-

329 2706 424 2739 mus,
452 2693 633 2744 quamdiu
661 2692 723 2730 hic
750 2691 929 2749 vivimus.
