1830 3147
1557 166 1629 201 249

97 274 332 327 supplicatio.
390 273 555 325 Moxque
595 272 742 311 orditur
777 272 948 324 publicas
989 273 1180 312 Ecclesiae
1216 287 1354 326 preces,
1393 273 1532 326 quibus
1562 275 1629 313 ad-

97 340 267 389 iungitur
302 339 452 391 publica.
487 352 555 390 pro
589 343 742 389 accepto
780 337 961 376 beneficio
998 338 1205 388 gratiarum
1243 339 1355 385 actio,
1390 342 1426 377 et
1464 340 1629 391 precatio

97 403 186 442 item
221 403 398 442 adversus
428 416 594 441 securam
623 403 726 440 illam
754 407 839 454 post
867 408 1016 454 accepta
1047 402 1227 441 beneficia
1254 403 1529 454 indulgentiam
1559 417 1629 442 no-

98 473 211 507 stram
248 481 292 506 ac
328 469 476 514 fastum,
512 481 558 506 ne
593 481 658 519 per
695 467 785 505 haec
822 467 991 505 Ecclesia
1029 468 1166 519 collato
1206 468 1243 507 in
1280 482 1319 507 se
1347 468 1418 507 Dei
1447 468 1628 507 beneficio

100 532 286 571 abutatur.

150 599 283 636 Postea
317 601 493 636 monetur
529 597 696 635 Ecclesia
726 597 771 636 de
798 598 946 636 Coenae
973 597 1196 651 Dominicae
1223 612 1294 636 usu
1323 598 1508 648 legitimo,
1536 611 1632 650 quae

98 676 186 701 mox
213 661 510 707 administratur,
546 667 580 700 et
617 662 742 700 omnia
771 662 943 713 deinceps
971 663 1295 710 administrantur,
1315 664 1631 715 quemadmodum

96 731 203 765 antea
230 727 341 778 paulo
368 727 408 764 in
437 727 709 778 supplicatione
738 727 958 766 calamitatis
985 728 1159 778 publicae
1185 728 1322 767 tradita
1352 728 1549 776 habentur,
1569 743 1629 782 pa.

99 794 170 834 557
201 793 328 842 (huius
354 793 409 831 ed.
439 794 544 840 24⁷3).
574 793 686 841 (571)

351 932 404 961 DE
439 932 724 961 CONIUGIORUM
758 931 1060 961 CONIUNCTIONE
1097 933 1140 961 IN
1169 934 1361 962 EchESIA

715 997 1020 1027 GERMANORUM.

148 1185 271 1224 Nemo
307 1185 345 1223 in
385 1184 574 1222 Ecclesiae
602 1190 751 1223 nostrae
778 1185 988 1223 ministerio
1018 1185 1261 1236 coniungitur
1290 1188 1520 1226 matrimonii
1549 1188 1631 1227 vin-

99 1251 195 1295 culo,
231 1250 304 1288 nisi
330 1250 370 1287 in
398 1250 549 1301 publico
578 1249 770 1288 Ecclesiae
799 1254 920 1295 coetu,
946 1255 1025 1298 tum
1055 1256 1097 1289 ut
1125 1251 1276 1303 publica
1306 1252 1629 1292 matrimoniorum

97 1316 271 1354 honestas
305 1316 414 1367 plene
450 1315 682 1360 observetur,
718 1319 798 1354 tum
836 1320 875 1353 ut
913 1316 1189 1355 admonitiones
1228 1317 1300 1355 huc
1336 1318 1565 1369 pertinentes
1607 1333 1628 1357 a

95 1384 175 1419 tota
203 1393 347 1432 semper
375 1380 542 1418 Ecclesia
570 1380 771 1418 audiantur
799 1381 847 1418 ad
874 1381 977 1419 illius
1005 1382 1316 1422 aedificationem.
1346 1383 1504 1430 Deinde,
1525 1385 1627 1423 nulla

97 1443 208 1481 etiam
243 1443 483 1481 matrimonia
525 1456 592 1495 pro
628 1443 808 1493 legitimis
837 1443 1022 1482 habentur
1049 1445 1088 1483 in
1117 1450 1267 1484 nostrae
1296 1446 1487 1486 Ecclesiae
1514 1448 1626 1486 mini·

96 1507 221 1553 sterio,
246 1507 464 1559 priusquam
491 1508 532 1545 in
558 1508 710 1559 publico
730 1508 921 1547 Ecclesiae
940 1513 1049 1548 coetu
1066 1523 1132 1561 per
1151 1510 1230 1548 eius
1252 1510 1448 1550 Ministros
1470 1512 1629 1551 coniun-

95 1577 246 1622 gantur.
274 1572 480 1619 Postremo,
509 1586 617 1610 nemo
647 1573 890 1622 coniungitur
917 1573 955 1610 in
983 1577 1115 1612 nostra
1144 1574 1324 1618 Ecclesia.
1354 1575 1426 1614 nisi
1454 1576 1518 1628 qui
1547 1591 1627 1616 sese

97 1637 196 1675 ultro
241 1649 285 1674 ac
329 1641 460 1688 sponte
505 1636 726 1688 disciplinae
770 1637 1056 1676 Ecclesiasticae
1100 1639 1205 1690 prius
1248 1639 1406 1679 subiecit
1441 1640 1482 1679 in
1519 1646 1628 1681 coetu

97 1702 287 1740 Ecclesiae
314 1707 399 1754 post
425 1701 586 1740 aeditam
612 1702 692 1740 illic
718 1702 806 1740 fidei
834 1716 921 1741 suae
950 1703 1238 1743 confessionem.

149 1766 327 1805 Monetur
369 1771 492 1805 autem
538 1767 698 1806 subinde
742 1768 924 1815 Ecclesia,
970 1773 1008 1806 ut
1045 1769 1083 1807 in
1121 1769 1296 1808 ineundis
1333 1769 1626 1822 desponsionum

97 1832 352 1870 contractibus
387 1845 520 1882 graves
553 1845 696 1883 semper
732 1832 876 1884 aliquot
914 1833 982 1871 viri
1020 1837 1068 1879 et,
1105 1833 1136 1871 si
1165 1834 1360 1872 commode
1387 1835 1467 1873 fieri
1494 1840 1631 1887 potest,

96 1897 269 1936 nonnulli
305 1897 415 1936 etiam
452 1910 497 1935 ex
526 1897 746 1936 Senioribus
776 1898 969 1937 Ecclesiae
998 1899 1261 1946 adhibeantur,
1291 1900 1355 1951 qui
1384 1900 1518 1939 deinde
1547 1914 1627 1940 om-

95 1961 158 2001 nia
194 1962 263 2000 rite
298 1974 341 1999 ac
377 1961 550 2000 decenter
585 1966 734 2014 peracta
771 1976 851 2000 esse
887 1963 925 2000 in
957 1963 1220 2002 Ministrorum
1248 1977 1291 2002 ac
1320 1965 1518 2004 Seniorum
1546 1979 1628 2004 om-

97 2027 200 2066 nium
231 2031 338 2065 coetu
365 2027 558 2065 testificari
585 2027 745 2079 possint.
775 2028 887 2075 (572)

151 2091 329 2130 Monetur
364 2095 555 2143 praeterea
590 2090 749 2129 subinde
777 2091 960 2137 Ecclesia,
986 2105 1034 2130 ne
1059 2091 1098 2130 in
1126 2091 1302 2131 ineundis
1330 2092 1629 2144 desponsionum

99 2155 354 2193 contractibus
390 2155 468 2193 ulla
503 2155 689 2193 eiusmodi
726 2155 837 2193 verba
871 2155 1119 2200 intercedant,
1152 2170 1247 2208 quae
1282 2157 1335 2194 ita
1372 2158 1512 2209 alioqui
1553 2158 1629 2196 iam

98 2233 276 2271 sponsum
305 2232 387 2257 cum
417 2232 554 2271 sponsa
581 2219 740 2258 invicem
771 2219 1024 2270 obstringant,
1052 2225 1093 2259 ut
1120 2234 1198 2259 non
1225 2222 1384 2273 amplius
1413 2223 1629 2273 coniugium

97 2286 195 2324 inter
228 2285 343 2336 ipsos,
376 2285 408 2322 si
445 2298 538 2336 quae
585 2285 851 2336 impedimenta
888 2285 1132 2333 intercedant,
1161 2287 1325 2325 rescindi
1351 2288 1484 2339 possit,
1512 2288 1631 2328 donec

99 2363 224 2389 coram
252 2354 360 2388 coetu
386 2349 576 2387 Ecclesiae
604 2350 679 2388 ritu
705 2350 857 2401 publico
885 2350 1114 2402 approbetur
1141 2355 1177 2388 et
1205 2351 1469 2402 coniungatur.

148 2415 282 2454 Postea
319 2428 407 2453 vero
439 2428 551 2466 quam
589 2419 805 2453 contractus
843 2415 1103 2467 desponsionis
1139 2415 1276 2468 aliquis
1303 2416 1401 2455 inter
1429 2421 1528 2456 certa
1556 2418 1630 2456 Ec·

99 2480 231 2518 clesiae
267 2485 417 2518 nostrae
457 2479 634 2525 membra,
670 2483 713 2517 ut
747 2479 822 2518 iam
858 2484 914 2518 est
941 2479 1096 2527 dictum,
1125 2480 1195 2518 rite
1233 2493 1276 2518 ac
1304 2480 1478 2520 decenter
1506 2487 1630 2522 trans·

98 2549 204 2583 actus
240 2550 308 2591 est,
345 2545 509 2583 defertur
546 2558 603 2583 res
630 2550 722 2590 tota,
748 2549 790 2584 ut
817 2550 900 2583 acta
928 2550 995 2592 est,
1024 2549 1112 2584 ante
1139 2545 1265 2584 omnia
1301 2546 1348 2585 ad
1377 2551 1525 2586 coetum
1553 2548 1630 2586 Mi-

100 2609 302 2648 nistrorum
339 2614 376 2648 et
405 2609 603 2648 Seniorum
631 2610 810 2656 omnium,
843 2610 972 2662 ibique
1007 2609 1222 2662 inquiritur.
1259 2624 1349 2649 num
1377 2612 1462 2663 quis
1490 2613 1632 2664 aliquid

99 2673 249 2712 obstare
283 2687 392 2725 posse
418 2678 534 2726 putet,
561 2674 764 2725 quominus
802 2674 1002 2726 desponsio
1038 2674 1102 2711 illa
1141 2674 1180 2712 in
1208 2680 1317 2713 coetu
1345 2676 1536 2715 Ecclesiae
1564 2691 1629 2729 ap·

98 2737 277 2788 probetur
313 2742 425 2789 atque
459 2738 634 2789 desponsi
668 2737 829 2776 invicem
866 2739 923 2776 illi
958 2738 1107 2790 publice
1151 2738 1264 2777 etiam
1311 2739 1356 2778 de
1401 2754 1505 2780 more
1542 2754 1632 2780 con-

98 2802 314 2853 iungantur.
363 2803 424 2848 Et,
453 2803 484 2842 si
511 2803 607 2841 nihil
634 2803 819 2842 eiusmodi
845 2805 1050 2855 profertur,
1077 2803 1330 2843 instituuntur
1357 2806 1530 2857 protinus
1557 2811 1626 2845 ter·

99 2881 169 2906 nae
204 2867 459 2918 coniungendi
495 2868 574 2907 eius
604 2868 831 2907 matrimonii
870 2868 1179 2908 denunciationes
1212 2869 1387 2921 publicae
1413 2876 1449 2909 et
1477 2872 1630 2909 nomina

101 2931 400 2971 contrahentium
438 2934 608 2984 catalogo
645 2946 786 2981 eorum,
821 2933 886 2986 qui
922 2934 960 2974 in
989 2938 1117 2972 nostra
1145 2935 1425 2987 coniunguntur
1453 2935 1633 2985 Ecclesia,
