1830 3147
798 106 867 146 611
1324 108 1384 158 [A.
1410 107 1456 147 D.
1481 107 1597 157 154⁷]

61 217 128 257 N‘-
153 218 211 256 42.
496 219 499 239 ²
1254 219 1360 267 [1111111.
1375 234 1397 257 s.
1413 233 1437 257 a.
1453 217 1501 259 ub,
1517 217 1595 267 632]

609 361 615 369 -
676 340 736 378 Ad
759 341 979 380 Lemnum.

111 462 305 511 Soripserat
327 461 371 499 ad
395 471 451 498 me
475 461 651 498 Barbatus
670 463 700 510 ¹)
731 463 854 499 noster
876 457 1053 510 Principis
1076 462 1228 507 nomine,
1253 462 1301 499 mi
1325 462 1477 499 Domine
1500 461 1590 498 Her-

62 523 206 560 manne!
232 524 276 559 ut
299 521 412 559 simnl‘
427 524 546 570 atque,
561 523 748 570 Gnapheus
761 525 791 571 Ξ)
816 523 967 567 veniret,
991 523 1177 560 certiorem
1202 523 1382 560 redderem
1407 535 1505 559 suam
1522 522 1590 560 eel-

60 581 251 620 situdinem
276 582 320 620 de
343 579 462 619 reditu
485 583 592 621 illius.
613 584 658 619 -Is
680 584 792 631 igitur
816 584 884 621 iam
910 583 1015 621 rediit
1040 586 1077 621 et
1101 587 1156 621 est
1180 584 1311 622 Emdae
1335 585 1428 633 apud
1445 585 1591 621 Petrum

60 646 330 682 Traiectensem.
379 645 483 692 Quod
515 645 545 681 si
579 645 665 693 quid
699 645 868 693 Princeps
901 657 982 682 cum
1014 645 1077 682 illo
1111 645 1208 682 volet
1239 657 1342 693 agere
1373 658 1434 693 per
1468 648 1506 682 te
1529 648 1593 681 aut

62 706 261 754 quempiam
285 705 404 750 alium,
429 706 466 742 id
490 706 558 742 iam
583 706 715 750 licebit,
739 706 808 743 nisi
832 706 862 742 si
886 705 986 743 illum
1011 706 1180 755 Princeps
1204 706 1248 743 ad
1271 719 1308 744 se
1332 718 1458 744 vocare
1481 706 1593 744 malit.

61 764 264 816 significavi
299 768 363 813 illi,
388 781 444 805 me
467 764 511 805 ad
537 770 573 804 te
598 768 641 805 de
665 768 769 805 rebus
793 768 868 805 suis
891 768 1080 816 scripsisse,
1104 771 1218 816 utque
1242 768 1304 806 abs
1328 771 1364 806 te
1387 781 1592 817 responsum

61 831 254 877 exspectet.
291 828 532 877 Respondebis
564 829 687 877 itaque
707 829 772 873 illi,
804 829 853 865 mi
885 829 932 866 D.
956 829 1178 866 Hermanne!
1226 830 1324 866 Haec
1348 829 1391 866 de
1416 829 1593 877 Gnapheo.

61 890 142 926 iam*
168 890 212 926 ad
236 892 369 934 nostra,
394 889 564 938 deposuit·
583 902 674 927 uxor
699 902 775 926 mea
797 890 957 926 nonnihil
983 889 1131 938 siliginis
1156 890 1193 926 in
1217 890 1261 926 iis
1285 890 1429 926 aedibus
1453 890 1490 926 in
1515 890 1593 937 qui-

62 949 128 987 bus
160 951 331 987 hactenus
365 952 441 987 erat
475 951 612 988 Doctor
636 950 946 998 Westerburgius3
971 951 1002 987 is
1025 963 1110 988 vero
1134 950 1202 987 iam
1227 950 1296 987 alio
1321 950 1462 998 migrat,
1487 963 1596 998 quare

61 1013 99 1048 te
127 1021 201 1055 oro,
225 1014 269 1048 ut
293 1011 462 1059 Princeps
486 1014 608 1048 nostra
632 1023 707 1048 eam
732 1011 908 1059 siliginem
933 1011 1006 1049 illic
1032 1024 1106 1049 esse
1129 1012 1288 1060 patiatur
1313 1024 1374 1060 per
1398 1012 1486 1048 hanc
1512 1013 1592 1060 hye-

60 1082 152 1107 mem
176 1071 363 1116 duntaxat,
387 1072 498 1108 donec
522 1072 619 1108 illam
644 1072 847 1109 vendamus.
873 1072 1044 1120 Reposita
1069 1075 1124 1109 est
1147 1073 1185 1109 in
1211 1073 1349 1117 solario,
1375 1073 1424 1110 sic
1449 1075 1492 1110 ut
1509 1073 1596 1109 nihil

62 1132 303 1170 incommodet
334 1133 455 1170 domui
487 1134 571 1182 ipsi:
599 1133 733 1182 alioqui
757 1147 830 1171 non
855 1134 1008 1171 multum
1033 1135 1227 1171 cunctabor
1250 1135 1347 1171 illam
1371 1135 1484 1182 primo
1510 1148 1596 1183 quo-

61 1206 134 1242 que
166 1197 324 1243 tempore
347 1195 509 1232 vendere.¹
559 1195 748 1232 Praeterea
773 1195 881 1232 valde·
900 1208 977 1232 sum
1004 1195 1179 1232 sollicitus
1203 1196 1246 1233 de
1270 1196 1378 1233 vidua
1402 1197 1462 1233 illa
1486 1197 1596 1234 Knec.

60 1256 168 1303 Rogo
199 1258 244 1292 ut
267 1256 480 1304 tempestive
503 1255 546 1293 ab
569 1256 632 1293 illa
655 1257 852 1305 syngrapha
876 1269 953 1294 mea
976 1257 1157 1301 liberetur,
1183 1269 1263 1294 nam
1289 1270 1353 1306 ego
1378 1270 1499 1295 revera
1524 1271 1594 1295 non

60 1317 183 1362 habeo,
217 1317 312 1355 unde
336 1317 390 1354 illi
414 1317 557 1355 aliunde
580 1318 727 1363 solvam,
752 1321 998 1367 praeterquam
1024 1331 1066 1356 ex
1092 1331 1132 1356 ea
1157 1331 1302 1364 summa,
1328 1331 1434 1367 quam
1459 1332 1479 1357 a
1503 1320 1596 1368 prin-

61 1381 138 1429 cipe
160 1383 340 1430 exspecto.
389 1377 497 1419 Vale}

112 1441 167 1478 Ex
191 1453 301 1489 reg-no
326 1444 449 1479 nostro
474 1441 787 1489 Abbingweerensi
813 1443 844 1491 ⁸)
869 1443 914 1479 23
940 1442 1155 1491 Septembris
1180 1444 1286 1481 Anno
1311 1444 1414 1483 1547.

111 1555 137 1595 ¹)
151 1554 316 1590 ,Eiusdem
339 1555 479 1592 nominis
502 1555 674 1596 professor,
699 1555 803 1587 Nicol.
827 1555 992 1596 Asclepius
1014 1555 1175 1587 Barbatus
1197 1557 1230 1588 in
1253 1555 1416 1588 academia
1439 1555 1601 1597 Martpur-

69 1609 159 1651 gensi
183 1612 464 1648 commemoratur,
488 1609 542 1652 qui
565 1610 610 1642 11⁰.
635 1609 714 1642 1567
739 1610 934 1651 Lantgravio
958 1611 1111 1653 Philippo
1135 1611 1326 1653 parentavit.
1351 1611 1401 1644 Cf.
1423 1620 1493 1643 VON
1509 1611 1599 1643 Rom·

68 1673 140 1697 111151,
164 1663 305 1707 Landyr.
328 1665 411 1698 Phil.
434 1665 479 1698 ΙΙ.
502 1676 533 1707 p.
558 1665 629 1697 550.
659 1666 687 1705 2)
703 1665 752 1696 1)0
769 1665 922 1708 Gnapheo
940 1665 1083 1707 Hagano,
1100 1677 1130 1699 v.
1145 1667 1212 1698 eius
1228 1667 1329 1698 vitam
1345 1666 1378 1698 in
1395 1667 1479 1699 Bm.
1491 1667 1599 1699 Brem.

71 1720 118 1755 Ol.
141 1721 232 1753 VIII.
255 1732 287 1764 p.
310 1721 379 1754 112.
413 1721 591 1760 Enniam,
609 1721 702 1754 Just.
727 1719 829 1754 Lusci.
852 1721 924 1754 220.
960 1722 985 1761 ³)
1009 1721 1101 1754 Lusci
1125 1722 1291 1764 praedium
1315 1723 1356 1756 es.
1381 1733 1430 1765 cp.
1453 1724 1504 1756 40.
1521 1734 1551 1756 n.
1567 1723 1598 1756 2.

68 1913 132 1953 ΝΟ.
159 1915 218 1952 43.
991 1952 993 1955 ,
1259 1916 1362 1962 [Gerd.
1379 1931 1400 1954 s.
1417 1931 1440 1953 a.
1457 1916 1506 1952 11¹³.
1524 1916 1599 1963 6352]

612 2023 671 2062 Ad
698 2024 1052 2062 HARDENBERGHJM.

117 2129 235 2168 Hodie
267 2130 311 2168 ad
344 2133 381 2168 te
413 2131 536 2180 scripsi
554 2138 631 2180 'per
663 2133 807 2170 nautam
840 2131 1049 2180 quempiam,
1076 2132 1113 2167 01
1138 2132 1202 2167 tua
1226 2132 1398 2170 nonnulla
1423 2133 1488 2170 tibi
1513 2134 1602 2178 misi,

70 2192 117 2229 mi
151 2191 314 2230 Alberte!
341 2204 431 2240 quae
455 2193 555 2229 brevi
580 2193 726 2241 recipies
751 2206 862 2242 spero.
912 2193 1019 2230 Nunc
1043 2206 1122 2231 eece
1147 2207 1289 2231 rursum
1321 2194 1446 2232 scribo.
1495 2196 1603 2233 Hunc

69 2252 236 2290 nuntium
270 2253 447 2290 mittimus
482 2253 724 2302 Witebergam
765 2254 808 2292 ad
842 2253 1042 2303 Philippum
1077 2257 1141 2292 aut
1165 2255 1226 2292 ubi
1257 2255 1318 2292 ubi
1342 2256 1373 2292 is
1398 2257 1457 2301 sit,
1482 2257 1600 2294 scribi-

69 2327 219 2362 musque
253 2313 296 2351 ad
327 2314 428 2350 illum
462 2314 505 2351 de
538 2315 725 2352 vocatione
760 2315 796 2351 in
831 2315 1007 2362 Angliam,
1042 2315 1085 2352 de
1117 2329 1187 2364 qua
1211 2316 1313 2353 hodic
1337 2316 1380 2353 ad
1406 2319 1442 2353 tc
1467 2317 1600 2365 scripsi.

71 2366 230 2424 Si‘quid
263 2376 361 2413 voles
389 2376 432 2413 ad
464 2375 669 2425 Philippum
704 2375 864 2422 scribere,
896 2377 1042 2425 poteriS,
1068 2390 1147 2414 nam
1173 2378 1325 2415 nuncius
1351 2380 1447 2415 recta
1469 2378 1513 2414 ad
1538 2391 1603 2428 nos

64 2440 213 2476 vrursum
238 2438 378 2475 redibit.
417 2438 587 2476 Calvinus
612 2438 763 2487 scripsit,
788 2441 832 2475 ut
854 2439 971 2484 audio,
996 2442 1120 2476 contra
1144 2440 1407 2489 Anabaptistas.
1441 2440 1548 2477 Hune
1574 2442 1603 2493 si

68 2499 186 2546 habes,
211 2499 331 2537 videre
356 2500 472 2548 cupio,
496 2499 552 2538 hic
577 2500 669 2537 enim
694 2499 813 2537 haberi
838 2513 909 2538 non
934 2503 1067 2550 potest.
1107 2501 1230 2538 Nauta
1254 2514 1314 2550 per
1341 2494 1602 2539 festinationem

65 2560 174 2599 hodie
196 2555 395 2599 *manticam
434 2563 531 2598 tuam
565 2574 635 2598 non
667 2562 813 2610 accepit,
839 2561 898 2599 sed
922 2562 1010 2599 hanc
1036 2562 1234 2611 propediem
1260 2563 1454 2600 mittemus.
1503 2563 1603 2600 Vale.

69 2622 195 2660 Saluta
219 2625 317 2660 tuam
345 2625 372 2671 ¹)
398 2625 434 2660 et
462 2622 548 2660 meis
575 2625 612 2660 et
637 2636 733 2660 meae
759 2623 875 2660 verbis
900 2612 1181 2673 diligentissime.
1229 2624 1278 2661 Te
1304 2638 1447 2673 quoque
1472 2624 1605 2661 salutat

73 2696 160 2737 mea.
209 2683 346 2722 Iterum
371 2684 472 2722 Vale.
522 2684 654 2722 Emdae
679 2697 720 2723 xl
746 2685 892 2723 Octobr.
918 2685 1024 2725 1547.
1073 2685 1196 2722 Saluta
1220 2685 1347 2724 fratres
1371 2700 1500 2725 omnes.

117 2795 143 2834 ¹)
165 2794 267 2828 nard.
302 2797 379 2827 tune
409 2795 565 2838 temporis
596 2796 730 2828 Bremae
759 2796 823 2828 iam
855 2799 922 2828 erat
944 2799 976 2828 et
999 2797 1058 2828 hac
1082 2798 1201 2829 aestate
1223 2797 1255 2829 in
1279 2797 1519 2831 matrimonium
1544 2797 1604 2830 sib‘i

76 2848 174 2886 Drus‚
196 2851 411 2894 Syssingham
435 2852 596 2885 iunxerat.
639 2853 689 2885 Cf.
711 2853 1042 2892 Scuwsscxnnmecx,
1065 2863 1097 2896 p.
1119 2853 1170 2886 25.

1391 2986 1461 3022 39*
