<?xml version="1.0" encoding="UTF-8"?>
<!DOCTYPE html PUBLIC "-//W3C//DTD XHTML 1.0 Transitional//EN"
    "http://www.w3.org/TR/xhtml1/DTD/xhtml1-transitional.dtd">
<html xmlns="http://www.w3.org/1999/xhtml" xml:lang="en" lang="en">
 <head>
  <title>
</title>
<meta http-equiv="Content-Type" content="text/html;charset=utf-8" />
  <meta name='ocr-system' content='tesseract 3.04.00' />
  <meta name='ocr-capabilities' content='ocr_page ocr_carea ocr_par ocr_line ocrx_word'/>
</head>
<body>
  <div class='ocr_page' id='page_1' title='image "./operatameditaqua02lask_0608.png"; bbox 0 0 1830 3147; ppageno 0'>
   <div class='ocr_carea' id='block_1_1' title="bbox 219 93 1029 143">
    <p class='ocr_par' dir='ltr' id='par_1_1' title="bbox 219 93 1029 143">
     <span class='ocr_line' id='line_1_1' title="bbox 219 93 1029 143; baseline 0.002 -13"><span class='ocrx_word' id='word_1_1' title='bbox 219 95 282 143; x_wconf 76' lang='lat' dir='ltr'><strong>[A.</strong></span> <span class='ocrx_word' id='word_1_2' title='bbox 309 93 354 131; x_wconf 87' lang='lat' dir='ltr'><strong>D.</strong></span> <span class='ocrx_word' id='word_1_3' title='bbox 382 95 491 143; x_wconf 74' lang='lat'>1544]</span> <span class='ocrx_word' id='word_1_4' title='bbox 962 98 1029 133; x_wconf 79' lang='lat'><strong>588</strong></span> 
     </span>
    </p>
   </div>
   <div class='ocr_carea' id='block_1_2' title="bbox 202 197 1761 2944">
    <p class='ocr_par' dir='ltr' id='par_1_2' title="bbox 213 197 1759 485">
     <span class='ocr_line' id='line_1_2' title="bbox 216 197 1756 253; baseline 0.005 -15"><span class='ocrx_word' id='word_1_5' title='bbox 216 202 277 238; x_wconf 91' lang='lat' dir='ltr'><strong>ubi</strong></span> <span class='ocrx_word' id='word_1_6' title='bbox 311 203 431 239; x_wconf 88' lang='lat' dir='ltr'><strong>fucum</strong></span> <span class='ocrx_word' id='word_1_7' title='bbox 464 203 735 240; x_wconf 82' lang='lat' dir='ltr'>Pharisaeorum</span> <span class='ocrx_word' id='word_1_8' title='bbox 771 205 977 241; x_wconf 85' lang='lat' dir='ltr'><strong>nostrorum</strong></span> <span class='ocrx_word' id='word_1_9' title='bbox 1010 205 1326 253; x_wconf 78' lang='lat' dir='ltr'><strong>deprehendissem,</strong></span> <span class='ocrx_word' id='word_1_10' title='bbox 1359 206 1402 243; x_wconf 88' lang='lat' dir='ltr'><strong>de</strong></span> <span class='ocrx_word' id='word_1_11' title='bbox 1434 197 1632 245; x_wconf 74' lang='lat' dir='ltr'><strong>rationibus</strong></span> <span class='ocrx_word' id='word_1_12' title='bbox 1659 210 1756 247; x_wconf 88' lang='lat' dir='ltr'><strong>vitae</strong></span> 
     </span>
     <span class='ocr_line' id='line_1_3' title="bbox 215 264 1756 318; baseline 0.005 -18"><span class='ocrx_word' id='word_1_13' title='bbox 215 276 312 301; x_wconf 88' lang='lat' dir='ltr'><strong>meae</strong></span> <span class='ocrx_word' id='word_1_14' title='bbox 338 264 478 302; x_wconf 90' lang='lat' dir='ltr'><strong>demum</strong></span> <span class='ocrx_word' id='word_1_15' title='bbox 504 265 662 312; x_wconf 88' lang='lat' dir='ltr'><strong>cogitare</strong></span> <span class='ocrx_word' id='word_1_16' title='bbox 687 267 798 314; x_wconf 90' lang='lat' dir='ltr'><strong>coepi,</strong></span> <span class='ocrx_word' id='word_1_17' title='bbox 824 266 941 302; x_wconf 85' lang='lat' dir='ltr'><strong>delata</strong></span> <span class='ocrx_word' id='word_1_18' title='bbox 964 266 1107 303; x_wconf 86' lang='lat' dir='ltr'><strong>interim</strong></span> <span class='ocrx_word' id='word_1_19' title='bbox 1133 267 1224 315; x_wconf 83' lang='lat' dir='ltr'><strong>Regi</strong></span> <span class='ocrx_word' id='word_1_20' title='bbox 1249 280 1326 304; x_wconf 91' lang='lat' dir='ltr'><strong>meo</strong></span> <span class='ocrx_word' id='word_1_21' title='bbox 1351 267 1523 306; x_wconf 84' lang='lat' dir='ltr'><strong>Poloniae</strong></span> <span class='ocrx_word' id='word_1_22' title='bbox 1547 282 1653 318; x_wconf 88' lang='lat' dir='ltr'><strong>opera</strong></span> <span class='ocrx_word' id='word_1_23' title='bbox 1669 283 1756 315; x_wconf 86' lang='lat' dir='ltr'><strong>mea,</strong></span> 
     </span>
     <span class='ocr_line' id='line_1_4' title="bbox 214 319 1756 375; baseline 0.005 -14"><span class='ocrx_word' id='word_1_24' title='bbox 214 325 245 362; x_wconf 86' lang='lat' dir='ltr'><strong>si</strong></span> <span class='ocrx_word' id='word_1_25' title='bbox 278 326 420 373; x_wconf 88' lang='lat' dir='ltr'><strong>quando</strong></span> <span class='ocrx_word' id='word_1_26' title='bbox 445 338 501 362; x_wconf 90' lang='lat' dir='ltr'><strong>me</strong></span> <span class='ocrx_word' id='word_1_27' title='bbox 525 326 569 362; x_wconf 86' lang='lat' dir='ltr'><strong>ad</strong></span> <span class='ocrx_word' id='word_1_28' title='bbox 594 327 781 375; x_wconf 87' lang='lat' dir='ltr'><strong>Evangelii</strong></span> <span class='ocrx_word' id='word_1_29' title='bbox 807 327 1050 364; x_wconf 87' lang='lat' dir='ltr'><strong>Ministerium</strong></span> <span class='ocrx_word' id='word_1_30' title='bbox 1076 341 1203 365; x_wconf 85' lang='lat' dir='ltr'><strong>vocare</strong></span> <span class='ocrx_word' id='word_1_31' title='bbox 1228 328 1349 366; x_wconf 87' lang='lat' dir='ltr'><strong>vellet.</strong></span> <span class='ocrx_word' id='word_1_32' title='bbox 1398 319 1456 366; x_wconf 68' lang='lat' dir='ltr'><strong>Ib&#39;i</strong></span> <span class='ocrx_word' id='word_1_33' title='bbox 1480 343 1563 368; x_wconf 83' lang='lat' dir='ltr'><strong>mox</strong></span> <span class='ocrx_word' id='word_1_34' title='bbox 1587 332 1673 368; x_wconf 89' lang='lat' dir='ltr'><strong>mihi</strong></span> <span class='ocrx_word' id='word_1_35' title='bbox 1699 332 1756 369; x_wconf 91' lang='lat' dir='ltr'><strong>de-</strong></span> 
     </span>
     <span class='ocr_line' id='line_1_5' title="bbox 214 387 1759 438; baseline 0.005 -16"><span class='ocrx_word' id='word_1_36' title='bbox 214 387 327 423; x_wconf 78' lang='lat' dir='ltr'><strong>fertur</strong></span> <span class='ocrx_word' id='word_1_37' title='bbox 352 400 372 423; x_wconf 87' lang='lat' dir='ltr'><strong>a</strong></span> <span class='ocrx_word' id='word_1_38' title='bbox 398 390 521 423; x_wconf 87' lang='lat' dir='ltr'><strong>nostra</strong></span> <span class='ocrx_word' id='word_1_39' title='bbox 547 387 602 424; x_wconf 89' lang='lat' dir='ltr'><strong>hic</strong></span> <span class='ocrx_word' id='word_1_40' title='bbox 630 388 798 436; x_wconf 87' lang='lat' dir='ltr'><strong>Principe</strong></span> <span class='ocrx_word' id='word_1_41' title='bbox 823 388 953 433; x_wconf 90' lang='lat' dir='ltr'><strong>Vidua,</strong></span> <span class='ocrx_word' id='word_1_42' title='bbox 980 389 1133 426; x_wconf 84' lang='lat' dir='ltr'><strong>foemina</strong></span> <span class='ocrx_word' id='word_1_43' title='bbox 1156 390 1387 438; x_wconf 85' lang='lat' dir='ltr'><strong>pientissima,</strong></span> <span class='ocrx_word' id='word_1_44' title='bbox 1417 391 1657 429; x_wconf 90' lang='lat' dir='ltr'><strong>Ministerium</strong></span> <span class='ocrx_word' id='word_1_45' title='bbox 1674 393 1759 429; x_wconf 88' lang='lat' dir='ltr'><strong>ista-</strong></span> 
     </span>
     <span class='ocr_line' id='line_1_6' title="bbox 213 448 568 485; baseline 0.003 -1"><span class='ocrx_word' id='word_1_46' title='bbox 213 461 292 485; x_wconf 89' lang='lat' dir='ltr'><strong>rum</strong></span> <span class='ocrx_word' id='word_1_47' title='bbox 317 448 568 485; x_wconf 87' lang='lat' dir='ltr'><strong>Ecclesiarum.</strong></span> 
     </span>
    </p>

    <p class='ocr_par' dir='ltr' id='par_1_3' title="bbox 202 509 1761 2944">
     <span class='ocr_line' id='line_1_7' title="bbox 262 509 1756 562; baseline 0.004 -17"><span class='ocrx_word' id='word_1_48' title='bbox 262 510 419 557; x_wconf 84' lang='lat' dir='ltr'><strong>Suscepi,</strong></span> <span class='ocrx_word' id='word_1_49' title='bbox 456 509 518 546; x_wconf 88' lang='lat' dir='ltr'><strong>sed</strong></span> <span class='ocrx_word' id='word_1_50' title='bbox 545 522 584 546; x_wconf 87' lang='lat' dir='ltr'><strong>ea</strong></span> <span class='ocrx_word' id='word_1_51' title='bbox 608 509 696 558; x_wconf 88' lang='lat' dir='ltr'><strong>lege,</strong></span> <span class='ocrx_word' id='word_1_52' title='bbox 722 513 765 547; x_wconf 88' lang='lat' dir='ltr'><strong>ut</strong></span> <span class='ocrx_word' id='word_1_53' title='bbox 790 511 876 547; x_wconf 90' lang='lat' dir='ltr'><strong>mihi</strong></span> <span class='ocrx_word' id='word_1_54' title='bbox 901 521 1030 558; x_wconf 84' lang='lat' dir='ltr'><strong>ponere</strong></span> <span class='ocrx_word' id='word_1_55' title='bbox 1055 510 1142 546; x_wconf 90' lang='lat' dir='ltr'><strong>illud</strong></span> <span class='ocrx_word' id='word_1_56' title='bbox 1169 523 1308 548; x_wconf 89' lang='lat' dir='ltr'><strong>rursum</strong></span> <span class='ocrx_word' id='word_1_57' title='bbox 1335 512 1451 557; x_wconf 87' lang='lat' dir='ltr'><strong>liceat,</strong></span> <span class='ocrx_word' id='word_1_58' title='bbox 1477 513 1507 549; x_wconf 88' lang='lat' dir='ltr'><strong>si</strong></span> <span class='ocrx_word' id='word_1_59' title='bbox 1532 526 1586 550; x_wconf 90' lang='lat' dir='ltr'><strong>me</strong></span> <span class='ocrx_word' id='word_1_60' title='bbox 1611 527 1631 550; x_wconf 89' lang='lat' dir='ltr'><strong>a</strong></span> <span class='ocrx_word' id='word_1_61' title='bbox 1656 514 1756 562; x_wconf 83' lang='lat' dir='ltr'><strong>Rege</strong></span> 
     </span>
     <span class='ocr_line' id='line_1_8' title="bbox 213 571 1758 622; baseline 0.004 -15"><span class='ocrx_word' id='word_1_62' title='bbox 213 583 290 607; x_wconf 89' lang='lat' dir='ltr'><strong>meo</strong></span> <span class='ocrx_word' id='word_1_63' title='bbox 331 571 449 608; x_wconf 88' lang='lat' dir='ltr'><strong>vocari</strong></span> <span class='ocrx_word' id='word_1_64' title='bbox 490 572 691 619; x_wconf 87' lang='lat' dir='ltr'><strong>contingat,</strong></span> <span class='ocrx_word' id='word_1_65' title='bbox 735 571 791 608; x_wconf 91' lang='lat' dir='ltr'><strong>vel</strong></span> <span class='ocrx_word' id='word_1_66' title='bbox 825 572 856 608; x_wconf 88' lang='lat' dir='ltr'><strong>si</strong></span> <span class='ocrx_word' id='word_1_67' title='bbox 888 572 975 608; x_wconf 84' lang='lat' dir='ltr'><strong>item</strong></span> <span class='ocrx_word' id='word_1_68' title='bbox 1012 572 1050 608; x_wconf 91' lang='lat' dir='ltr'><strong>in</strong></span> <span class='ocrx_word' id='word_1_69' title='bbox 1075 572 1139 609; x_wconf 91' lang='grc'>1110</span> <span class='ocrx_word' id='word_1_70' title='bbox 1165 586 1236 610; x_wconf 88' lang='grc'>11011</span> <span class='ocrx_word' id='word_1_71' title='bbox 1263 574 1399 611; x_wconf 86' lang='lat' dir='ltr'><strong>videam</strong></span> <span class='ocrx_word' id='word_1_72' title='bbox 1425 575 1547 622; x_wconf 89' lang='lat' dir='ltr'><strong>quaeri</strong></span> <span class='ocrx_word' id='word_1_73' title='bbox 1574 589 1615 612; x_wconf 88' lang='lat' dir='ltr'><strong>ex</strong></span> <span class='ocrx_word' id='word_1_74' title='bbox 1640 576 1758 614; x_wconf 90' lang='lat' dir='ltr'><strong>animo</strong></span> 
     </span>
     <span class='ocr_line' id='line_1_9' title="bbox 211 631 1757 684; baseline 0.004 -17"><span class='ocrx_word' id='word_1_75' title='bbox 211 631 359 680; x_wconf 80' lang='lat' dir='ltr'><strong>gloriam</strong></span> <span class='ocrx_word' id='word_1_76' title='bbox 387 632 464 669; x_wconf 88' lang='lat' dir='ltr'><strong>Dei.</strong></span> <span class='ocrx_word' id='word_1_77' title='bbox 510 633 601 669; x_wconf 87' lang='lat' dir='ltr'><strong>Post</strong></span> <span class='ocrx_word' id='word_1_78' title='bbox 626 636 830 681; x_wconf 82' lang='lat' dir='ltr'><strong>susceptum</strong></span> <span class='ocrx_word' id='word_1_79' title='bbox 857 633 1098 669; x_wconf 85' lang='lat' dir='ltr'><strong>Ministerium</strong></span> <span class='ocrx_word' id='word_1_80' title='bbox 1123 646 1196 669; x_wconf 87' lang='lat' dir='ltr'><strong>rem</strong></span> <span class='ocrx_word' id='word_1_81' title='bbox 1222 647 1359 671; x_wconf 88' lang='lat' dir='ltr'><strong>omnem</strong></span> <span class='ocrx_word' id='word_1_82' title='bbox 1379 635 1421 671; x_wconf 84' lang='lat' dir='ltr'><strong>ad</strong></span> <span class='ocrx_word' id='word_1_83' title='bbox 1439 648 1536 672; x_wconf 89' lang='lat' dir='ltr'><strong>meos</strong></span> <span class='ocrx_word' id='word_1_84' title='bbox 1554 636 1591 671; x_wconf 91' lang='lat' dir='ltr'><strong>in</strong></span> <span class='ocrx_word' id='word_1_85' title='bbox 1608 637 1757 684; x_wconf 90' lang='lat' dir='ltr'><strong>patriam</strong></span> 
     </span>
     <span class='ocr_line' id='line_1_10' title="bbox 212 694 1758 745; baseline 0.003 -16"><span class='ocrx_word' id='word_1_86' title='bbox 212 694 409 741; x_wconf 85' lang='lat' dir='ltr'><strong>perscripsi.</strong></span> <span class='ocrx_word' id='word_1_87' title='bbox 458 694 568 731; x_wconf 90' lang='lat' dir='ltr'><strong>Volui</strong></span> <span class='ocrx_word' id='word_1_88' title='bbox 601 699 644 730; x_wconf 86' lang='lat' dir='ltr'><strong>ut</strong></span> <span class='ocrx_word' id='word_1_89' title='bbox 677 694 769 741; x_wconf 86' lang='lat' dir='ltr'><strong>Regi</strong></span> <span class='ocrx_word' id='word_1_90' title='bbox 802 697 1030 742; x_wconf 85' lang='lat' dir='ltr'><strong>exponerent,</strong></span> <span class='ocrx_word' id='word_1_91' title='bbox 1072 707 1127 731; x_wconf 93' lang='lat' dir='ltr'><strong>me</strong></span> <span class='ocrx_word' id='word_1_92' title='bbox 1160 707 1262 743; x_wconf 87' lang='lat' dir='ltr'><strong>posse</strong></span> <span class='ocrx_word' id='word_1_93' title='bbox 1295 695 1522 733; x_wconf 85' lang='lat' dir='ltr'><strong>nihilominus</strong></span> <span class='ocrx_word' id='word_1_94' title='bbox 1547 697 1583 733; x_wconf 91' lang='lat' dir='ltr'><strong>in</strong></span> <span class='ocrx_word' id='word_1_95' title='bbox 1609 698 1758 745; x_wconf 87' lang='lat' dir='ltr'><strong>patriam</strong></span> 
     </span>
     <span class='ocr_line' id='line_1_11' title="bbox 212 755 1761 804; baseline 0.002 -12"><span class='ocrx_word' id='word_1_96' title='bbox 212 755 325 792; x_wconf 90' lang='lat' dir='ltr'><strong>redire</strong></span> <span class='ocrx_word' id='word_1_97' title='bbox 351 768 496 804; x_wconf 85' lang='lat' dir='ltr'><strong>semper,</strong></span> <span class='ocrx_word' id='word_1_98' title='bbox 534 756 564 792; x_wconf 91' lang='lat' dir='ltr'><strong>si</strong></span> <span class='ocrx_word' id='word_1_99' title='bbox 589 756 631 792; x_wconf 87' lang='lat' dir='ltr'><strong>ab</strong></span> <span class='ocrx_word' id='word_1_100' title='bbox 656 756 718 793; x_wconf 92' lang='lat' dir='ltr'><strong>illo</strong></span> <span class='ocrx_word' id='word_1_101' title='bbox 745 768 900 800; x_wconf 85' lang='lat' dir='ltr'><strong>vocarer,</strong></span> <span class='ocrx_word' id='word_1_102' title='bbox 933 756 1071 792; x_wconf 81' lang='lat' dir='ltr'><strong>etiamsi</strong></span> <span class='ocrx_word' id='word_1_103' title='bbox 1098 756 1151 792; x_wconf 91' lang='grc'>1110</span> <span class='ocrx_word' id='word_1_104' title='bbox 1176 757 1356 804; x_wconf 86' lang='lat' dir='ltr'><strong>publicum</strong></span> <span class='ocrx_word' id='word_1_105' title='bbox 1381 758 1618 794; x_wconf 88' lang='lat' dir='ltr'><strong>ministerium</strong></span> <span class='ocrx_word' id='word_1_106' title='bbox 1645 771 1761 795; x_wconf 89' lang='grc'>511506-</span> 
     </span>
     <span class='ocr_line' id='line_1_12' title="bbox 211 816 1759 866; baseline 0.002 -14"><span class='ocrx_word' id='word_1_107' title='bbox 211 816 351 863; x_wconf 88' lang='lat' dir='ltr'><strong>pissem.</strong></span> <span class='ocrx_word' id='word_1_108' title='bbox 402 817 516 854; x_wconf 82' lang='lat' dir='ltr'><strong>Amici</strong></span> <span class='ocrx_word' id='word_1_109' title='bbox 557 830 641 854; x_wconf 84' lang='lat' dir='ltr'><strong>vero</strong></span> <span class='ocrx_word' id='word_1_110' title='bbox 676 818 744 853; x_wconf 90' lang='lat' dir='ltr'><strong>mei</strong></span> <span class='ocrx_word' id='word_1_111' title='bbox 778 818 815 853; x_wconf 89' lang='lat' dir='ltr'><strong>in</strong></span> <span class='ocrx_word' id='word_1_112' title='bbox 842 817 977 860; x_wconf 85' lang='lat' dir='ltr'><strong>Patria,</strong></span> <span class='ocrx_word' id='word_1_113' title='bbox 1004 821 1174 865; x_wconf 70' lang='lat' dir='ltr'><strong>putantes</strong></span> <span class='ocrx_word' id='word_1_114' title='bbox 1200 818 1276 853; x_wconf 89' lang='lat' dir='ltr'><strong>fore</strong></span> <span class='ocrx_word' id='word_1_115' title='bbox 1301 821 1343 854; x_wconf 91' lang='lat' dir='ltr'><strong>ut</strong></span> <span class='ocrx_word' id='word_1_116' title='bbox 1370 818 1516 861; x_wconf 85' lang='lat' dir='ltr'><strong>redeam,</strong></span> <span class='ocrx_word' id='word_1_117' title='bbox 1543 831 1759 866; x_wconf 84' lang='lat' dir='ltr'><strong>quocunque</strong></span> 
     </span>
     <span class='ocr_line' id='line_1_13' title="bbox 210 878 1759 926; baseline 0.002 -13"><span class='ocrx_word' id='word_1_118' title='bbox 210 878 352 914; x_wconf 80' lang='lat' dir='ltr'><strong>tandem</strong></span> <span class='ocrx_word' id='word_1_119' title='bbox 378 878 480 914; x_wconf 86' lang='lat' dir='ltr'><strong>modo</strong></span> <span class='ocrx_word' id='word_1_120' title='bbox 506 891 525 914; x_wconf 92' lang='lat' dir='ltr'><strong>a</strong></span> <span class='ocrx_word' id='word_1_121' title='bbox 551 879 649 926; x_wconf 80' lang='lat' dir='ltr'><strong>Rege</strong></span> <span class='ocrx_word' id='word_1_122' title='bbox 684 891 837 922; x_wconf 85' lang='lat' dir='ltr'><strong>vocarer,</strong></span> <span class='ocrx_word' id='word_1_123' title='bbox 864 878 986 914; x_wconf 80' lang='lat' dir='ltr'><strong>literas</strong></span> <span class='ocrx_word' id='word_1_124' title='bbox 1011 891 1031 913; x_wconf 89' lang='lat' dir='ltr'><strong>a</strong></span> <span class='ocrx_word' id='word_1_125' title='bbox 1057 878 1155 924; x_wconf 83' lang='lat' dir='ltr'><strong>Rege</strong></span> <span class='ocrx_word' id='word_1_126' title='bbox 1179 878 1382 925; x_wconf 87' lang='lat' dir='ltr'><strong>impetrant,</strong></span> <span class='ocrx_word' id='word_1_127' title='bbox 1409 879 1539 926; x_wconf 89' lang='lat' dir='ltr'><strong>quibus</strong></span> <span class='ocrx_word' id='word_1_128' title='bbox 1558 892 1704 916; x_wconf 89' lang='lat' dir='ltr'><strong>revocor</strong></span> <span class='ocrx_word' id='word_1_129' title='bbox 1721 880 1759 916; x_wconf 92' lang='lat' dir='ltr'><strong>in</strong></span> 
     </span>
     <span class='ocr_line' id='line_1_14' title="bbox 210 939 1758 987; baseline 0.001 -13"><span class='ocrx_word' id='word_1_130' title='bbox 210 939 370 986; x_wconf 87' lang='lat' dir='ltr'><strong>patriam,</strong></span> <span class='ocrx_word' id='word_1_131' title='bbox 408 953 477 976; x_wconf 92' lang='lat' dir='ltr'><strong>non</strong></span> <span class='ocrx_word' id='word_1_132' title='bbox 510 940 652 987; x_wconf 87' lang='lat' dir='ltr'><strong>quidem</strong></span> <span class='ocrx_word' id='word_1_133' title='bbox 685 939 727 976; x_wconf 86' lang='lat' dir='ltr'><strong>ad</strong></span> <span class='ocrx_word' id='word_1_134' title='bbox 754 939 868 975; x_wconf 90' lang='lat' dir='ltr'><strong>ullum</strong></span> <span class='ocrx_word' id='word_1_135' title='bbox 894 939 1130 976; x_wconf 90' lang='lat' dir='ltr'><strong>ministerium</strong></span> <span class='ocrx_word' id='word_1_136' title='bbox 1166 939 1355 982; x_wconf 84' lang='lat' dir='ltr'><strong>Ecclesiae,</strong></span> <span class='ocrx_word' id='word_1_137' title='bbox 1383 939 1443 976; x_wconf 88' lang='lat' dir='ltr'><strong>sed</strong></span> <span class='ocrx_word' id='word_1_138' title='bbox 1469 940 1511 976; x_wconf 85' lang='lat' dir='ltr'><strong>ad</strong></span> <span class='ocrx_word' id='word_1_139' title='bbox 1538 947 1642 976; x_wconf 88' lang='lat' dir='ltr'><strong>vetus</strong></span> <span class='ocrx_word' id='word_1_140' title='bbox 1667 940 1758 976; x_wconf 88' lang='lat' dir='ltr'><strong>illud</strong></span> 
     </span>
     <span class='ocr_line' id='line_1_15' title="bbox 212 999 1757 1049; baseline 0.001 -14"><span class='ocrx_word' id='word_1_141' title='bbox 212 1001 308 1036; x_wconf 85' lang='lat' dir='ltr'><strong>vitae</strong></span> <span class='ocrx_word' id='word_1_142' title='bbox 333 1013 430 1037; x_wconf 86' lang='lat' dir='ltr'><strong>meae</strong></span> <span class='ocrx_word' id='word_1_143' title='bbox 455 1013 580 1048; x_wconf 85' lang='lat' dir='ltr'><strong>genus,</strong></span> <span class='ocrx_word' id='word_1_144' title='bbox 607 1014 731 1049; x_wconf 88' lang='lat' dir='ltr'><strong>nempe</strong></span> <span class='ocrx_word' id='word_1_145' title='bbox 755 1000 1009 1042; x_wconf 86' lang='lat' dir='ltr'><strong>Pharisaicum,</strong></span> <span class='ocrx_word' id='word_1_146' title='bbox 1036 1000 1065 1035; x_wconf 89' lang='lat' dir='ltr'><strong>si</strong></span> <span class='ocrx_word' id='word_1_147' title='bbox 1091 1012 1181 1047; x_wconf 90' lang='lat' dir='ltr'><strong>quae</strong></span> <span class='ocrx_word' id='word_1_148' title='bbox 1207 999 1313 1036; x_wconf 90' lang='lat' dir='ltr'><strong>semel</strong></span> <span class='ocrx_word' id='word_1_149' title='bbox 1339 1001 1491 1044; x_wconf 88' lang='lat' dir='ltr'><strong>evomui,</strong></span> <span class='ocrx_word' id='word_1_150' title='bbox 1518 1000 1634 1037; x_wconf 91' lang='lat' dir='ltr'><strong>denuo</strong></span> <span class='ocrx_word' id='word_1_151' title='bbox 1652 1001 1757 1037; x_wconf 87' lang='lat' dir='ltr'><strong>velim</strong></span> 
     </span>
     <span class='ocr_line' id='line_1_16' title="bbox 210 1061 1757 1110; baseline 0 -13"><span class='ocrx_word' id='word_1_152' title='bbox 210 1061 355 1109; x_wconf 84' lang='lat' dir='ltr'><strong>lingere.</strong></span> <span class='ocrx_word' id='word_1_153' title='bbox 405 1062 553 1098; x_wconf 89' lang='lat' dir='ltr'><strong>Addunt</strong></span> <span class='ocrx_word' id='word_1_154' title='bbox 588 1066 623 1099; x_wconf 92' lang='lat' dir='ltr'><strong>et</strong></span> <span class='ocrx_word' id='word_1_155' title='bbox 659 1076 755 1110; x_wconf 87' lang='lat' dir='ltr'><strong>spem</strong></span> <span class='ocrx_word' id='word_1_156' title='bbox 789 1062 906 1109; x_wconf 80' lang='lat' dir='ltr'><strong>magni</strong></span> <span class='ocrx_word' id='word_1_157' title='bbox 940 1061 1125 1098; x_wconf 88' lang='lat' dir='ltr'><strong>cuiusdam</strong></span> <span class='ocrx_word' id='word_1_158' title='bbox 1151 1061 1397 1109; x_wconf 73' lang='lat' dir='ltr'><strong>Episcopatus,</strong></span> <span class='ocrx_word' id='word_1_159' title='bbox 1426 1062 1456 1097; x_wconf 89' lang='lat' dir='ltr'><strong>si</strong></span> <span class='ocrx_word' id='word_1_160' title='bbox 1481 1061 1640 1098; x_wconf 83' lang='lat' dir='ltr'><strong>redirem.</strong></span> <span class='ocrx_word' id='word_1_161' title='bbox 1691 1061 1757 1098; x_wconf 89' lang='lat' dir='ltr'><strong>Sed</strong></span> 
     </span>
     <span class='ocr_line' id='line_1_17' title="bbox 210 1123 1756 1173; baseline -0.001 -13"><span class='ocrx_word' id='word_1_162' title='bbox 210 1125 264 1160; x_wconf 90' lang='lat' dir='ltr'><strong>his</strong></span> <span class='ocrx_word' id='word_1_163' title='bbox 289 1125 357 1160; x_wconf 89' lang='lat' dir='ltr'><strong>iam</strong></span> <span class='ocrx_word' id='word_1_164' title='bbox 383 1125 558 1173; x_wconf 85' lang='lat' dir='ltr'><strong>respondi,</strong></span> <span class='ocrx_word' id='word_1_165' title='bbox 584 1138 639 1160; x_wconf 90' lang='lat' dir='ltr'><strong>me</strong></span> <span class='ocrx_word' id='word_1_166' title='bbox 664 1124 758 1161; x_wconf 89' lang='lat' dir='ltr'><strong>nolle</strong></span> <span class='ocrx_word' id='word_1_167' title='bbox 784 1137 859 1161; x_wconf 90' lang='lat' dir='ltr'><strong>esse</strong></span> <span class='ocrx_word' id='word_1_168' title='bbox 884 1136 999 1171; x_wconf 89' lang='lat' dir='ltr'><strong>neque</strong></span> <span class='ocrx_word' id='word_1_169' title='bbox 1025 1129 1215 1159; x_wconf 84' lang='lat' dir='ltr'><strong>cornutum</strong></span> <span class='ocrx_word' id='word_1_170' title='bbox 1233 1136 1348 1170; x_wconf 88' lang='lat' dir='ltr'><strong>neque</strong></span> <span class='ocrx_word' id='word_1_171' title='bbox 1366 1123 1584 1160; x_wconf 84' lang='lat' dir='ltr'><strong>cucullatum</strong></span> <span class='ocrx_word' id='word_1_172' title='bbox 1603 1124 1756 1171; x_wconf 79' lang='lat' dir='ltr'><strong>Aposto-</strong></span> 
     </span>
     <span class='ocr_line' id='line_1_18' title="bbox 210 1185 1756 1234; baseline -0.001 -12"><span class='ocrx_word' id='word_1_173' title='bbox 210 1186 295 1230; x_wconf 90' lang='lat' dir='ltr'><strong>lum,</strong></span> <span class='ocrx_word' id='word_1_174' title='bbox 323 1199 438 1234; x_wconf 89' lang='lat' dir='ltr'><strong>neque</strong></span> <span class='ocrx_word' id='word_1_175' title='bbox 464 1199 539 1222; x_wconf 89' lang='lat' dir='ltr'><strong>esse</strong></span> <span class='ocrx_word' id='word_1_176' title='bbox 565 1186 661 1234; x_wconf 90' lang='lat' dir='ltr'><strong>quod</strong></span> <span class='ocrx_word' id='word_1_177' title='bbox 686 1186 849 1233; x_wconf 73' lang='lat' dir='ltr'><strong>cogitent</strong></span> <span class='ocrx_word' id='word_1_178' title='bbox 875 1185 1025 1233; x_wconf 86' lang='lat' dir='ltr'><strong>amplius</strong></span> <span class='ocrx_word' id='word_1_179' title='bbox 1052 1185 1094 1220; x_wconf 90' lang='lat' dir='ltr'><strong>de</strong></span> <span class='ocrx_word' id='word_1_180' title='bbox 1119 1197 1196 1221; x_wconf 88' lang='lat' dir='ltr'><strong>meo</strong></span> <span class='ocrx_word' id='word_1_181' title='bbox 1222 1185 1260 1220; x_wconf 94' lang='lat' dir='ltr'><strong>in</strong></span> <span class='ocrx_word' id='word_1_182' title='bbox 1285 1186 1434 1233; x_wconf 88' lang='lat' dir='ltr'><strong>patriam</strong></span> <span class='ocrx_word' id='word_1_183' title='bbox 1453 1185 1583 1228; x_wconf 87' lang='lat' dir='ltr'><strong>reditu,</strong></span> <span class='ocrx_word' id='word_1_184' title='bbox 1601 1191 1756 1232; x_wconf 86' lang='lat' dir='ltr'><strong>praeter-</strong></span> 
     </span>
     <span class='ocr_line' id='line_1_19' title="bbox 212 1246 1751 1294; baseline 0 -12"><span class='ocrx_word' id='word_1_185' title='bbox 212 1260 318 1294; x_wconf 84' lang='lat' dir='ltr'><strong>quam</strong></span> <span class='ocrx_word' id='word_1_186' title='bbox 345 1248 374 1283; x_wconf 89' lang='lat' dir='ltr'><strong>si</strong></span> <span class='ocrx_word' id='word_1_187' title='bbox 399 1247 591 1293; x_wconf 75' lang='lat' dir='ltr'><strong>legitimam</strong></span> <span class='ocrx_word' id='word_1_188' title='bbox 618 1247 772 1294; x_wconf 82' lang='lat' dir='ltr'><strong>aliquam</strong></span> <span class='ocrx_word' id='word_1_189' title='bbox 798 1246 866 1282; x_wconf 88' lang='lat' dir='ltr'><strong>mei</strong></span> <span class='ocrx_word' id='word_1_190' title='bbox 891 1246 964 1282; x_wconf 90' lang='grc'>11110</span> <span class='ocrx_word' id='word_1_191' title='bbox 991 1246 1213 1282; x_wconf 87' lang='lat' dir='ltr'><strong>vocationem</strong></span> <span class='ocrx_word' id='word_1_192' title='bbox 1233 1246 1396 1282; x_wconf 86' lang='lat' dir='ltr'><strong>viderem.</strong></span> <span class='ocrx_word' id='word_1_193' title='bbox 1424 1246 1482 1282; x_wconf 79' lang='lat' dir='ltr'><strong>Ita</strong></span> <span class='ocrx_word' id='word_1_194' title='bbox 1507 1246 1586 1282; x_wconf 87' lang='lat' dir='ltr'><strong>illos</strong></span> <span class='ocrx_word' id='word_1_195' title='bbox 1604 1246 1751 1290; x_wconf 85' lang='lat' dir='ltr'><strong>absolvi,</strong></span> 
     </span>
     <span class='ocr_line' id='line_1_20' title="bbox 211 1307 1755 1355; baseline -0.001 -11"><span class='ocrx_word' id='word_1_196' title='bbox 211 1321 301 1355; x_wconf 89' lang='lat' dir='ltr'><strong>quos</strong></span> <span class='ocrx_word' id='word_1_197' title='bbox 343 1309 455 1344; x_wconf 85' lang='lat' dir='ltr'><strong>rarius</strong></span> <span class='ocrx_word' id='word_1_198' title='bbox 492 1308 535 1344; x_wconf 87' lang='lat' dir='ltr'><strong>ad</strong></span> <span class='ocrx_word' id='word_1_199' title='bbox 570 1321 625 1344; x_wconf 91' lang='lat' dir='ltr'><strong>mc</strong></span> <span class='ocrx_word' id='word_1_200' title='bbox 659 1308 794 1355; x_wconf 86' lang='lat' dir='ltr'><strong>alioqui</strong></span> <span class='ocrx_word' id='word_1_201' title='bbox 827 1308 897 1343; x_wconf 83' lang='lat' dir='ltr'><strong>iam</strong></span> <span class='ocrx_word' id='word_1_202' title='bbox 934 1307 1130 1354; x_wconf 88' lang='lat' dir='ltr'><strong>scripturos</strong></span> <span class='ocrx_word' id='word_1_203' title='bbox 1157 1310 1258 1354; x_wconf 88' lang='lat' dir='ltr'><strong>puto.</strong></span> <span class='ocrx_word' id='word_1_204' title='bbox 1309 1307 1377 1343; x_wconf 92' lang='lat' dir='ltr'><strong>Hic</strong></span> <span class='ocrx_word' id='word_1_205' title='bbox 1403 1320 1486 1343; x_wconf 90' lang='lat' dir='ltr'><strong>vero</strong></span> <span class='ocrx_word' id='word_1_206' title='bbox 1514 1307 1619 1343; x_wconf 90' lang='lat' dir='ltr'><strong>simul</strong></span> <span class='ocrx_word' id='word_1_207' title='bbox 1646 1313 1755 1354; x_wconf 89' lang='lat' dir='ltr'><strong>atque</strong></span> 
     </span>
     <span class='ocr_line' id='line_1_21' title="bbox 212 1367 1754 1416; baseline -0.001 -11"><span class='ocrx_word' id='word_1_208' title='bbox 212 1382 252 1405; x_wconf 84' lang='grc'><strong>63</strong></span> <span class='ocrx_word' id='word_1_209' title='bbox 278 1382 370 1416; x_wconf 86' lang='grc'>(11136</span> <span class='ocrx_word' id='word_1_210' title='bbox 407 1369 475 1405; x_wconf 86' lang='grc'>11161</span> <span class='ocrx_word' id='word_1_211' title='bbox 502 1372 602 1405; x_wconf 82' lang='grc'>613111</span> <span class='ocrx_word' id='word_1_212' title='bbox 628 1369 730 1406; x_wconf 89' lang='lat' dir='ltr'><strong>officii</strong></span> <span class='ocrx_word' id='word_1_213' title='bbox 756 1381 940 1415; x_wconf 79' lang='lat' dir='ltr'><strong>aggressus</strong></span> <span class='ocrx_word' id='word_1_214' title='bbox 967 1380 1075 1404; x_wconf 88' lang='lat' dir='ltr'><strong>essem</strong></span> <span class='ocrx_word' id='word_1_215' title='bbox 1102 1371 1139 1404; x_wconf 88' lang='lat' dir='ltr'><strong>et</strong></span> <span class='ocrx_word' id='word_1_216' title='bbox 1164 1380 1255 1414; x_wconf 87' lang='lat' dir='ltr'><strong>quae</strong></span> <span class='ocrx_word' id='word_1_217' title='bbox 1280 1369 1486 1415; x_wconf 88' lang='lat' dir='ltr'><strong>perturbata</strong></span> <span class='ocrx_word' id='word_1_218' title='bbox 1511 1367 1625 1414; x_wconf 84' lang='lat' dir='ltr'><strong>reperi</strong></span> <span class='ocrx_word' id='word_1_219' title='bbox 1651 1369 1754 1404; x_wconf 88' lang='lat' dir='ltr'><strong>resti-</strong></span> 
     </span>
     <span class='ocr_line' id='line_1_22' title="bbox 212 1428 1757 1478; baseline -0.001 -12"><span class='ocrx_word' id='word_1_220' title='bbox 212 1434 313 1467; x_wconf 86' lang='lat' dir='ltr'><strong>tuere</strong></span> <span class='ocrx_word' id='word_1_221' title='bbox 347 1443 508 1478; x_wconf 86' lang='lat' dir='ltr'><strong>quaeque</strong></span> <span class='ocrx_word' id='word_1_222' title='bbox 533 1430 679 1478; x_wconf 84' lang='lat' dir='ltr'><strong>probare</strong></span> <span class='ocrx_word' id='word_1_223' title='bbox 705 1443 776 1465; x_wconf 89' lang='lat' dir='ltr'><strong>non</strong></span> <span class='ocrx_word' id='word_1_224' title='bbox 802 1433 960 1477; x_wconf 89' lang='lat' dir='ltr'><strong>poteram</strong></span> <span class='ocrx_word' id='word_1_225' title='bbox 987 1428 1239 1476; x_wconf 85' lang='lat' dir='ltr'><strong>reprehendere</strong></span> <span class='ocrx_word' id='word_1_226' title='bbox 1263 1428 1465 1475; x_wconf 84' lang='lat' dir='ltr'><strong>coepissem,</strong></span> <span class='ocrx_word' id='word_1_227' title='bbox 1492 1428 1611 1464; x_wconf 89' lang='lat' dir='ltr'><strong>subito</strong></span> <span class='ocrx_word' id='word_1_228' title='bbox 1638 1429 1757 1465; x_wconf 82' lang='lat' dir='ltr'><strong>exorti</strong></span> 
     </span>
     <span class='ocr_line' id='line_1_23' title="bbox 211 1489 1756 1539; baseline -0.001 -12"><span class='ocrx_word' id='word_1_229' title='bbox 211 1495 308 1535; x_wconf 87' lang='lat' dir='ltr'><strong>sunt,</strong></span> <span class='ocrx_word' id='word_1_230' title='bbox 334 1491 397 1539; x_wconf 83' lang='lat' dir='ltr'><strong>qui</strong></span> <span class='ocrx_word' id='word_1_231' title='bbox 422 1504 498 1527; x_wconf 88' lang='lat' dir='ltr'><strong>mea</strong></span> <span class='ocrx_word' id='word_1_232' title='bbox 521 1491 821 1527; x_wconf 83' lang='lat' dir='ltr'><strong>calumniarentur</strong></span> <span class='ocrx_word' id='word_1_233' title='bbox 847 1490 963 1526; x_wconf 87' lang='lat' dir='ltr'><strong>onmia</strong></span> <span class='ocrx_word' id='word_1_234' title='bbox 988 1502 1115 1536; x_wconf 86' lang='lat' dir='ltr'><strong>meque</strong></span> <span class='ocrx_word' id='word_1_235' title='bbox 1139 1489 1176 1524; x_wconf 90' lang='lat' dir='ltr'><strong>in</strong></span> <span class='ocrx_word' id='word_1_236' title='bbox 1208 1489 1321 1524; x_wconf 88' lang='lat' dir='ltr'><strong>varias</strong></span> <span class='ocrx_word' id='word_1_237' title='bbox 1339 1489 1555 1536; x_wconf 84' lang='lat' dir='ltr'><strong>suspiciones</strong></span> <span class='ocrx_word' id='word_1_238' title='bbox 1574 1496 1756 1525; x_wconf 84' lang='lat' dir='ltr'><strong>vocarent.</strong></span> 
     </span>
     <span class='ocr_line' id='line_1_24' title="bbox 212 1550 1754 1600; baseline -0.002 -11"><span class='ocrx_word' id='word_1_239' title='bbox 212 1554 300 1590; x_wconf 78' lang='lat' dir='ltr'><strong>Mox</strong></span> <span class='ocrx_word' id='word_1_240' title='bbox 342 1566 434 1589; x_wconf 88' lang='lat' dir='ltr'><strong>eram</strong></span> <span class='ocrx_word' id='word_1_241' title='bbox 473 1553 720 1600; x_wconf 79' lang='lat' dir='ltr'><strong>Anabaptista,</strong></span> <span class='ocrx_word' id='word_1_242' title='bbox 755 1564 836 1587; x_wconf 84' lang='lat' dir='ltr'><strong>mox</strong></span> <span class='ocrx_word' id='word_1_243' title='bbox 871 1551 1181 1587; x_wconf 72' lang='lat' dir='ltr'><strong>sacramentarius.</strong></span> <span class='ocrx_word' id='word_1_244' title='bbox 1230 1550 1414 1586; x_wconf 89' lang='lat' dir='ltr'><strong>Adversus</strong></span> <span class='ocrx_word' id='word_1_245' title='bbox 1449 1551 1511 1586; x_wconf 91' lang='lat' dir='ltr'><strong>hos</strong></span> <span class='ocrx_word' id='word_1_246' title='bbox 1538 1563 1617 1587; x_wconf 90' lang='lat' dir='ltr'><strong>cum</strong></span> <span class='ocrx_word' id='word_1_247' title='bbox 1643 1564 1754 1587; x_wconf 88' lang='lat' dir='ltr'><strong>meam</strong></span> 
     </span>
     <span class='ocr_line' id='line_1_25' title="bbox 210 1613 1754 1663; baseline -0.003 -10"><span class='ocrx_word' id='word_1_248' title='bbox 210 1617 448 1653; x_wconf 81' lang='lat' dir='ltr'><strong>innocentiam</strong></span> <span class='ocrx_word' id='word_1_249' title='bbox 476 1616 642 1663; x_wconf 83' lang='lat' dir='ltr'><strong>Princeps</strong></span> <span class='ocrx_word' id='word_1_250' title='bbox 668 1616 743 1663; x_wconf 86' lang='lat' dir='ltr'><strong>ipsa</strong></span> <span class='ocrx_word' id='word_1_251' title='bbox 768 1617 942 1658; x_wconf 89' lang='lat' dir='ltr'><strong>tueretur,</strong></span> <span class='ocrx_word' id='word_1_252' title='bbox 976 1614 1078 1649; x_wconf 88' lang='lat' dir='ltr'><strong>aliam</strong></span> <span class='ocrx_word' id='word_1_253' title='bbox 1104 1626 1225 1649; x_wconf 85' lang='lat' dir='ltr'><strong>rursus</strong></span> <span class='ocrx_word' id='word_1_254' title='bbox 1252 1613 1345 1648; x_wconf 86' lang='lat' dir='ltr'><strong>viam</strong></span> <span class='ocrx_word' id='word_1_255' title='bbox 1371 1616 1577 1660; x_wconf 89' lang='lat' dir='ltr'><strong>repererunt</strong></span> <span class='ocrx_word' id='word_1_256' title='bbox 1602 1626 1657 1649; x_wconf 89' lang='lat' dir='ltr'><strong>me</strong></span> <span class='ocrx_word' id='word_1_257' title='bbox 1675 1626 1754 1660; x_wconf 88' lang='lat' dir='ltr'><strong>pro-</strong></span> 
     </span>
     <span class='ocr_line' id='line_1_26' title="bbox 210 1666 1752 1721; baseline -0.003 -8"><span class='ocrx_word' id='word_1_258' title='bbox 210 1677 402 1713; x_wconf 86' lang='lat' dir='ltr'><strong>scindendi.</strong></span> <span class='ocrx_word' id='word_1_259' title='bbox 445 1677 661 1713; x_wconf 77' lang='lat' dir='ltr'><strong>Ohiecerunt</strong></span> <span class='ocrx_word' id='word_1_260' title='bbox 686 1676 772 1712; x_wconf 88' lang='lat' dir='ltr'><strong>mihi</strong></span> <span class='ocrx_word' id='word_1_261' title='bbox 797 1675 1002 1711; x_wconf 86' lang='lat' dir='ltr'><strong>Monachos.</strong></span> <span class='ocrx_word' id='word_1_262' title='bbox 1038 1666 1105 1710; x_wconf 81' lang='lat' dir='ltr'><strong>His</strong></span> <span class='ocrx_word' id='word_1_263' title='bbox 1131 1687 1211 1710; x_wconf 88' lang='lat' dir='ltr'><strong>cum</strong></span> <span class='ocrx_word' id='word_1_264' title='bbox 1237 1673 1420 1709; x_wconf 75' lang='lat' dir='ltr'><strong>silentium</strong></span> <span class='ocrx_word' id='word_1_265' title='bbox 1439 1674 1613 1721; x_wconf 90' lang='lat' dir='ltr'><strong>Principis</strong></span> <span class='ocrx_word' id='word_1_266' title='bbox 1630 1679 1752 1710; x_wconf 88' lang='lat' dir='ltr'><strong>aucto-</strong></span> 
     </span>
     <span class='ocr_line' id='line_1_27' title="bbox 210 1735 1753 1786; baseline -0.003 -10"><span class='ocrx_word' id='word_1_267' title='bbox 210 1739 317 1776; x_wconf 85' lang='lat' dir='ltr'><strong>ritate</strong></span> <span class='ocrx_word' id='word_1_268' title='bbox 341 1739 546 1786; x_wconf 84' lang='lat' dir='ltr'><strong>impositum</strong></span> <span class='ocrx_word' id='word_1_269' title='bbox 572 1742 675 1781; x_wconf 86' lang='lat' dir='ltr'><strong>esset,</strong></span> <span class='ocrx_word' id='word_1_270' title='bbox 696 1737 830 1784; x_wconf 81' lang='lat' dir='ltr'><strong>majora</strong></span> <span class='ocrx_word' id='word_1_271' title='bbox 855 1737 922 1772; x_wconf 88' lang='lat' dir='ltr'><strong>sibi</strong></span> <span class='ocrx_word' id='word_1_272' title='bbox 941 1736 1080 1772; x_wconf 87' lang='lat' dir='ltr'><strong>nomina</strong></span> <span class='ocrx_word' id='word_1_273' title='bbox 1097 1735 1301 1783; x_wconf 87' lang='lat' dir='ltr'><strong>appellanda</strong></span> <span class='ocrx_word' id='word_1_274' title='bbox 1318 1735 1457 1771; x_wconf 88' lang='lat' dir='ltr'><strong>demum</strong></span> <span class='ocrx_word' id='word_1_275' title='bbox 1476 1748 1550 1772; x_wconf 88' lang='grc'>6556</span> <span class='ocrx_word' id='word_1_276' title='bbox 1567 1739 1753 1783; x_wconf 76' lang='lat' dir='ltr'><strong>putarunt.</strong></span> 
     </span>
     <span class='ocr_line' id='line_1_28' title="bbox 209 1797 1753 1847; baseline -0.002 -11"><span class='ocrx_word' id='word_1_277' title='bbox 209 1801 410 1837; x_wconf 86' lang='lat' dir='ltr'><strong>Accusatus</strong></span> <span class='ocrx_word' id='word_1_278' title='bbox 449 1813 526 1836; x_wconf 88' lang='lat' dir='ltr'><strong>sum</strong></span> <span class='ocrx_word' id='word_1_279' title='bbox 560 1799 653 1847; x_wconf 88' lang='lat' dir='ltr'><strong>apud</strong></span> <span class='ocrx_word' id='word_1_280' title='bbox 691 1799 820 1834; x_wconf 86' lang='lat' dir='ltr'><strong>Aulam</strong></span> <span class='ocrx_word' id='word_1_281' title='bbox 846 1797 1091 1845; x_wconf 83' lang='lat' dir='ltr'><strong>Brabanticam</strong></span> <span class='ocrx_word' id='word_1_282' title='bbox 1117 1797 1263 1845; x_wconf 90' lang='lat' dir='ltr'><strong>periurii</strong></span> <span class='ocrx_word' id='word_1_283' title='bbox 1289 1801 1324 1833; x_wconf 86' lang='lat' dir='ltr'><strong>et</strong></span> <span class='ocrx_word' id='word_1_284' title='bbox 1350 1797 1467 1833; x_wconf 91' lang='lat' dir='ltr'><strong>nescio</strong></span> <span class='ocrx_word' id='word_1_285' title='bbox 1493 1798 1597 1834; x_wconf 90' lang='lat' dir='ltr'><strong>cuius</strong></span> <span class='ocrx_word' id='word_1_286' title='bbox 1627 1797 1753 1833; x_wconf 89' lang='lat' dir='ltr'><strong>turbu-</strong></span> 
     </span>
     <span class='ocr_line' id='line_1_29' title="bbox 209 1857 1751 1907; baseline -0.002 -11"><span class='ocrx_word' id='word_1_287' title='bbox 209 1860 349 1897; x_wconf 83' lang='lat' dir='ltr'><strong>lentiae.</strong></span> <span class='ocrx_word' id='word_1_288' title='bbox 401 1861 486 1897; x_wconf 79' lang='lat' dir='ltr'><strong>Mox</strong></span> <span class='ocrx_word' id='word_1_289' title='bbox 521 1860 587 1896; x_wconf 92' lang='grc'>11110</span> <span class='ocrx_word' id='word_1_290' title='bbox 620 1859 663 1895; x_wconf 84' lang='lat' dir='ltr'><strong>ad</strong></span> <span class='ocrx_word' id='word_1_291' title='bbox 689 1860 889 1907; x_wconf 87' lang='lat' dir='ltr'><strong>Principem</strong></span> <span class='ocrx_word' id='word_1_292' title='bbox 915 1859 1124 1895; x_wconf 86' lang='lat' dir='ltr'><strong>adferuntur</strong></span> <span class='ocrx_word' id='word_1_293' title='bbox 1150 1858 1314 1894; x_wconf 81' lang='lat' dir='ltr'><strong>mandata</strong></span> <span class='ocrx_word' id='word_1_294' title='bbox 1337 1858 1380 1894; x_wconf 89' lang='lat' dir='ltr'><strong>ab</strong></span> <span class='ocrx_word' id='word_1_295' title='bbox 1407 1857 1500 1893; x_wconf 90' lang='lat' dir='ltr'><strong>Aula</strong></span> <span class='ocrx_word' id='word_1_296' title='bbox 1525 1858 1751 1901; x_wconf 79' lang='lat' dir='ltr'><strong>Brabantica,</strong></span> 
     </span>
     <span class='ocr_line' id='line_1_30' title="bbox 209 1918 1750 1969; baseline -0.003 -11"><span class='ocrx_word' id='word_1_297' title='bbox 209 1926 250 1958; x_wconf 83' lang='lat' dir='ltr'><strong>ut</strong></span> <span class='ocrx_word' id='word_1_298' title='bbox 285 1935 328 1959; x_wconf 91' lang='lat' dir='ltr'><strong>ne</strong></span> <span class='ocrx_word' id='word_1_299' title='bbox 362 1935 417 1958; x_wconf 87' lang='lat' dir='ltr'><strong>me</strong></span> <span class='ocrx_word' id='word_1_300' title='bbox 448 1922 597 1969; x_wconf 87' lang='lat' dir='ltr'><strong>amplius</strong></span> <span class='ocrx_word' id='word_1_301' title='bbox 629 1925 810 1968; x_wconf 78' lang='lat' dir='ltr'><strong>tamquam</strong></span> <span class='ocrx_word' id='word_1_302' title='bbox 836 1920 1056 1956; x_wconf 78' lang='lat' dir='ltr'><strong>turbatorem</strong></span> <span class='ocrx_word' id='word_1_303' title='bbox 1082 1923 1118 1955; x_wconf 88' lang='lat' dir='ltr'><strong>et</strong></span> <span class='ocrx_word' id='word_1_304' title='bbox 1144 1919 1326 1966; x_wconf 88' lang='lat' dir='ltr'><strong>periurum</strong></span> <span class='ocrx_word' id='word_1_305' title='bbox 1353 1918 1526 1954; x_wconf 87' lang='lat' dir='ltr'><strong>hominem</strong></span> <span class='ocrx_word' id='word_1_306' title='bbox 1551 1918 1587 1953; x_wconf 91' lang='lat' dir='ltr'><strong>in</strong></span> <span class='ocrx_word' id='word_1_307' title='bbox 1614 1918 1750 1954; x_wconf 82' lang='lat' dir='ltr'><strong>ditione</strong></span> 
     </span>
     <span class='ocr_line' id='line_1_31' title="bbox 208 1978 1751 2026; baseline -0.002 -8"><span class='ocrx_word' id='word_1_308' title='bbox 208 1995 272 2018; x_wconf 89' lang='lat' dir='ltr'><strong>sua</strong></span> <span class='ocrx_word' id='word_1_309' title='bbox 298 1982 399 2019; x_wconf 88' lang='lat' dir='ltr'><strong>serat.</strong></span> <span class='ocrx_word' id='word_1_310' title='bbox 442 1982 553 2018; x_wconf 90' lang='lat' dir='ltr'><strong>Audis</strong></span> <span class='ocrx_word' id='word_1_311' title='bbox 580 1981 737 2024; x_wconf 83' lang='lat' dir='ltr'><strong>fulmina,</strong></span> <span class='ocrx_word' id='word_1_312' title='bbox 764 1979 825 2017; x_wconf 88' lang='lat' dir='ltr'><strong>sed</strong></span> <span class='ocrx_word' id='word_1_313' title='bbox 850 1981 1018 2016; x_wconf 85' lang='lat' dir='ltr'><strong>adversus</strong></span> <span class='ocrx_word' id='word_1_314' title='bbox 1044 1980 1126 2016; x_wconf 89' lang='grc'>11360</span> <span class='ocrx_word' id='word_1_315' title='bbox 1152 1992 1295 2026; x_wconf 83' lang='grc'>(1110(1116</span> <span class='ocrx_word' id='word_1_316' title='bbox 1321 1992 1375 2015; x_wconf 88' lang='grc'>1116</span> <span class='ocrx_word' id='word_1_317' title='bbox 1401 1982 1521 2014; x_wconf 85' lang='grc'>1111313</span> <span class='ocrx_word' id='word_1_318' title='bbox 1548 1982 1602 2014; x_wconf 87' lang='grc'><strong>651</strong></span> <span class='ocrx_word' id='word_1_319' title='bbox 1620 1978 1751 2015; x_wconf 84' lang='lat' dir='ltr'><strong>Divina</strong></span> 
     </span>
     <span class='ocr_line' id='line_1_32' title="bbox 209 2039 1750 2086; baseline -0.003 -7"><span class='ocrx_word' id='word_1_320' title='bbox 209 2043 359 2079; x_wconf 88' lang='lat' dir='ltr'><strong>bonitas.</strong></span> <span class='ocrx_word' id='word_1_321' title='bbox 395 2043 545 2079; x_wconf 81' lang='lat' dir='ltr'><strong>Ostendi</strong></span> <span class='ocrx_word' id='word_1_322' title='bbox 569 2055 679 2078; x_wconf 88' lang='lat' dir='ltr'><strong>meam</strong></span> <span class='ocrx_word' id='word_1_323' title='bbox 705 2042 957 2084; x_wconf 85' lang='lat' dir='ltr'><strong>innocentiam,</strong></span> <span class='ocrx_word' id='word_1_324' title='bbox 984 2041 1033 2077; x_wconf 90' lang='lat' dir='ltr'><strong>sic</strong></span> <span class='ocrx_word' id='word_1_325' title='bbox 1058 2045 1100 2076; x_wconf 92' lang='lat' dir='ltr'><strong>ut</strong></span> <span class='ocrx_word' id='word_1_326' title='bbox 1127 2044 1163 2076; x_wconf 90' lang='lat' dir='ltr'><strong>et</strong></span> <span class='ocrx_word' id='word_1_327' title='bbox 1188 2039 1347 2086; x_wconf 86' lang='lat' dir='ltr'><strong>Principi</strong></span> <span class='ocrx_word' id='word_1_328' title='bbox 1373 2043 1408 2074; x_wconf 85' lang='lat' dir='ltr'><strong>et</strong></span> <span class='ocrx_word' id='word_1_329' title='bbox 1434 2039 1597 2075; x_wconf 89' lang='lat' dir='ltr'><strong>omnibus</strong></span> <span class='ocrx_word' id='word_1_330' title='bbox 1615 2039 1750 2086; x_wconf 87' lang='lat' dir='ltr'><strong>patriae</strong></span> 
     </span>
     <span class='ocr_line' id='line_1_33' title="bbox 207 2099 1750 2149; baseline -0.002 -10"><span class='ocrx_word' id='word_1_331' title='bbox 207 2103 312 2139; x_wconf 88' lang='lat' dir='ltr'><strong>huius</strong></span> <span class='ocrx_word' id='word_1_332' title='bbox 338 2103 530 2139; x_wconf 87' lang='lat' dir='ltr'><strong>Ordinibus</strong></span> <span class='ocrx_word' id='word_1_333' title='bbox 556 2102 795 2145; x_wconf 76' lang='lat' dir='ltr'><strong>satisfecerim,</strong></span> <span class='ocrx_word' id='word_1_334' title='bbox 821 2101 947 2149; x_wconf 88' lang='lat' dir='ltr'><strong>illique</strong></span> <span class='ocrx_word' id='word_1_335' title='bbox 972 2100 1217 2149; x_wconf 86' lang='lat' dir='ltr'><strong>responderint</strong></span> <span class='ocrx_word' id='word_1_336' title='bbox 1243 2113 1280 2136; x_wconf 90' lang='lat' dir='ltr'><strong>se</strong></span> <span class='ocrx_word' id='word_1_337' title='bbox 1306 2099 1399 2136; x_wconf 90' lang='lat' dir='ltr'><strong>nolle</strong></span> <span class='ocrx_word' id='word_1_338' title='bbox 1416 2112 1472 2135; x_wconf 93' lang='lat' dir='ltr'><strong>me</strong></span> <span class='ocrx_word' id='word_1_339' title='bbox 1489 2112 1615 2135; x_wconf 89' lang='lat' dir='ltr'><strong>carere.</strong></span> <span class='ocrx_word' id='word_1_340' title='bbox 1641 2100 1750 2136; x_wconf 87' lang='lat' dir='ltr'><strong>Nune</strong></span> 
     </span>
     <span class='ocr_line' id='line_1_34' title="bbox 207 2161 1748 2212; baseline -0.003 -11"><span class='ocrx_word' id='word_1_341' title='bbox 207 2165 293 2212; x_wconf 90' lang='lat' dir='ltr'><strong>quid</strong></span> <span class='ocrx_word' id='word_1_342' title='bbox 328 2165 365 2200; x_wconf 90' lang='lat' dir='ltr'><strong>in</strong></span> <span class='ocrx_word' id='word_1_343' title='bbox 406 2177 461 2200; x_wconf 88' lang='lat' dir='ltr'><strong>me</strong></span> <span class='ocrx_word' id='word_1_344' title='bbox 491 2177 552 2211; x_wconf 87' lang='lat' dir='ltr'><strong>per</strong></span> <span class='ocrx_word' id='word_1_345' title='bbox 586 2164 677 2200; x_wconf 88' lang='lat' dir='ltr'><strong>istos</strong></span> <span class='ocrx_word' id='word_1_346' title='bbox 708 2164 755 2200; x_wconf 91' lang='lat' dir='ltr'><strong>sit</strong></span> <span class='ocrx_word' id='word_1_347' title='bbox 781 2163 971 2200; x_wconf 89' lang='lat' dir='ltr'><strong>moliturus</strong></span> <span class='ocrx_word' id='word_1_348' title='bbox 997 2164 1116 2206; x_wconf 83' lang='lat' dir='ltr'><strong>Satan,</strong></span> <span class='ocrx_word' id='word_1_349' title='bbox 1142 2165 1280 2199; x_wconf 88' lang='lat' dir='ltr'><strong>certum</strong></span> <span class='ocrx_word' id='word_1_350' title='bbox 1305 2162 1417 2197; x_wconf 86' lang='lat' dir='ltr'><strong>adhuc</strong></span> <span class='ocrx_word' id='word_1_351' title='bbox 1442 2174 1513 2197; x_wconf 89' lang='lat' dir='ltr'><strong>non</strong></span> <span class='ocrx_word' id='word_1_352' title='bbox 1539 2161 1661 2204; x_wconf 89' lang='lat' dir='ltr'><strong>habeo,</strong></span> <span class='ocrx_word' id='word_1_353' title='bbox 1688 2161 1748 2197; x_wconf 91' lang='lat' dir='ltr'><strong>sed</strong></span> 
     </span>
     <span class='ocr_line' id='line_1_35' title="bbox 207 2222 1747 2272; baseline -0.003 -10"><span class='ocrx_word' id='word_1_354' title='bbox 207 2226 280 2263; x_wconf 88' lang='lat' dir='ltr'><strong>scio</strong></span> <span class='ocrx_word' id='word_1_355' title='bbox 305 2239 374 2262; x_wconf 91' lang='lat' dir='ltr'><strong>non</strong></span> <span class='ocrx_word' id='word_1_356' title='bbox 401 2229 612 2268; x_wconf 86' lang='lat' dir='ltr'><strong>cessaturos,</strong></span> <span class='ocrx_word' id='word_1_357' title='bbox 639 2225 749 2261; x_wconf 91' lang='lat' dir='ltr'><strong>donec</strong></span> <span class='ocrx_word' id='word_1_358' title='bbox 774 2238 829 2261; x_wconf 90' lang='lat' dir='ltr'><strong>me</strong></span> <span class='ocrx_word' id='word_1_359' title='bbox 855 2225 934 2260; x_wconf 88' lang='grc'>111110</span> <span class='ocrx_word' id='word_1_360' title='bbox 959 2223 1170 2272; x_wconf 85' lang='lat' dir='ltr'><strong>propellant.</strong></span> <span class='ocrx_word' id='word_1_361' title='bbox 1204 2223 1242 2259; x_wconf 88' lang='lat' dir='ltr'><strong>Si</strong></span> <span class='ocrx_word' id='word_1_362' title='bbox 1267 2223 1389 2258; x_wconf 88' lang='lat' dir='ltr'><strong>harum</strong></span> <span class='ocrx_word' id='word_1_363' title='bbox 1407 2222 1628 2258; x_wconf 88' lang='lat' dir='ltr'><strong>lacrimarum</strong></span> <span class='ocrx_word' id='word_1_364' title='bbox 1648 2235 1747 2258; x_wconf 84' lang='lat' dir='ltr'><strong>cans-</strong></span> 
     </span>
     <span class='ocr_line' id='line_1_36' title="bbox 207 2282 1745 2335; baseline -0.004 -12"><span class='ocrx_word' id='word_1_365' title='bbox 207 2301 279 2324; x_wconf 87' lang='lat' dir='ltr'><strong>sam</strong></span> <span class='ocrx_word' id='word_1_366' title='bbox 312 2287 465 2335; x_wconf 88' lang='lat' dir='ltr'><strong>quaeris,</strong></span> <span class='ocrx_word' id='word_1_367' title='bbox 498 2287 566 2322; x_wconf 87' lang='lat' dir='ltr'><strong>alia</strong></span> <span class='ocrx_word' id='word_1_368' title='bbox 598 2286 696 2322; x_wconf 89' lang='lat' dir='ltr'><strong>nulla</strong></span> <span class='ocrx_word' id='word_1_369' title='bbox 728 2289 793 2329; x_wconf 88' lang='lat' dir='ltr'><strong>est,</strong></span> <span class='ocrx_word' id='word_1_370' title='bbox 828 2298 933 2333; x_wconf 87' lang='lat' dir='ltr'><strong>quam</strong></span> <span class='ocrx_word' id='word_1_371' title='bbox 967 2284 1063 2332; x_wconf 89' lang='lat' dir='ltr'><strong>quod</strong></span> <span class='ocrx_word' id='word_1_372' title='bbox 1088 2284 1151 2331; x_wconf 92' lang='lat' dir='ltr'><strong>qui</strong></span> <span class='ocrx_word' id='word_1_373' title='bbox 1176 2284 1252 2319; x_wconf 88' lang='lat' dir='ltr'><strong>sine</strong></span> <span class='ocrx_word' id='word_1_374' title='bbox 1277 2283 1414 2330; x_wconf 83' lang='lat' dir='ltr'><strong>legibus</strong></span> <span class='ocrx_word' id='word_1_375' title='bbox 1440 2282 1522 2318; x_wconf 87' lang='lat' dir='ltr'><strong>ullis</strong></span> <span class='ocrx_word' id='word_1_376' title='bbox 1548 2282 1652 2318; x_wconf 86' lang='lat' dir='ltr'><strong>licere</strong></span> <span class='ocrx_word' id='word_1_377' title='bbox 1678 2282 1745 2318; x_wconf 90' lang='lat' dir='ltr'><strong>sibi</strong></span> 
     </span>
     <span class='ocr_line' id='line_1_37' title="bbox 205 2343 1745 2396; baseline -0.005 -11"><span class='ocrx_word' id='word_1_378' title='bbox 205 2349 375 2385; x_wconf 88' lang='lat' dir='ltr'><strong>hactenus</strong></span> <span class='ocrx_word' id='word_1_379' title='bbox 408 2348 581 2396; x_wconf 86' lang='lat' dir='ltr'><strong>putabant</strong></span> <span class='ocrx_word' id='word_1_380' title='bbox 614 2346 785 2395; x_wconf 88' lang='lat' dir='ltr'><strong>quicquid</strong></span> <span class='ocrx_word' id='word_1_381' title='bbox 817 2347 960 2390; x_wconf 87' lang='lat' dir='ltr'><strong>libebat,</strong></span> <span class='ocrx_word' id='word_1_382' title='bbox 995 2359 1065 2382; x_wconf 91' lang='lat' dir='ltr'><strong>non</strong></span> <span class='ocrx_word' id='word_1_383' title='bbox 1091 2346 1278 2393; x_wconf 87' lang='lat' dir='ltr'><strong>patiuntur</strong></span> <span class='ocrx_word' id='word_1_384' title='bbox 1304 2357 1341 2380; x_wconf 91' lang='lat' dir='ltr'><strong>se</strong></span> <span class='ocrx_word' id='word_1_385' title='bbox 1365 2357 1386 2380; x_wconf 89' lang='lat' dir='ltr'><strong>a</strong></span> <span class='ocrx_word' id='word_1_386' title='bbox 1411 2343 1512 2380; x_wconf 89' lang='lat' dir='ltr'><strong>nobis</strong></span> <span class='ocrx_word' id='word_1_387' title='bbox 1538 2343 1745 2391; x_wconf 87' lang='lat' dir='ltr'><strong>reprehendi</strong></span> 
     </span>
     <span class='ocr_line' id='line_1_38' title="bbox 206 2404 1744 2457; baseline -0.005 -11"><span class='ocrx_word' id='word_1_388' title='bbox 206 2411 356 2457; x_wconf 75' lang='lat' dir='ltr'><strong>cogique</strong></span> <span class='ocrx_word' id='word_1_389' title='bbox 381 2410 416 2445; x_wconf 88' lang='lat' dir='ltr'><strong>in</strong></span> <span class='ocrx_word' id='word_1_390' title='bbox 443 2410 618 2446; x_wconf 88' lang='lat' dir='ltr'><strong>ordinem:</strong></span> <span class='ocrx_word' id='word_1_391' title='bbox 645 2408 679 2444; x_wconf 91' lang='lat' dir='ltr'><strong>id</strong></span> <span class='ocrx_word' id='word_1_392' title='bbox 705 2408 800 2455; x_wconf 92' lang='lat' dir='ltr'><strong>quod</strong></span> <span class='ocrx_word' id='word_1_393' title='bbox 825 2407 911 2444; x_wconf 88' lang='lat' dir='ltr'><strong>mihi</strong></span> <span class='ocrx_word' id='word_1_394' title='bbox 937 2410 1053 2443; x_wconf 88' lang='lat' dir='ltr'><strong>tamen</strong></span> <span class='ocrx_word' id='word_1_395' title='bbox 1080 2412 1135 2442; x_wconf 89' lang='lat' dir='ltr'><strong>est</strong></span> <span class='ocrx_word' id='word_1_396' title='bbox 1162 2405 1360 2442; x_wconf 86' lang='lat' dir='ltr'><strong>faciendum</strong></span> <span class='ocrx_word' id='word_1_397' title='bbox 1386 2405 1415 2440; x_wconf 92' lang='lat' dir='ltr'><strong>si</strong></span> <span class='ocrx_word' id='word_1_398' title='bbox 1441 2404 1640 2440; x_wconf 86' lang='lat' dir='ltr'><strong>ministerio</strong></span> <span class='ocrx_word' id='word_1_399' title='bbox 1667 2416 1744 2439; x_wconf 91' lang='lat' dir='ltr'><strong>meo</strong></span> 
     </span>
     <span class='ocr_line' id='line_1_39' title="bbox 207 2466 1744 2516; baseline -0.005 -9"><span class='ocrx_word' id='word_1_400' title='bbox 207 2471 406 2507; x_wconf 86' lang='lat' dir='ltr'><strong>satisfacere</strong></span> <span class='ocrx_word' id='word_1_401' title='bbox 442 2470 557 2506; x_wconf 88' lang='lat' dir='ltr'><strong>velim.</strong></span> <span class='ocrx_word' id='word_1_402' title='bbox 609 2469 824 2516; x_wconf 90' lang='lat' dir='ltr'><strong>Disciplinae</strong></span> <span class='ocrx_word' id='word_1_403' title='bbox 855 2481 983 2504; x_wconf 89' lang='lat' dir='ltr'><strong>nomen</strong></span> <span class='ocrx_word' id='word_1_404' title='bbox 1009 2481 1052 2504; x_wconf 92' lang='lat' dir='ltr'><strong>ne</strong></span> <span class='ocrx_word' id='word_1_405' title='bbox 1078 2468 1199 2503; x_wconf 81' lang='lat' dir='ltr'><strong>serunt</strong></span> <span class='ocrx_word' id='word_1_406' title='bbox 1224 2466 1380 2514; x_wconf 90' lang='lat' dir='ltr'><strong>quidem,</strong></span> <span class='ocrx_word' id='word_1_407' title='bbox 1406 2478 1511 2513; x_wconf 87' lang='lat' dir='ltr'><strong>quam</strong></span> <span class='ocrx_word' id='word_1_408' title='bbox 1537 2478 1601 2512; x_wconf 85' lang='lat' dir='ltr'><strong>ego</strong></span> <span class='ocrx_word' id='word_1_409' title='bbox 1627 2469 1744 2500; x_wconf 84' lang='lat' dir='ltr'><strong>tamen</strong></span> 
     </span>
     <span class='ocr_line' id='line_1_40' title="bbox 207 2524 1743 2579; baseline -0.006 -11"><span class='ocrx_word' id='word_1_410' title='bbox 207 2544 301 2568; x_wconf 90' lang='lat' dir='ltr'><strong>nunc</strong></span> <span class='ocrx_word' id='word_1_411' title='bbox 333 2531 508 2579; x_wconf 89' lang='lat' dir='ltr'><strong>Principis</strong></span> <span class='ocrx_word' id='word_1_412' title='bbox 541 2530 756 2567; x_wconf 85' lang='lat' dir='ltr'><strong>auctoritate</strong></span> <span class='ocrx_word' id='word_1_413' title='bbox 780 2529 970 2565; x_wconf 78' lang='lat' dir='ltr'><strong>instituere</strong></span> <span class='ocrx_word' id='word_1_414' title='bbox 995 2524 1115 2565; x_wconf 82' lang='lat' dir='ltr'><strong>conor.</strong></span> <span class='ocrx_word' id='word_1_415' title='bbox 1149 2528 1209 2564; x_wconf 88' lang='lat' dir='ltr'><strong>lta</strong></span> <span class='ocrx_word' id='word_1_416' title='bbox 1234 2528 1288 2563; x_wconf 90' lang='lat' dir='ltr'><strong>hic</strong></span> <span class='ocrx_word' id='word_1_417' title='bbox 1312 2527 1442 2569; x_wconf 87' lang='lat' dir='ltr'><strong>luctor,</strong></span> <span class='ocrx_word' id='word_1_418' title='bbox 1467 2526 1515 2562; x_wconf 90' lang='lat' dir='ltr'><strong>mi</strong></span> <span class='ocrx_word' id='word_1_419' title='bbox 1533 2524 1659 2561; x_wconf 81' lang='lat' dir='ltr'><strong>frater!</strong></span> <span class='ocrx_word' id='word_1_420' title='bbox 1688 2524 1743 2559; x_wconf 94' lang='lat' dir='ltr'><strong>Ab</strong></span> 
     </span>
     <span class='ocr_line' id='line_1_41' title="bbox 206 2586 1741 2641; baseline -0.006 -12"><span class='ocrx_word' id='word_1_421' title='bbox 206 2594 317 2629; x_wconf 86' lang='lat' dir='ltr'><strong>altera</strong></span> <span class='ocrx_word' id='word_1_422' title='bbox 342 2597 441 2641; x_wconf 85' lang='lat' dir='ltr'><strong>parte</strong></span> <span class='ocrx_word' id='word_1_423' title='bbox 464 2593 615 2640; x_wconf 89' lang='lat' dir='ltr'><strong>impetor</strong></span> <span class='ocrx_word' id='word_1_424' title='bbox 640 2605 660 2628; x_wconf 87' lang='lat' dir='ltr'><strong>a</strong></span> <span class='ocrx_word' id='word_1_425' title='bbox 685 2591 844 2628; x_wconf 86' lang='lat' dir='ltr'><strong>sectariis</strong></span> <span class='ocrx_word' id='word_1_426' title='bbox 869 2603 984 2638; x_wconf 88' lang='lat' dir='ltr'><strong>neque</strong></span> <span class='ocrx_word' id='word_1_427' title='bbox 1010 2590 1140 2626; x_wconf 88' lang='lat' dir='ltr'><strong>desunt</strong></span> <span class='ocrx_word' id='word_1_428' title='bbox 1167 2589 1246 2625; x_wconf 87' lang='lat' dir='ltr'><strong>falsi</strong></span> <span class='ocrx_word' id='word_1_429' title='bbox 1273 2589 1411 2631; x_wconf 85' lang='lat' dir='ltr'><strong>fratres,</strong></span> <span class='ocrx_word' id='word_1_430' title='bbox 1449 2587 1512 2634; x_wconf 89' lang='lat' dir='ltr'><strong>qui</strong></span> <span class='ocrx_word' id='word_1_431' title='bbox 1538 2586 1741 2622; x_wconf 84' lang='lat' dir='ltr'><strong>societatem</strong></span> 
     </span>
     <span class='ocr_line' id='line_1_42' title="bbox 205 2647 1743 2697; baseline -0.005 -7"><span class='ocrx_word' id='word_1_432' title='bbox 205 2653 373 2690; x_wconf 83' lang='lat' dir='ltr'><strong>simulent</strong></span> <span class='ocrx_word' id='word_1_433' title='bbox 405 2656 442 2690; x_wconf 88' lang='lat' dir='ltr'><strong>et</strong></span> <span class='ocrx_word' id='word_1_434' title='bbox 474 2653 617 2689; x_wconf 86' lang='lat' dir='ltr'><strong>interim</strong></span> <span class='ocrx_word' id='word_1_435' title='bbox 650 2652 799 2688; x_wconf 86' lang='lat' dir='ltr'><strong>turbent</strong></span> <span class='ocrx_word' id='word_1_436' title='bbox 836 2651 964 2688; x_wconf 88' lang='lat' dir='ltr'><strong>omnia.</strong></span> <span class='ocrx_word' id='word_1_437' title='bbox 1014 2651 1082 2687; x_wconf 88' lang='lat' dir='ltr'><strong>Sed</strong></span> <span class='ocrx_word' id='word_1_438' title='bbox 1108 2663 1172 2697; x_wconf 90' lang='lat' dir='ltr'><strong>ego</strong></span> <span class='ocrx_word' id='word_1_439' title='bbox 1198 2650 1280 2686; x_wconf 89' lang='lat' dir='ltr'><strong>haec</strong></span> <span class='ocrx_word' id='word_1_440' title='bbox 1307 2649 1423 2685; x_wconf 82' lang='lat' dir='ltr'><strong>omnia</strong></span> <span class='ocrx_word' id='word_1_441' title='bbox 1447 2660 1510 2695; x_wconf 84' lang='lat' dir='ltr'><strong>pro</strong></span> <span class='ocrx_word' id='word_1_442' title='bbox 1536 2647 1743 2683; x_wconf 84' lang='lat' dir='ltr'><strong>certissimis</strong></span> 
     </span>
     <span class='ocr_line' id='line_1_43' title="bbox 203 2708 1745 2761; baseline -0.005 -10"><span class='ocrx_word' id='word_1_443' title='bbox 203 2714 421 2761; x_wconf 88' lang='lat' dir='ltr'><strong>argumentis</strong></span> <span class='ocrx_word' id='word_1_444' title='bbox 454 2714 574 2757; x_wconf 87' lang='lat' dir='ltr'><strong>habeo,</strong></span> <span class='ocrx_word' id='word_1_445' title='bbox 600 2727 655 2750; x_wconf 90' lang='lat' dir='ltr'><strong>me</strong></span> <span class='ocrx_word' id='word_1_446' title='bbox 680 2726 755 2750; x_wconf 88' lang='lat' dir='ltr'><strong>esse</strong></span> <span class='ocrx_word' id='word_1_447' title='bbox 780 2713 982 2749; x_wconf 88' lang='lat' dir='ltr'><strong>ministrum</strong></span> <span class='ocrx_word' id='word_1_448' title='bbox 1009 2711 1154 2755; x_wconf 83' lang='lat' dir='ltr'><strong>Christi,</strong></span> <span class='ocrx_word' id='word_1_449' title='bbox 1179 2723 1285 2758; x_wconf 88' lang='lat' dir='ltr'><strong>quem</strong></span> <span class='ocrx_word' id='word_1_450' title='bbox 1311 2713 1367 2745; x_wconf 87' lang='lat' dir='ltr'><strong>tot</strong></span> <span class='ocrx_word' id='word_1_451' title='bbox 1392 2708 1561 2744; x_wconf 81' lang='lat' dir='ltr'><strong>machinis</strong></span> <span class='ocrx_word' id='word_1_452' title='bbox 1586 2708 1745 2744; x_wconf 86' lang='lat' dir='ltr'><strong>mundus</strong></span> 
     </span>
     <span class='ocr_line' id='line_1_44' title="bbox 204 2769 1741 2823; baseline -0.005 -11"><span class='ocrx_word' id='word_1_453' title='bbox 204 2780 240 2812; x_wconf 90' lang='lat' dir='ltr'><strong>et</strong></span> <span class='ocrx_word' id='word_1_454' title='bbox 270 2777 379 2812; x_wconf 83' lang='lat' dir='ltr'><strong>Satan</strong></span> <span class='ocrx_word' id='word_1_455' title='bbox 410 2782 603 2823; x_wconf 85' lang='lat' dir='ltr'><strong>oppugnet,</strong></span> <span class='ocrx_word' id='word_1_456' title='bbox 636 2779 673 2811; x_wconf 91' lang='lat' dir='ltr'><strong>et</strong></span> <span class='ocrx_word' id='word_1_457' title='bbox 707 2788 773 2822; x_wconf 75' lang='lat' dir='ltr'><strong>ago</strong></span> <span class='ocrx_word' id='word_1_458' title='bbox 806 2774 938 2822; x_wconf 84' lang='lat' dir='ltr'><strong>gratias</strong></span> <span class='ocrx_word' id='word_1_459' title='bbox 972 2773 1072 2810; x_wconf 80' lang='lat' dir='ltr'><strong>Patri</strong></span> <span class='ocrx_word' id='word_1_460' title='bbox 1099 2773 1174 2808; x_wconf 90' lang='lat' dir='ltr'><strong>Deo</strong></span> <span class='ocrx_word' id='word_1_461' title='bbox 1199 2785 1260 2819; x_wconf 86' lang='lat' dir='ltr'><strong>per</strong></span> <span class='ocrx_word' id='word_1_462' title='bbox 1287 2771 1466 2807; x_wconf 88' lang='lat' dir='ltr'><strong>Christum</strong></span> <span class='ocrx_word' id='word_1_463' title='bbox 1492 2769 1611 2804; x_wconf 89' lang='lat' dir='ltr'><strong>Iesum</strong></span> <span class='ocrx_word' id='word_1_464' title='bbox 1637 2769 1741 2805; x_wconf 88' lang='lat' dir='ltr'><strong>Libe-</strong></span> 
     </span>
     <span class='ocr_line' id='line_1_45' title="bbox 203 2829 1741 2882; baseline -0.006 -9"><span class='ocrx_word' id='word_1_465' title='bbox 203 2839 355 2873; x_wconf 86' lang='lat' dir='ltr'><strong>ratorem</strong></span> <span class='ocrx_word' id='word_1_466' title='bbox 387 2848 515 2879; x_wconf 89' lang='lat' dir='ltr'><strong>meum,</strong></span> <span class='ocrx_word' id='word_1_467' title='bbox 549 2835 644 2882; x_wconf 89' lang='lat' dir='ltr'><strong>quod</strong></span> <span class='ocrx_word' id='word_1_468' title='bbox 678 2847 734 2871; x_wconf 87' lang='lat' dir='ltr'><strong>me</strong></span> <span class='ocrx_word' id='word_1_469' title='bbox 765 2836 817 2871; x_wconf 86' lang='lat' dir='ltr'><strong>ita</strong></span> <span class='ocrx_word' id='word_1_470' title='bbox 842 2836 1014 2877; x_wconf 81' lang='lat' dir='ltr'><strong>exerceat,</strong></span> <span class='ocrx_word' id='word_1_471' title='bbox 1040 2845 1080 2870; x_wconf 88' lang='lat' dir='ltr'><strong>ac</strong></span> <span class='ocrx_word' id='word_1_472' title='bbox 1105 2845 1237 2881; x_wconf 85' lang='lat' dir='ltr'><strong>precor,</strong></span> <span class='ocrx_word' id='word_1_473' title='bbox 1262 2834 1306 2867; x_wconf 88' lang='lat' dir='ltr'><strong>ut</strong></span> <span class='ocrx_word' id='word_1_474' title='bbox 1330 2830 1414 2866; x_wconf 85' lang='lat' dir='ltr'><strong>mihi</strong></span> <span class='ocrx_word' id='word_1_475' title='bbox 1439 2829 1544 2865; x_wconf 85' lang='lat' dir='ltr'><strong>addat</strong></span> <span class='ocrx_word' id='word_1_476' title='bbox 1570 2829 1741 2865; x_wconf 83' lang='lat' dir='ltr'><strong>virtutem</strong></span> 
     </span>
     <span class='ocr_line' id='line_1_46' title="bbox 202 2890 1742 2944; baseline -0.005 -12"><span class='ocrx_word' id='word_1_477' title='bbox 202 2897 246 2938; x_wconf 74' lang='lat' dir='ltr'><strong>ad</strong></span> <span class='ocrx_word' id='word_1_478' title='bbox 278 2895 522 2936; x_wconf 82' lang='lat' dir='ltr'><strong>illustrandam</strong></span> <span class='ocrx_word' id='word_1_479' title='bbox 555 2908 653 2935; x_wconf 78' lang='lat' dir='ltr'><strong>suani</strong></span> <span class='ocrx_word' id='word_1_480' title='bbox 679 2896 838 2943; x_wconf 84' lang='lat' dir='ltr'><strong>gloriam,</strong></span> <span class='ocrx_word' id='word_1_481' title='bbox 872 2895 947 2933; x_wconf 86' lang='lat' dir='ltr'><strong>sive</strong></span> <span class='ocrx_word' id='word_1_482' title='bbox 970 2906 1031 2944; x_wconf 89' lang='lat' dir='ltr'><strong>per</strong></span> <span class='ocrx_word' id='word_1_483' title='bbox 1057 2894 1178 2936; x_wconf 83' lang='lat' dir='ltr'><strong>vitam,</strong></span> <span class='ocrx_word' id='word_1_484' title='bbox 1204 2893 1279 2929; x_wconf 87' lang='lat' dir='ltr'><strong>sive</strong></span> <span class='ocrx_word' id='word_1_485' title='bbox 1303 2903 1365 2941; x_wconf 89' lang='lat' dir='ltr'><strong>per</strong></span> <span class='ocrx_word' id='word_1_486' title='bbox 1389 2892 1551 2944; x_wconf 79' lang='lat' dir='ltr'><strong>mortem.</strong></span> <span class='ocrx_word' id='word_1_487' title='bbox 1602 2890 1681 2938; x_wconf 78' lang='lat' dir='ltr'><strong>Qua</strong></span> <span class='ocrx_word' id='word_1_488' title='bbox 1705 2890 1742 2928; x_wconf 87' lang='lat' dir='ltr'><strong>in</strong></span> 
     </span>
    </p>
   </div>
  </div>
 </body>
</html>
