1830 3147
784 128 851 167 745
1312 127 1372 174 [A.
1399 126 1444 162 D.
1471 124 1581 174 1556]

53 240 211 282 tantiam,
246 252 335 287 quae
372 239 518 275 maiores
551 240 736 285 uteunque
768 240 909 273 nostros
943 239 1100 280 excusat,
1126 235 1315 272 obtendere
1341 238 1382 271 tu
1409 235 1476 270 iam
1501 247 1580 283 pro-

56 301 150 338 fecto
180 301 244 338 hoe
278 301 482 348 praesertim
516 303 673 347 tempore
706 299 790 335 mihi
825 311 896 335 non
928 311 1030 346 posse
1056 297 1185 334 videris
1211 310 1326 334 eoram
1351 296 1466 334 iudice
1493 297 1582 334 Deo.

54 363 186 399 Lucem
227 363 262 399 in
297 362 466 398 mundum
500 361 614 397 veluti
648 361 868 408 postliminio
902 360 1044 396 rediisse
1084 360 1185 396 iuxta
1227 360 1413 408 ipsiusmet
1449 359 1582 396 Christi

57 424 201 460 Domini
243 423 450 459 vaticinium
491 434 618 470 negare
652 422 794 458 omnino
829 423 865 457 in
896 421 1000 458 corde
1032 422 1105 469 ipse
1137 424 1202 456 tuo
1235 433 1306 457 non
1339 425 1451 468 potes,
1476 421 1584 456 toties

56 485 261 533 praesertim
296 484 330 520 id
356 487 392 520 et
426 496 445 520 a
479 484 588 519 tantis
614 483 720 519 etiam
746 483 831 519 viris
857 483 924 519 Dei
949 482 1162 525 admonitus,
1187 502 1234 510 -
1259 493 1349 528 quae
1375 480 1508 527 alioqui
1534 481 1584 516 ita

56 547 124 582 iam
157 545 299 590 affulsit,
336 545 450 592 gratia
475 545 523 581 sit
556 545 707 582 Domino
734 545 810 582 Deo
837 544 977 580 nostro!
1005 546 1047 579 ut
1073 543 1170 579 nulla
1195 543 1308 580 totius
1334 542 1456 579 mundi
1483 542 1518 578 vi
1543 553 1582 578 ae

58 607 217 654 potentia
248 606 398 654 amplius
433 605 573 642 excludi
606 605 680 642 ullo
712 605 815 641 modo
840 605 965 652 possit.
1012 605 1128 640 Tuum
1154 604 1223 640 erit
1246 616 1369 640 cavere
1395 603 1516 649 igitur,
1541 615 1585 638 ne

59 667 123 704 sub
157 668 237 704 fuco
270 667 492 715 ignorantiae
527 667 687 704 tenebras
714 667 823 714 magis
857 679 962 714 quam
987 665 1101 703 lucem
1127 665 1291 702 dilexisse
1315 664 1407 712 apud
1433 663 1589 700 tribunal

60 728 192 764 Christi
227 728 309 764 olim
344 729 536 776 reperiaris,
570 741 674 776 quam
701 728 862 775 equidem
889 728 997 764 solam
1024 728 1136 764 omnis
1162 731 1304 765 nostrae
1328 727 1589 764 condemnatio-

59 789 113 825 nis
147 801 287 826 causam
320 802 395 826 csse
421 790 583 826 Christus
610 791 756 837 ipsemet
787 789 956 825 Dominus
983 802 1042 825 ore
1068 802 1132 825 suo
1159 789 1279 825 divino
1305 792 1470 825 testatur.
1520 788 1592 824 Da-

61 850 113 886 bis
147 851 203 888 hic
237 851 372 887 veniam
405 851 561 888 libertati
594 854 747 894 nostrae,
779 863 799 886 a
824 864 959 887 summa
984 851 1118 898 alioqui
1143 850 1210 887 fide
1234 854 1343 897 atque
1368 850 1592 887 observantia

61 912 98 948 in
130 915 167 948 te
199 925 274 948 mea
308 913 494 960 profectae,
528 925 590 961 pro
624 913 720 960 regia
754 917 817 948 tua
851 912 1048 948 clementia.
1098 912 1133 947 Si
1172 911 1264 947 enim
1291 912 1373 947 mihi
1399 911 1496 948 cordi
1522 925 1593 948 non

61 975 153 1009 esset
187 975 249 1009 tua
287 974 441 1020 dignitas
474 974 579 1020 regia,
611 986 690 1010 eum
724 973 839 1009 salute
872 973 1008 1020 alioqui
1040 973 1174 1009 animae
1207 976 1290 1009 tuae
1325 972 1526 1016 coniuncta,
1564 973 1594 1008 si

65 1047 141 1070 mea
173 1035 259 1071 item
286 1036 318 1070 in
349 1040 383 1071 te
408 1035 491 1071 fides
516 1038 624 1082 atque
662 1035 886 1071 observantia
912 1047 931 1070 a
956 1047 1010 1070 me
1036 1034 1071 1070 id
1098 1047 1168 1070 non
1194 1034 1361 1080 exigeret,
1389 1033 1488 1070 facile
1514 1046 1593 1081 pro-

63 1092 155 1128 fecto
182 1096 217 1128 et
242 1091 323 1128 alibi
350 1105 459 1128 essem
484 1092 606 1136 adhue,
643 1092 936 1138 quemadmodum
971 1091 1103 1127 Divino
1131 1091 1296 1127 beneficio
1323 1091 1491 1127 haetenus
1527 1091 1591 1135 fui,

66 1160 102 1189 et
137 1153 190 1189 hic
226 1166 278 1189 me
311 1153 444 1200 alioqui
470 1154 574 1189 etiam
608 1153 642 1188 in
668 1153 808 1189 silentio
834 1153 1062 1189 continerem.
1113 1151 1179 1187 Sed
1207 1152 1289 1199 quia
1315 1164 1484 1188 summam
1510 1151 1594 1188 alio-

64 1213 127 1260 qui
165 1213 231 1248 Dei
269 1213 304 1248 in
346 1225 455 1259 regno
488 1212 551 1248 hoe
584 1214 796 1260 potestatem
830 1215 940 1259 atque
973 1212 1160 1258 imaginem
1203 1214 1404 1247 reverenter
1443 1224 1595 1258 agnosco

68 1284 274 1318 summaque
308 1283 388 1307 eum
425 1271 648 1306 observantia
681 1283 840 1314 veneror,
874 1274 910 1306 et
941 1270 1006 1306 tibi
1040 1273 1082 1305 ut
1116 1269 1277 1306 ordinato
1303 1282 1322 1305 a
1361 1270 1513 1306 Domino
1537 1283 1596 1317 pa-

67 1332 156 1368 triae
181 1335 321 1368 nostrae
347 1332 447 1367 Patr-i
476 1332 513 1367 in
538 1332 633 1368 omni
660 1331 887 1375 subiectione,
915 1335 957 1367 ut
983 1331 1102 1374 debeo,
1129 1331 1216 1367 bene
1242 1331 1334 1376 volo,
1361 1332 1474 1368 facere
1500 1333 1596 1380 equi-

68 1393 146 1430 dem
181 1407 252 1430 nou
286 1406 438 1441 possum,
475 1393 561 1440 quin
595 1398 631 1429 te
664 1396 865 1430 reverenter
898 1393 1014 1436 eliam,
1047 1397 1088 1429 ut
1122 1406 1273 1440 aequum
1301 1399 1366 1438 est,
1393 1407 1514 1430 eorum
1539 1394 1597 1430 ad—

69 1468 226 1491 moneam
260 1468 323 1502 pro
358 1454 536 1490 tenuitate
569 1467 653 1498 mea,
680 1467 770 1502 quae
796 1455 838 1490 ad
865 1458 966 1491 tuum
994 1455 1144 1491 officium
1171 1455 1323 1502 Regium
1348 1458 1516 1503 tuamque
1541 1469 1598 1504 pa-

69 1517 156 1552 riter
181 1515 330 1551 salutem
356 1515 517 1562 intelligo
543 1515 730 1562 pertinere.
772 1515 1006 1551 Blandiantur
1032 1515 1097 1551 tibi
1122 1515 1191 1559 alii,
1227 1519 1268 1552 ut
1295 1516 1427 1560 volent,
1453 1517 1599 1564 loquan-

70 1581 131 1613 tur
156 1576 339 1624 placentia,
365 1588 455 1623 quae
481 1575 614 1620 volent,
640 1589 704 1623 ego
730 1579 849 1613 tecum
874 1576 973 1623 loqui
1001 1576 1115 1612 malim
1142 1589 1184 1613 ex
1211 1589 1269 1613 ore
1296 1577 1450 1615 Domini.
1488 1579 1598 1624 Quem

73 1638 177 1675 etiam
213 1636 359 1684 supplex
397 1649 470 1679 oro,
504 1639 545 1672 ut
572 1649 663 1683 quae
688 1637 730 1672 ad
756 1637 949 1683 legitimam
975 1637 1186 1684 dignitatem
1212 1640 1310 1674 tuam
1337 1638 1495 1685 Regiam,
1521 1652 1600 1676 eum

71 1699 185 1734 salute
219 1703 359 1734 aeterna
393 1703 455 1733 tua
480 1698 680 1741 coniuncta,
708 1698 853 1742 faciunt,
880 1711 918 1734 ea
954 1698 1011 1735 ille
1037 1698 1134 1735 cordi
1162 1705 1223 1735 tuo
1249 1700 1392 1746 infigere
1417 1711 1525 1748 atque
1550 1702 1600 1737 in-

71 1760 229 1807 sculpere
261 1772 322 1807 per
357 1759 528 1807 Spiritum
559 1760 728 1796 Sanctum
761 1773 864 1796 suum
898 1760 1075 1807 dignetur,
1111 1761 1224 1797 omnis
1252 1761 1415 1798 videlieet
1442 1763 1601 1800 veritatis

74 1823 277 1858 Doetorem.
320 1822 445 1857 Amen.

119 1883 265 1929 Longus
291 1895 367 1917 sum
395 1882 506 1925 video,
533 1881 592 1917 sed
618 1882 720 1917 finem
747 1881 860 1917 nescit
886 1894 961 1918 mea
987 1882 1020 1917 in
1048 1885 1084 1918 te
1117 1882 1202 1919 fides
1235 1889 1344 1931 atque
1371 1884 1604 1930 observantia,

74 1957 163 1992 quae
188 1944 272 1979 mihi
297 1944 377 1979 haec
404 1943 518 1979 omnia
537 1943 652 1979 neseio
670 1943 847 1990 quomodo
866 1943 1036 1987 extrudit,
1063 1944 1121 1979 sed
1139 1944 1242 1980 finem
1261 1945 1361 1982 facio,
1388 1946 1602 1984 Commendo

74 2019 128 2042 me
154 2006 248 2042 omni
274 2005 493 2041 subiectione
518 2017 557 2041 ac
583 2005 780 2041 obedientia
806 2005 1006 2041 Christiana
1031 2005 1236 2042 clementiae
1262 2009 1344 2043 tuae
1370 2007 1511 2056 Regiae,
1530 2009 1600 2046 Do-

74 2067 168 2103 mino
202 2079 278 2103 meo
315 2065 606 2109 Clementissimo,
641 2078 782 2113 unaque
817 2069 852 2102 et
887 2078 946 2102 eos
985 2079 1104 2102 omnes
1131 2067 1193 2114 qui
1218 2080 1273 2103 me
1298 2067 1365 2105 hue
1391 2068 1428 2104 in
1453 2070 1602 2117 patriam

76 2132 300 2171 revocarunt,
332 2132 367 2164 et
400 2131 435 2163 te
469 2126 676 2175 suppliciter
703 2139 777 2170 oro,
804 2130 845 2163 ut
871 2127 913 2163 dc
939 2127 1101 2164 omnibus
1127 2128 1228 2164 nobis
1253 2129 1449 2167 certissimo
1475 2131 1511 2168 id
1537 2132 1604 2169 tibi

78 2202 282 2238 persuasum
309 2189 443 2232 habeas,
470 2200 533 2224 nos
560 2201 680 2224 omnes
706 2190 743 2224 et
769 2188 940 2225 bonorum
966 2190 1122 2225 omnium
1149 2192 1185 2226 et
1211 2191 1305 2227 vitae
1331 2192 1436 2228 etiam
1463 2196 1605 2231 nostrae

77 2251 297 2298 dispendium
335 2249 448 2286 multo
482 2249 650 2285 libentius
687 2249 805 2290 subire
831 2249 932 2292 velle,
958 2262 1062 2297 quam
1089 2256 1130 2287 ut
1157 2263 1312 2298 unquam
1338 2259 1481 2290 nostrae
1506 2254 1540 2290 in
1570 2260 1606 2291 te

79 2313 160 2348 fidei
193 2312 422 2348 subiectionis
457 2315 566 2358 atque
599 2311 842 2347 observantiae
876 2312 1094 2348 Christianae
1128 2313 1317 2360 quiequam
1342 2314 1380 2350 in
1407 2315 1506 2352 nobis
1533 2329 1604 2352 om-

78 2374 162 2410 nino
188 2373 375 2409 desiderari
399 2372 585 2419 patiamur,
610 2393 657 2400 —-
683 2372 900 2408 Christianae
926 2373 1081 2420 inquam,
1108 2373 1173 2410 hoe
1199 2376 1264 2417 est,
1291 2387 1381 2421 quae
1407 2389 1522 2423 neque
1547 2390 1607 2424 spe

78 2434 310 2482 praemiorum
342 2433 463 2469 mundi
494 2433 610 2476 huius,
645 2445 759 2479 neque
792 2433 877 2469 item
911 2447 1102 2481 poenarum
1139 2438 1459 2472 momentanearum
1497 2444 1606 2481 metu,

79 2495 140 2531 sed
172 2500 315 2542 propter
350 2495 464 2530 Deum
491 2494 615 2541 ipsum,
642 2494 703 2541 qui
731 2506 804 2530 eam
831 2495 930 2530 nobis
956 2495 1137 2542 praecipit,
1164 2501 1199 2531 et
1226 2500 1367 2543 propter
1392 2500 1530 2533 nostras
1557 2499 1606 2545 ip-

82 2571 200 2594 sorum
226 2557 457 2593 conscientias
484 2559 692 2603 praestatur.
728 2556 823 2592 Haec
850 2557 941 2592 enim
967 2557 1040 2592 sola
1066 2560 1119 2592 cst
1146 2557 1284 2593 demum
1313 2571 1391 2594 vera
1417 2559 1501 2595 fides
1527 2560 1606 2596 sub-

81 2619 258 2665 iectioque
292 2631 331 2654 ac
365 2616 588 2653 observantia
624 2616 846 2653 subditorum
880 2630 961 2663 erga
1000 2617 1170 2660 dominos,
1197 2630 1288 2664 quae
1314 2617 1419 2653 nullis
1446 2619 1609 2656 fortunae

81 2679 242 2728 procellis
282 2679 487 2715 concutitur
522 2690 636 2724 neque
669 2677 751 2712 ullis
788 2677 951 2725 perieulis
977 2677 1222 2714 labefactatur.
1272 2678 1318 2713 Et
1345 2691 1434 2725 quae
1461 2692 1528 2716 non
1557 2684 1610 2717 est

81 2741 173 2784 talis,
201 2753 263 2776 nec
290 2752 369 2775 vera
395 2738 535 2785 quidem
553 2751 626 2773 esse
644 2741 780 2785 potest3
800 2738 963 2773 nimirum
984 2751 1096 2785 neque
1113 2738 1294 2782 diuturna,
1313 2740 1373 2775 sed
1390 2739 1431 2775 ad
1450 2742 1610 2788 quemvis

84 2802 247 2838 fortunae
274 2803 420 2836 ventum
446 2804 586 2842 nutans,
613 2804 648 2834 et
673 2811 763 2845 quae
788 2811 858 2834 non
876 2803 946 2834 tam
967 2798 1126 2845 equidem
1146 2802 1181 2835 te
1199 2799 1480 2847 dignitatemque
1498 2805 1609 2845 tuam,

83 2875 188 2910 quam
214 2863 331 2910 potius
357 2873 439 2908 opes
465 2864 545 2896 tuas
570 2860 801 2907 honoresque,
828 2873 916 2907 quos
943 2859 1056 2895 abste
1074 2863 1261 2907 expectant
1280 2873 1412 2905 omnes,
1430 2862 1607 2898 intuetur.

130 2923 312 2971 Philippus
338 2921 600 2964 Melanchthon,
626 2923 708 2957 tuae
734 2921 930 2957 Maiestatis
956 2920 1248 2966 studiosissimus,
1274 2934 1354 2958 eum
1379 2935 1489 2972 nuper
1513 2922 1606 2973 apud.
