1830 3147
170 92 235 141 [A.
259 91 305 128 D.
330 91 442 140 1556]
902 94 971 132 '738

169 201 379 240 LUBOENSKY,
403 213 432 233 o.
454 201 476 232 1.
499 212 531 243 p.
553 201 603 232 91.
649 201 691 241 1Ξ)
714 200 925 240 Lismannini,
949 202 1050 234 Corfu
1074 203 1241 242 oriundus,
1267 204 1432 237 confessor
1445 205 1551 239 fuerat
1566 205 1709 247 Reginae

171 256 289 289 Bonae.
314 257 363 288 Ob
386 257 628 289 matrimonium
651 268 668 288 a
690 256 776 299 Rege
801 258 835 290 iu
858 258 1007 290 exsilium
1031 260 1121 290 actus
1144 259 1291 302 Regiom.
1316 259 1398 291 obiit
1421 260 1512 293 1563.
1548 260 1598 292 Cf.
1622 261 1711 293 ΚΒΑ-

172 324 302 354 51Ν5ΚΥ,
326 326 355 347 o.
377 315 398 347 1.
422 314 482 348 275
507 325 554 356 sq.
576 314 787 352 LussruNsmr,
811 325 841 346 o.
863 314 884 347 1.
908 315 958 347 65.
1004 315 1046 356 ¹3)
1071 315 1217 349 Breslau.
1262 316 1303 357 ¹⁴)
1328 316 1402 349 Non
1425 317 1643 350 confirmatur.

172 497 236 534 ΝΟ.
262 499 343 534 125.
626 499 757 546 [Budzin
770 500 855 535 Chron.
868 511 890 535 c.
902 502 943 535 16.
956 500 1145 543 Luhiensky.
1165 511 1188 536 ο.
1204 503 1222 537 1.
1238 513 1263 545 p.
1278 502 1307 534 79
1320 512 1357 544 sq.
1375 502 1504 537 Ger-des.
1520 503 1574 541 Illa.
1592 500 1703 546 p.11‹19.]

709 620 768 656 Ad
795 621 936 657 REGEM
961 621 1164 658 Potomia.

219 743 322 778 Sacra
363 741 473 787 Regis
513 741 681 777 Maiestas
716 743 752 777 et
791 742 953 785 Domine,
988 742 1140 779 Domine
1166 742 1465 781 Clementissime!
1493 744 1705 793 Perpetuam

170 805 251 841 fidei
277 803 594 850 observantiaeque
619 815 658 839 ac
685 803 914 839 subiectionis
940 816 1035 840 meae
1061 805 1410 841 commendationem.

217 867 345 902 Facere
379 879 448 902 non
475 865 577 912 potui
603 877 665 912 pro
690 865 758 900 fide
784 864 1080 913 observantiaque
1103 866 1141 902 in
1167 868 1203 902 te
1237 879 1321 911 mea,
1356 867 1434 903 Rex
1459 867 1704 904 Serenissime!

170 929 256 976 quin
290 930 326 964 te
360 927 401 963 de
426 940 502 963 meo
528 927 565 962 in
590 926 738 974 patriam
765 926 884 962 reditu
908 927 1020 974 prima
1046 940 1187 974 quaque
1212 928 1391 964 occasione
1417 929 1602 966 certiorem
1628 928 1704 965 red·

169 990 296 1026 derem.
346 988 426 1024 Etsi
461 988 553 1024 enim
588 987 630 1023 de
665 990 728 1023 tua
754 987 790 1023 in
816 1001 871 1024 me
897 988 1083 1024 clementia
1108 989 1196 1024 nihil
1221 989 1379 1025 dubitem
1405 990 1558 1034 omnino,
1585 1003 1704 1026 occur-

169 1051 315 1088 rendum
353 1054 471 1086 tamen
505 1050 560 1086 1110
593 1049 725 1096 linguis
759 1050 980 1096 quorundam
1017 1050 1100 1086 mihi
1126 1063 1200 1087 esse
1225 1051 1319 1099 apud
1344 1051 1455 1088 Tuam
1479 1052 1705 1089 Maiestatem

169 1113 378 1155 existimavi,
415 1125 495 1148 cum
521 1111 608 1146 nihil
642 1111 713 1147 fere
747 1124 862 1158 usque
887 1124 908 1147 a
933 1111 1187 1148 malevolorum
1212 1113 1409 1157 calumniis,
1435 1113 1595 1162 inprimis
1621 1127 1704 1150 vero

167 1188 186 1211 a
212 1178 409 1222 temporum
435 1176 640 1210 nostrorum
666 1173 878 1218 Pharisaeis‚
905 1175 1027 1209 tutum
1054 1186 1129 1210 esse
1157 1174 1346 1210 videamus.
1396 1175 1574 1211 Referunt
1599 1175 1702 1211 nimi-

169 1250 246 1272 rum
272 1237 383 1272 adhuc
409 1236 578 1272 maiorum
606 1247 750 1270 suorum
778 1235 971 1281 ingenium,
1009 1235 1146 1271 etiamsi
1171 1236 1272 1283 pilos,
1300 1236 1396 1284 quod
1421 1237 1462 1273 de
1488 1237 1594 1285 vulpe
1619 1237 1703 1274 dici-

168 1302 241 1341 tur,
275 1300 431 1333 mutasse
467 1296 578 1332 videri
613 1296 752 1339 volunt,
789 1300 835 1339 et,
871 1296 1164 1343 quemadmodum
1191 1297 1338 1333 maiores
1363 1298 1518 1345 ipsorum
1544 1298 1659 1334 missis
1685 1311 1705 1335 a

168 1359 322 1395 Domino
358 1358 545 1405 Prophetis
578 1360 687 1404 atque
720 1357 902 1405 Apostolis
938 1358 1077 1404 ipsique
1101 1358 1187 1394 adeo
1215 1358 1355 1394 Christo
1383 1359 1535 1396 Domino
1562 1359 1701 1395 menda-

167 1419 265 1455 cibus
304 1418 376 1453 suis
417 1417 599 1453 calumniis
638 1430 778 1465 parcere
818 1417 1091 1465 haudquaquam
1126 1421 1334 1465 potuerunt,
1367 1419 1418 1454 ita
1452 1431 1573 1455 eorum
1608 1431 1702 1455 nunc

168 1492 309 1527 quoque
341 1479 524 1527 progenies
558 1491 673 1525 neque
708 1478 788 1514 vult
818 1490 934 1526 neque
961 1482 1078 1526 potest
1104 1480 1209 1515 etiam
1234 1491 1373 1526 parcere
1398 1479 1572 1526 cuiquam,
1599 1492 1703 1527 quem

167 1543 272 1577 modo
306 1543 470 1588 appareat
502 1540 576 1575 ullo
610 1543 714 1576 modo
753 1539 853 1586 sequi
878 1540 968 1576 velle
995 1540 1190 1576 doctrinam
1217 1541 1350 1577 Christi
1376 1540 1521 1577 Domini
1547 1543 1583 1577 et
1608 1543 1702 1588 Apo-

166 1602 339 1638 stolorum
365 1601 472 1645 1111115,
498 1601 631 1648 alioqui
657 1601 860 1648 degenerem
888 1613 924 1637 se
950 1601 1182 1646 declaratura,
1208 1602 1274 1638 uisi
1300 1602 1336 1638 id
1369 1615 1431 1650 pro
1463 1602 1623 1650 magistri
1648 1602 1700 1637 sui

169 1677 265 1700 more
291 1666 460 1712 perpetuo
488 1662 628 1699 faceret.

215 1728 335 1773 Atque
370 1725 526 1773 inprimis
551 1724 811 1773 proponendam
838 1724 921 1760 mihi
948 1725 1041 1772 apud
1067 1726 1103 1761 te
1129 1737 1203 1761 esse
1229 1728 1354 1773 putavi
1379 1725 1514 1762 reditus
1539 1726 1607 1762 iam
1633 1726 1702 1762 11110

168 1789 235 1824 mei
266 1789 449 1832 rationem,
483 1788 562 1823 Rex
598 1786 897 1823 Clementissime!
933 1799 976 1822 ne
1011 1786 1097 1834 quid
1131 1787 1211 1822 inde
1243 1787 1495 1824 calumniarum
1529 1801 1590 1836 per
1615 1788 1703 1825 istos

168 1850 259 1886 sorte
290 1853 461 1886 struatur.
513 1848 648 1885 Deinde
682 1861 766 1885 vero
801 1848 1053 1896 implorandam
1089 1849 1295 1897 suppliciter
1321 1850 1426 1886 etiam
1452 1851 1701 1887 auctoritatem

166 1914 263 1947 tuam
301 1913 445 1959 regiam,
480 1911 671 1947 Christiani
703 1910 870 1946 videlicet
903 1910 1090 1959 Principis,
1123 1911 1308 1947 adversum
1340 1911 1529 1948 insidiosos
1562 1925 1700 1949 morsus

164 1973 447 2009 Pliarisaicorum
472 1971 672 2008 istiusmodi
697 1972 1003 2019 sycophantarum.

212 2036 370 2072 Primum
396 2038 515 2071 autem
541 2047 610 2070 non
637 2033 773 2077 dubito,
799 2033 907 2082 probe
934 2036 970 2070 te
995 2034 1109 2070 adhuc
1134 2046 1323 2071 memorem
1348 2047 1434 2078 esse,
1452 2035 1531 2071 Rex
1548 2034 1700 2083 inclyte!

164 2111 243 2134 cum
270 2110 385 2134 meum
411 2097 504 2145 apud
530 2099 566 2132 te
591 2095 758 2131 nuntium
785 2107 867 2131 vere
891 2095 1089 2143 profectum
1112 2097 1136 2142 ¹)
1156 2095 1314 2132 haberem
1333 2099 1441 2144 atque
1458 2096 1488 2132 is
1507 2095 1620 2132 obiter
1637 2096 1701 2132 sci-

163 2159 353 2196 scitaretur
387 2171 448 2206 per
480 2157 758 2194 illustrissimum
792 2156 992 2204 Principem
1020 2156 1064 2192 D.
1091 2156 1294 2193 Vilnensem
1322 2157 1524 2199 Palatinum
1553 2158 1591 2203 ¹),
1617 2169 1703 2193 num

166 2234 280 2257 meum
306 2221 375 2256 huc
400 2219 554 2256 reditum
581 2219 671 2255 ferre
696 2230 826 2265 posseS,
854 2217 883 2253 si
909 2217 1050 2265 quidem
1077 2231 1113 2254 se
1139 2218 1194 2254 hic
1220 2218 1312 2255 forte
1337 2219 1421 2254 mihi
1445 2219 1603 2266 legitima
1628 2218 1702 2255 ulla

165 2283 435 2330 Christianaque
472 2281 574 2317 iuxta
610 2280 756 2316 verbum
790 2280 859 2316 Dei
885 2280 1024 2316 vocatio
1052 2280 1204 2324 offerret,
1229 2301 1270 2308 —-
1300 2281 1365 2317 1100
1391 2281 1475 2316 1111111
1500 2281 1560 2317 abs
1587 2283 1623 2317 te
1647 2293 1699 2317 re-

164 2358 331 2393 sponsum
367 2345 476 2380 fuisse
512 2344 646 2387 datum,
678 2355 802 2391 nempe
826 2355 943 2380 meum
970 2342 1055 2378 mihi
1080 2343 1116 2378 in
1142 2343 1290 2390 patriam
1314 2343 1469 2379 reditum
1494 2343 1556 2379 abs
1580 2345 1617 2380 te
1641 2355 1701 2379 ne·
1721 2336 1731 2339 ΑΔ

163 2420 232 2454 que
257 2407 431 2455 imperari,
457 2419 501 2442 ne
526 2405 622 2441 illius
647 2409 772 2441 auctor
797 2404 866 2441 dici
891 2417 1022 2452 posseS,
1048 2405 1108 2441 sed
1133 2417 1247 2452 neque
1272 2405 1448 2453 prohiberi
1465 2405 1581 2449 etiam,
1599 2404 1700 2452 quasi

162 2482 217 2505 me
251 2469 306 2505 1110
331 2469 421 2504 ferre
454 2467 557 2512 nolis,
591 2467 651 2503 sed
693 2467 722 2503 si
763 2467 884 2503 venire
919 2467 1062 2504 omnino
1089 2467 1225 2511 vellem,
1251 2469 1289 2503 te
1313 2479 1377 2515 pro
1402 2469 1465 2503 tua
1489 2467 1526 2502 in
1551 2479 1606 2503 me
1631 2465 1698 2502 ole-

161 2531 292 2566 mentia
318 2531 475 2572 suadere,
501 2542 545 2564 ne
572 2531 653 2564 ante
682 2528 944 2564 Bartholomaei
969 2528 1125 2565 venirem
1150 2549 1197 2556 —
1221 2530 1308 2564 tunc
1334 2528 1424 2564 enim
1443 2540 1520 2575 spes
1538 2529 1623 2570 erat,
1640 2527 1698 2562 ha-

163 2590 276 2626 benda
302 2603 376 2626 esse
403 2590 566 2633 Comitia,
592 2590 629 2625 in
664 2589 793 2636 quibus
819 2589 906 2625 certi
932 2589 1066 2636 aliquid
1092 2589 1135 2625 de
1160 2590 1235 2637 ipsa
1260 2589 1364 2625 etiam
1390 2588 1559 2636 religione
1584 2588 1697 2624 statui

159 2651 338 2687 debuisset
362 2672 410 2679 —-
431 2654 467 2686 et
491 2651 527 2686 id
552 2651 712 2699 inprimis
730 2663 888 2686 curarem
906 2650 1010 2686 etiam
1031 2654 1204 2698 quantum
1222 2651 1363 2687 omnino
1380 2661 1529 2697 possem,
1547 2651 1589 2684 ut
1606 2661 1626 2684 a
1644 2661 1699 2685 me

160 2725 296 2748 omnem
323 2712 548 2748 dissensionis
575 2725 595 2748 a
621 2711 852 2748 Confessione
878 2712 1091 2757 Augustana
1122 2711 1365 2758 suspicionem,
1390 2711 1428 2746 in
1460 2721 1565 2745 causa
1590 2709 1699 2757 potis-

160 2773 286 2809 simum
312 2786 441 2810 coenae
466 2773 684 2817 Domhricae,
709 2772 850 2821 publico
885 2772 1005 2819 aliquo
1031 2773 1238 2809 testimonio
1264 2772 1482 2821 depellerem.
1524 2772 1638 2808 Porro
1662 2772 1699 2808 in

158 2847 198 2870 eo
224 2834 299 2880 ipso
326 2835 448 2870 nuncii
474 2834 571 2870 illius
597 2847 678 2871 cum
703 2833 769 2869 tali
793 2846 961 2881 responso
987 2834 1108 2870 reditu
1134 2833 1306 2870 dederunt
1331 2833 1373 2869 ad
1399 2845 1453 2869 me
1477 2833 1598 2869 literas
1616 2846 1697 2869 suas

156 2895 317 2946 plerique
341 2895 440 2941 regni
465 2895 570 2931 huius
596 2895 772 2937 iidemque
806 2907 877 2931 non
903 2894 1073 2942 postremi
1098 2907 1269 2942 procereS,
1296 2894 1424 2942 quibus
1450 2893 1510 2930 alii
1535 2894 1620 2930 mihi
1643 2906 1695 2932 re-
