1830 3147
72 434 162 467 Ioan.
187 435 237 467 14.

72 478 162 510 Ioan.
185 477 215 509 9.

72 520 150 552 Ose.
170 520 220 552 13.

72 563 89 593 1
115 562 225 595 Corin.
249 563 299 596 15.

71 604 149 637 Luc.
174 605 224 637 11.

71 647 191 678 Hebre.
214 648 244 679 2.

71 689 86 720 1
114 689 187 722 Cor.
210 689 239 722 7.

71 731 194 764 Coloss.
220 733 248 770 1,
273 732 303 765 2.

71 1017 148 1050 Luc.
170 1018 201 1050 2,

67 1147 171 1179 Math.
195 1147 225 1178 1.

68 1189 146 1222 Luc.
169 1190 198 1221 2.

67 1233 171 1264 Math.
197 1233 226 1264 1.

64 1605 146 1639 Mat.
171 1606 219 1638 16.

70 1802 86 1833 1
111 1802 211 1844 Regu.
235 1803 264 1835 1.

68 1845 86 1875 3
110 1845 210 1887 Regu.
235 1847 285 1878 19.

65 1887 154 1920 Leui.
178 1889 206 1921 8.

65 1929 146 1962 Mat.
171 1932 220 1964 16.

62 1972 141 2006 Luc.
165 1973 194 2006 9.

55 2522 181 2558 Daniel.
204 2525 234 2557 9.

361 123 436 159 414
835 137 1010 167 caruca.
1042 139 1147 168 econ.
1178 140 1291 169 nom).

933 241 1072 281 Interr.
1101 244 1187 282 131.

412 300 515 339 Quid
546 301 618 340 hoc
644 302 862 352 significat?

1009 372 1118 423 Resp.

410 430 567 482 Repono
597 444 746 471 onmem
775 447 878 485 spem
904 448 1026 473 meam
1053 443 1165 488 atque
1191 438 1370 477 fiduciam
1397 439 1496 478 vitae
1523 445 1772 493 aeternaeque

360 494 493 532 salutis
519 495 559 533 in
589 495 784 535 Christum
810 498 1083 547 Ie-(47b)sum‚
1109 501 1228 539 filium
1259 502 1340 549 Dei,
1367 503 1432 554 qui
1459 516 1535 541 non
1564 505 1688 542 solum
1704 518 1770 543 va-

357 557 457 595 lidus
498 558 682 597 Dominus
718 565 774 598 est
810 562 955 612 peccati
990 564 1124 601 mortis
1168 569 1279 615 atque
1316 567 1407 612 orci,
1444 567 1583 618 quibus
1621 581 1770 606 ornnem

358 622 432 659 vim
470 623 563 661 adeo
600 624 751 669 ademit,
786 632 828 664 ut
863 640 1070 678 numquam
1107 630 1267 680 amplius
1303 632 1515 681 praevalere
1542 638 1695 685 queant,
1719 655 1771 664 —

358 687 420 725 sed
460 694 515 727 est
551 703 701 741 quoque
736 691 924 730 Dominus
960 698 1101 740 noster,
1137 695 1202 745 qui
1237 709 1309 734 nos
1341 711 1361 735 e
1397 698 1584 749 mancipio
1625 700 1770 750 peccati

357 751 459 797 emit,
503 753 680 792 liberavit
724 768 795 793 nos
831 770 852 794 a
889 757 1056 795 Sathana
1094 771 1239 810 nosque
1273 760 1366 798 adeo
1404 762 1556 813 recepit,
1590 769 1631 800 ut
1666 776 1770 801 nuno

358 830 502 868 semper
547 831 616 856 nos
652 824 814 867 tueatur,
850 822 1167 872 quemadmodum
1204 823 1381 863 dominus
1428 827 1619 877 propriam
1663 840 1768 866 suam

356 882 554 922 familiam.

934 953 1072 992 Iuterr.
1103 956 1188 992 132.

406 1011 538 1051 Quare
563 1012 672 1052 Iesus
703 1015 941 1066 appellatur?

1004 1082 1116 1134 Resp.

405 1141 493 1179 Hoc
521 1155 658 1181 nomen
686 1144 819 1195 ipsius,
836 1159 857 1182 a.
876 1146 988 1184 Patre
1007 1159 1074 1185 suo
1096 1147 1238 1194 datum,
1253 1149 1519 1187 annuntiatum
1539 1149 1586 1187 ab
1605 1150 1764 1200 Angelis

353 1211 466 1257 atque
492 1208 531 1245 in
561 1209 847 1247 circumcisione
874 1210 993 1261 ipsius
1023 1211 1215 1250 conditum
1237 1216 1292 1251 est
1310 1218 1463 1264 propter
1479 1215 1584 1262 (48³)
1603 1215 1764 1253 officium

351 1271 483 1322 ipsius.
509 1272 615 1310 Iesus
643 1274 742 1311 enim
770 1275 1002 1314 Salvatorem
1031 1277 1234 1326 significat,
1260 1283 1303 1315 ut
1331 1291 1474 1329 semper
1496 1279 1650 1318 nomine
1669 1292 1764 1331 quo-

353 1349 424 1386 que
461 1350 529 1374 suo
567 1351 636 1375 nos
673 1338 886 1386 admoneat,
915 1353 953 1378 se
981 1341 1104 1379 solum
1133 1342 1366 1380 Salvatorem
1405 1356 1496 1390 esse,
1534 1344 1598 1394 qui
1631 1344 1765 1383 liberet

352 1402 533 1452 populum
561 1415 669 1441 suum
697 1417 718 1441 a
745 1405 921 1455 peccatis.

926 1534 1066 1574 Interr.
1096 1537 1182 1574 133.

405 1596 481 1634 Cur
507 1597 621 1634 etiam
651 1597 824 1636 Christus
852 1597 1005 1645 dicitur,
1032 1606 1068 1638 et
1096 1600 1206 1651 quale
1233 1613 1371 1639 nomen
1399 1605 1454 1640 est
1482 1601 1682 1641 Christus?

991 1729 1105 1781 Resp.

402 1789 495 1828 Erat
540 1791 639 1842 apud
685 1797 826 1831 veteres
876 1806 1074 1832 commune
1120 1807 1258 1832 nomen
1294 1794 1463 1832 omnium
1504 1795 1763 1842 Sacerdotum,

349 1854 621 1906 Prophetarum
649 1862 685 1895 et
712 1857 872 1907 Regum,
899 1858 962 1909 qui
992 1858 1061 1896 Dei
1088 1859 1193 1896 iussu
1231 1860 1395 1897 naturali
1431 1860 1525 1905 oleo,
1552 1860 1599 1898 ad
1627 1861 1667 1898 id
1697 1861 1761 1898 de-

350 1919 504 1963 stinato,
538 1921 644 1960 uncti
682 1922 783 1960 hunc
809 1923 936 1961 Iesum
965 1928 1138 1962 nostrum
1167 1924 1438 1973 significarent,
1474 1926 1554 1963 fore
1581 1938 1664 1963 eum
1695 1939 1760 1964 ve-

348 1996 430 2021 rum
465 1997 508 2021 ac
537 1998 701 2023 veracem
732 1999 754 2023 a
782 1986 862 2025 Deo
890 1992 1045 2024 unctum
1075 1993 1186 2038 atque
1212 1987 1439 2038 promissum
1468 1992 1661 2026 aeternum
1689 1989 1758 2026 Sa-

349 2047 551 2093 cerdotem,
588 2049 816 2101 Prophetam
845 2055 956 2102 atque
983 2053 1090 2100 (481¹)
1119 2052 1273 2101 Regem,
1301 2066 1412 2103 quam
1443 2052 1490 2089 ob
1519 2066 1594 2091 rem
1623 2053 1758 2091 merito

347 2125 457 2151 verus
486 2113 671 2160 Christus,
698 2115 722 2154 i.
751 2128 783 2154 e.
813 2115 883 2154 Dei
911 2121 1046 2154 unctus
1075 2117 1297 2168 appellatur.

920 2246 1058 2286 Interr.
1088 2248 1176 2287 134,

393 2290 497 2347 Num
535 2310 747 2349 sacerdotes
781 2323 884 2349 nunc
911 2324 988 2349 non
1016 2312 1177 2363 amplius
1204 2311 1407 2350 secundum
1437 2311 1508 2351 Dei
1535 2313 1752 2359 mandatum

342 2376 589 2423 unguuntur?

988 2440 1101 2492 Resp.

390 2503 482 2541 Non
509 2504 575 2543 ita.
619 2504 748 2543 Quum
785 2505 885 2543 enim
913 2510 1069 2544 externa
1095 2506 1225 2543 unctio
1254 2506 1376 2555 figura
1403 2506 1441 2544 in
1473 2507 1660 2544 Christum
1689 2520 1748 2546 es-

340 2573 408 2613 set,
435 2569 600 2607 adventu
626 2569 745 2620 ipsius
773 2571 919 2621 expleta
948 2576 1060 2622 atque
1088 2571 1196 2608 finita
1225 2576 1290 2610 est.

343 2636 349 2641 ”
919 2635 1060 2673 Interr.
1090 2637 1177 2673 135.

389 2697 548 2736 Nulline
573 2698 691 2748 igitur
717 2711 820 2737 nunc
846 2699 1006 2750 amplius
1035 2699 1248 2737 sacerdotes
1275 2700 1388 2737 sunt?

984 2763 1097 2814 Resp.
1330 2760 1342 2772 ⁴

388 2825 559 2864 Ecclesia
598 2827 738 2865 Christi
774 2827 888 2866 habet
924 2827 1076 2878 quidem
1112 2827 1216 2866 iuxta
1253 2827 1407 2866 verbum
1441 2827 1511 2865 Dei
1547 2829 1743 2868 ordinatos

338 2903 425 2929 suos
452 2891 661 2936 ministros,
689 2892 753 2942 qui
779 2892 819 2930 in
849 2892 1041 2942 Scriptura
1071 2892 1290 2930 Sacerdotes
1317 2905 1467 2944 quoque
1487 2893 1743 2943 dicuntur,—
