1830 3147
1557 112 1627 152 123

89 217 249 271 quisque
283 210 440 259 salutem
467 219 619 271 eiusque
644 222 812 258 autorem
841 220 1032 258 Christum
1062 221 1268 260 Dominum
1299 223 1488 273 negligere
1513 227 1627 274 (158)

89 285 245 323 omnino
273 285 374 324 velit.

143 350 319 388 Monetur
343 349 434 387 item
464 349 642 396 Ecclesia,
672 355 712 387 ut
738 349 936 401 quisquam
966 363 1004 388 se
1032 351 1233 401 diligenter
1260 351 1367 391 iuxta
1396 353 1504 392 Pauli
1534 353 1626 392 doc·

88 414 226 452 trinam
252 414 441 466 probet')‚
468 427 540 465 qua
569 427 657 452 sane
684 417 722 452 in
752 428 791 452 re
819 428 962 452 summa
988 415 1064 452 fere
1084 417 1207 454 omnis
1229 422 1377 455 nostrae
1395 418 1442 456 ad
1461 419 1626 458 Coenam

89 478 326 517 Dominicam
361 479 657 530 praeparationis
696 479 881 518 consistit.
937 480 1205 519 Probationem
1246 496 1357 534 porro
1386 483 1506 521 nostri
1533 497 1625 523 con-

91 548 188 582 stare
228 543 462 595 potissimum
500 543 671 593 diligenti
708 545 827 582 nostri
861 544 1030 595 ipsorum
1065 546 1336 597 exploratione,
1372 562 1462 587 num
1501 563 1625 588 veram

88 608 159 646 Dei
194 613 229 646 et
266 608 385 646 nostri
419 608 559 659 pariter
587 609 840 658 cognitionem
871 622 939 647 nos
968 609 1104 647 habere
1131 611 1230 649 intra
1258 625 1327 650 nos
1355 613 1457 664 ipsos
1486 615 1625 653 sentia·

87 687 182 711 mus.
237 673 424 725 Quodque
461 673 508 711 ad
545 673 616 711 Dei
650 673 809 725 primum
846 674 1101 724 cognitionem
1140 675 1285 721 attinet,
1325 678 1518 729 explorare
1555 693 1624 719 nos

85 738 187 788 ipsos
231 737 428 783 debemus,
474 752 562 776 num
607 738 646 776 in
684 738 795 776 corde
830 743 960 776 nostro
997 753 1079 777 eum
1119 740 1291 779 affectum
1328 743 1543 790 sentiamus,
1584 750 1625 784 ut

86 807 305 848 statuamus,
340 802 459 841 Deum
497 816 575 841 esse
613 804 725 841 simul
753 807 789 842 et
817 803 1023 842 Dominum
1051 809 1237 852 nostrum,
1266 807 1330 858 qui
1359 809 1623 847 mandatorum

84 868 124 905 in
160 867 270 905 nobis
308 881 459 905 suorum
487 868 740 906 obedientiam
767 881 834 920 pro
866 869 1080 908 dominatus
1107 870 1147 908 in
1177 884 1246 909 nos
1275 872 1332 909 sui
1359 872 1440 911 iure
1469 875 1622 912 omnino

84 933 269 983 requirat:
306 946 385 971 esse
422 937 458 971 et
485 932 643 971 iudicem
672 932 933 979 iustissimum,
960 933 1022 984 qui
1052 940 1220 973 nostram
1249 936 1492 975 rebellionem
1521 939 1623 977 iusto

85 1010 152 1035 suo
188 996 327 1035 iudicio
364 998 506 1048 puniat,
544 1002 580 1035 et
614 1011 693 1036 esse
730 1003 969 1042 servatorem,
1005 999 1070 1050 qui
1108 1004 1277 1038 nostram
1319 1002 1487 1040 omnium
1516 1003 1622 1041 infir-

84 1063 249 1101 mitatem
287 1062 398 1100 nobis
434 1063 617 1114 imputare
645 1063 739 1101 nolit
767 1076 832 1114 pro
861 1064 1024 1113 gratuita
1054 1078 1169 1116 eaque
1197 1066 1385 1104 indicibili
1414 1082 1479 1105 sua
1511 1068 1621 1108 mise-

82 1127 256 1171 ricordia,
286 1128 348 1165 sed
376 1128 454 1166 eius
483 1128 641 1179 culpam,
677 1129 715 1166 in
744 1129 865 1168 filium
893 1142 998 1166 suum
1027 1129 1263 1178 unigenitum
1291 1133 1524 1180 translatam,
1552 1147 1621 1173 no-

82 1192 141 1230 bis
167 1193 331 1242 gratuito
361 1193 547 1231 condonet
575 1198 685 1244 atque
713 1194 751 1231 in
780 1208 884 1232 suam
914 1194 1024 1232 nobis
1051 1196 1213 1245 gratiam
1245 1198 1446 1248 acceptatis
1467 1204 1620 1250 propter

81 1258 237 1297 eundem
266 1258 388 1310 ipsum
416 1272 524 1296 suum
553 1259 671 1296 filium
702 1260 815 1297 vitam
845 1273 992 1311 quoque
1020 1265 1211 1299 aeternam
1240 1275 1282 1299 ac
1312 1263 1507 1301 coelestem
1536 1265 1620 1313 glo-

82 1324 174 1362 riam
205 1324 317 1362 donet
333 1325 376 1371 Ξ).
408 1324 513 1361 Haec
541 1338 629 1362 sane
657 1325 766 1362 simul
794 1325 920 1363 omnia
949 1326 994 1364 de
1022 1325 1101 1364 Deo
1131 1327 1240 1364 nobis
1269 1328 1503 1367 observanda
1533 1335 1621 1369 suut

82 1389 178 1427 circa
223 1390 344 1427 nostri
385 1389 424 1427 in
459 1391 570 1438 (159)
619 1404 702 1428 vera
745 1391 823 1428 eius
861 1391 1077 1441 cognitione
1112 1393 1423 1443 explorationem.
1488 1395 1620 1447 Neque

81 1458 167 1492 sunt
202 1454 250 1491 ab
287 1454 447 1492 invicem
486 1454 576 1492 haec
613 1456 818 1506 separanda
854 1469 1005 1507 quoquo
1042 1457 1169 1500 modo,
1197 1457 1269 1495 nisi
1297 1471 1365 1496 nos
1394 1459 1523 1497 fallere
1551 1460 1620 1498 hac

80 1519 119 1557 in
147 1523 252 1570 parte
278 1519 427 1570 ipsimet
456 1520 623 1558 velimus,
680 1520 742 1557 Sic
769 1521 869 1558 enim
897 1534 974 1559 non
1003 1522 1145 1573 profuit
1174 1523 1279 1560 Sauli
1307 1525 1400 1573 regi,
1428 1523 1548 1562 Deum
1576 1529 1618 1564 ut

79 1582 241 1621 iudicem
277 1596 320 1620 ac
356 1586 581 1621 servatorem
620 1597 729 1621 suum
765 1585 975 1634 agnovisse,
1014 1586 1102 1623 dum
1140 1587 1247 1624 illum
1274 1586 1482 1627 Dominum
1511 1603 1616 1628 suum

80 1661 159 1685 esse
187 1661 262 1686 non
291 1661 375 1686 vere
402 1649 568 1697 agnovit,
608 1648 679 1686 hoc
705 1652 773 1693 est,
809 1649 898 1687 dum
928 1650 1095 1689 mandati
1124 1651 1252 1689 Divini
1279 1654 1618 1702 transgressionem

77 1724 145 1762 pro
181 1715 334 1762 peccato
369 1725 572 1760 agnoscere
599 1712 732 1757 noluit,
762 1713 825 1750 sed
852 1727 1026 1764 peccasse
1055 1728 1093 1752 se
1120 1715 1160 1753 in
1187 1715 1269 1767 ipsa
1297 1717 1465 1755 mandati
1492 1722 1618 1756 trans·

78 1775 270 1825 gressione
314 1776 476 1825 negavit,
512 1776 666 1827 perinde
703 1781 815 1828 atque
852 1778 884 1815 si
920 1778 1138 1817 mandatum
1175 1793 1195 1817 a
1232 1779 1312 1818 Deo
1352 1782 1516 1832 quidem,
1553 1783 1618 1822 sed

79 1854 156 1879 non
183 1846 225 1879 ut
250 1855 271 1879 a
299 1840 477 1889 Domino,
505 1842 566 1880 cui
593 1856 740 1880 omnem
771 1843 922 1881 deberet
949 1844 1213 1892 obedientiam,
1242 1847 1446 1898 accepisset
1464 1849 1508 1896 ³).
1555 1849 1618 1887 Sic

77 1919 196 1957 neque
232 1905 383 1944 Haevae
419 1906 572 1957 profuit,
607 1906 726 1945 Deum
763 1912 805 1945 ut
841 1907 1046 1946 Dominum
1082 1922 1127 1946 ac
1154 1915 1381 1949 servatorem
1407 1913 1618 1962 agnovisse,

78 1969 166 2007 dum
204 1974 239 2007 et
275 1969 315 2007 in
350 1971 648 2019 transgressione
676 1971 845 2010 mandati
871 1971 1002 2010 Divini
1030 1974 1173 2024 peccati
1203 1975 1351 2026 culpam
1379 1976 1553 2026 agnoscit
1580 1982 1618 2016 et

79 2036 123 2073 de
151 2037 259 2073 venia,
296 2049 371 2074 non
408 2036 591 2088 desperat,
618 2041 853 2088 praepostere
880 2051 901 2074 a
930 2043 1101 2089 serpente
1128 2039 1349 2078 insidiatore
1379 2040 1423 2079 de
1451 2041 1522 2079 Dei
1549 2042 1615 2081 be-

78 2101 261 2150 nignitate
287 2114 461 2152 persuasa
473 2103 518 2149 ⁴).
548 2102 793 2153 Posteaquam
823 2103 921 2140 enim
952 2103 1173 2160 dubitatxde
1199 2105 1387 2156 punienda
1415 2106 1522 2145 iuxta
1551 2107 1615 2146 de-

78 2169 218 2203 cretum
246 2165 317 2203 Dei
343 2178 408 2203 sua
435 2165 702 2211 inobedientia,
730 2166 843 2204 simul
870 2166 990 2204 Deum
1017 2169 1160 2206 iustum
1188 2182 1336 2221 quoque
1355 2169 1516 2209 iudicem
1535 2186 1615 2212 esse

77 2243 155 2268 non
201 2231 383 2279 agnoscit,
427 2231 689 2281 experiturque
727 2231 871 2268 demum
919 2244 995 2269 non
1032 2245 1100 2270 suo
1137 2237 1297 2279 tantum,
1341 2235 1405 2273 sed
1443 2240 1614 2275 nostrum

76 2296 190 2333 etiam
225 2295 392 2333 omnium
431 2296 542 2339 malo,
570 2295 691 2333 Deum
720 2309 802 2333 vere
830 2296 968 2333 iustum
997 2296 1158 2335 iudicem
1186 2311 1276 2344 esse,
1305 2299 1405 2350 quod
1435 2300 1544 2339 initio
1572 2303 1612 2341 in

78 2361 190 2399 corde
217 2374 283 2398 suo
314 2368 414 2399 certo
443 2365 604 2398 statuere
631 2361 795 2400 nolebat.
846 2361 910 2399 Sic
935 2375 1083 2400 rursum
1111 2363 1221 2400 etiam
1252 2376 1328 2401 non
1356 2365 1498 2415 profuit
1527 2366 1613 2404 Cai-

79 2439 141 2470 n0‚
178 2426 296 2464 Deum
324 2433 366 2463 ut
393 2425 599 2463 Dominum
627 2439 669 2463 ac
697 2426 856 2464 iudicem
884 2427 1096 2476 agnovisse,
1122 2432 1363 2479 posteaquam
1393 2443 1469 2468 non
1498 2432 1610 2471 simul

77 2490 189 2528 etiam
216 2491 322 2528 illum
343 2492 453 2538 (160)
483 2494 708 2528 servatorem
737 2504 842 2529 suum
871 2505 950 2529 esse
976 2492 1131 2541 agnovit
1144 2494 1188 2540 5).
1217 2492 1318 2531 Dum
1346 2494 1445 2532 enim
1474 2494 1513 2533 in
1543 2496 1612 2533 ho-

53 2555 231 2606 ·micidio
267 2569 333 2593 suo
371 2561 406 2593 et
444 2555 587 2607 peccati
623 2556 769 2607 culpam
806 2557 977 2605 agnoscit
1014 2562 1049 2595 et
1079 2562 1218 2595 certum
1248 2558 1404 2596 exitium
1431 2565 1613 2611 expectat,

77 2621 216 2658 fatetur
244 2634 331 2658 sane
351 2621 466 2658 Deum
492 2634 572 2658 esse
601 2634 683 2658 vere
710 2624 746 2659 et
769 2620 985 2667 Dominum,
1013 2622 1077 2673 qui
1105 2622 1270 2673 requirat
1289 2623 1556 2672 obedientiam,
1576 2631 1612 2664 et

75 2683 236 2722 iudicem
263 2685 328 2735 qui
355 2685 492 2723 scelera
520 2685 664 2736 puniat,
683 2707 733 2715 -
751 2685 815 2724 sed
844 2686 931 2724 dum
960 2691 1152 2737 peccatum
1180 2687 1231 2725 ita
1261 2701 1367 2726 suum
1395 2695 1609 2739 exaggerat.

122 2829 145 2866 ¹)
170 2828 185 2858 1
211 2827 282 2859 Cor.
309 2827 357 2858 ll.
501 2828 527 2866 2)
554 2829 641 2859 loan.
666 2828 694 2859 ὃ.
718 2828 817 2870 Ephe.
840 2831 869 2860 2.
892 2830 963 2860 Esa.
988 2830 1036 2860 25.
1062 2829 1182 2861 Coloss.
1208 2829 1236 2862 3.
1262 2831 1351 2862 Rom.
1375 2832 1403 2863 3.
1430 2831 1444 2862 l
1470 2833 1558 2864 Ioau.
1581 2833 1610 2865 2.

116 2882 142 2921 ³)
168 2882 183 2913 1
208 2881 292 2914 Sam.
316 2881 363 2914 17.
531 2885 559 2921 θ’)
585 2882 680 2913 Gene.
703 2883 732 2914 3.
902 2884 928 2923 ⁵)
953 2883 1049 2915 Gene.
1072 2885 1100 2914 4.
