1830 3147
203 96 275 136 170

474 221 526 247 DE
562 220 874 248 ECCLESIAS'I'ICA
911 221 1143 249 DISCIPLINA
1182 223 1231 249 ΕΤ
1269 222 1360 250 EIUS
1399 223 1472 250 USU

651 285 694 312 IN
733 285 924 313 ECCLESIA
962 286 1287 314 PEREGRINORUM

882 350 1063 379 LONDINI.

254 532 348 568 Cum
375 531 452 569 sere
479 530 644 570 abolitus
673 531 721 569 sit
745 532 821 569 iam
851 531 989 581 ubique
1007 529 1198 579 legitimus
1218 530 1438 582 disciplinae
1459 531 1742 569 Ecclesiasticae

200 609 289 633 usus
326 599 362 634 et
397 609 534 645 magna
562 596 759 634 hominum
798 610 884 647 pars
912 596 1088 645 ignorare
1116 596 1387 646 propemodum
1415 596 1598 642 videatur,
1629 597 1741 647 quid-

199 674 285 698 nam
324 660 373 699 sit
411 661 609 712 disciplina
637 661 906 699 Ecclesiastica
944 665 979 698 et
1008 674 1080 711 qua
1109 660 1147 697 in
1175 674 1213 697 re
1240 660 1477 711 potissimum
1508 661 1620 698 etiam
1649 674 1740 699 con-

201 727 322 773 sistat,
365 740 441 765 non
490 727 557 765 abs
594 740 634 765 re
671 727 783 765 fuerit
820 727 910 764 haec
946 726 1076 777 paucis
1112 726 1293 772 indicare,
1329 739 1403 776 quo
1441 727 1591 764 facilius
1629 727 1741 765 etiam

198 792 389 842 legitimus
425 792 645 844 disciplinae
678 806 769 830 usus
806 793 846 830 in
874 797 1004 830 nostra
1033 791 1203 829 Ecclesia
1232 804 1252 827 a
1279 791 1352 842 piis
1382 792 1558 829 omnibus
1586 792 1740 841 agnosci

199 857 332 908 possit.
373 856 606 908 Disciplinae
632 857 749 907 igitur
777 857 1037 896 diffinitionem
1067 860 1154 894 ante
1183 857 1310 894 omnia
1337 869 1520 907 ponemus
1550 870 1632 894 cum
1662 857 1742 895 eius

199 922 485 974 approbatione.
515 924 627 971 (269)

252 1053 538 1105 Disciplina
575 1053 944 1091 Ecclesiastica
981 1057 1051 1091 est
1089 1056 1223 1091 certa
1251 1053 1489 1104 quaedam
1524 1067 1543 1091 e
1581 1054 1740 1105 scrip-

199 1119 330 1157 turis
381 1119 539 1170 petita
595 1119 725 1156 ratio
780 1118 1081 1156 observandi
1131 1118 1379 1168 gradatim
1423 1119 1739 1157 Christianas

199 1184 575 1223 admonitiones
613 1197 666 1222 ex
703 1184 849 1221 verbo
887 1183 974 1220 Dei
1007 1183 1139 1221 inter
1173 1184 1358 1221 fratres
1394 1184 1606 1221 invicem
1644 1197 1741 1221 om-

201 1262 285 1287 nes
323 1249 372 1286 in
407 1249 638 1287 Ecclesia
676 1248 888 1291 Christi,
931 1252 982 1285 ut
1019 1252 1063 1285 et
1099 1261 1275 1298 corpus
1312 1248 1595 1286 universum
1637 1248 1743 1286 sin-

200 1315 414 1365 gulaque
450 1314 595 1352 illius
629 1313 848 1351 membra
874 1313 922 1350 in
952 1326 1036 1351 suo
1066 1313 1271 1358 officio,
1300 1313 1457 1364 quoad
1496 1313 1599 1351 eius
1628 1314 1745 1351 fieri

200 1382 384 1430 potest,
430 1379 809 1424 contineantur,
858 1399 908 1407 ·--
951 1381 1017 1421 et,
1062 1377 1100 1415 si
1144 1377 1224 1427 qui
1270 1378 1317 1415 in
1343 1378 1433 1415 illa
1470 1378 1744 1428 deprehen-

203 1444 385 1481 dantur
412 1436 667 1482 obstinati
695 1443 1084 1482 admonitionum
1113 1443 1403 1480 istiusmodi
1432 1447 1744 1493 contempto·

200 1522 296 1553 res,
331 1512 379 1546 ut
417 1510 628 1547 Satanae
665 1509 724 1546 ad
760 1511 1026 1546 extremum
1059 1521 1142 1558 per
1178 1507 1742 1545 excommunicationem

200 1574 483 1620 tradantur,
529 1574 570 1611 si
614 1587 701 1625 quo
743 1573 883 1610 modo
929 1586 1011 1623 per
1055 1573 1203 1610 talem
1252 1572 1664 1623 pudefactionem
1701 1577 1746 1611 et

201 1653 312 1676 caro
350 1639 398 1677 in
434 1639 545 1677 illis
582 1638 813 1680 interire,
849 1637 976 1689 quod
1013 1636 1067 1674 ad
1106 1637 1322 1675 affectus
1358 1637 1505 1674 illius
1544 1637 1746 1681 attinet,

199 1708 244 1742 et
289 1704 501 1754 spiritus
548 1704 618 1741 ita
663 1703 845 1740 demum
886 1701 1113 1739 revocari
1158 1700 1213 1738 ad
1251 1700 1655 1752 resipiscentiam
1693 1714 1745 1738 ac

199 1768 408 1819 proinde
446 1768 636 1806 servari
673 1768 822 1804 etiam
858 1767 1030 1818 possit.

253 1897 364 1934 Han‘c
399 1909 513 1947 porro
541 1895 799 1933 diffinitionem
827 1909 893 1946 per
921 1896 1088 1946 singulas
1116 1896 1219 1933 illius
1247 1899 1371 1947 partes
1399 1895 1602 1946 approbari
1630 1909 1742 1946 opor-

198 1965 263 2007 tet,
290 1975 336 1998 ne
364 1961 454 2012 quid
480 1961 520 1998 in
548 1961 612 1997 illa
640 1964 778 1997 temere
805 1960 969 2010 positum
998 1975 1078 1998 esse
1107 1961 1298 1998 videatur:
1326 1960 1365 1997 id
1395 1960 1497 2010 quod
1525 1961 1600 1997 iam
1621 1961 1745 1998 facere

199 2026 474 2088 aggrediemur.

251 2094 286 2130 1.
341 2091 529 2136 Diximus,
568 2090 807 2141 disciplinam
846 2090 1150 2128 Ecclesiasticam
1190 2102 1269 2127 esse
1298 2092 1437 2127 certam
1466 2089 1654 2139 quandam
1681 2102 1742 2126 ra-

196 2157 340 2195 tionem
368 2155 595 2193 observandi
623 2154 911 2200 admonitiones,
939 2159 981 2192 ut
1009 2155 1277 2203 intelligamus,
1306 2167 1427 2204 neque
1449 2153 1603 2191 dubiam
1623 2167 1743 2204 neque

197 2223 287 2260 item
327 2235 458 2271 vagam
495 2225 560 2258 aut
595 2220 761 2269 exlegem
801 2233 892 2263 esse,
930 2219 994 2257 sed
1031 2220 1100 2257 niti
1141 2219 1250 2257 certis
1287 2232 1330 2257 ac
1369 2218 1501 2256 solidis
1539 2219 1743 2269 scripturae

198 2286 439 2330 testimoniis,
476 2289 512 2323 et
551 2289 691 2323 certum
729 2284 817 2322 item
853 2284 1025 2322 ordinem
1065 2289 1260 2334 certosque
1296 2284 1390 2320 fines
1419 2295 1506 2320 suos
1535 2285 1646 2331 (270)
1674 2283 1740 2320 ha-

200 2352 299 2396 bere,
335 2350 652 2402 quemadmodum
688 2349 727 2387 in
765 2349 920 2400 reliquis
957 2349 1193 2386 diffinitionis
1229 2348 1403 2399 partibus
1432 2349 1739 2399 comprehensum

200 2417 372 2455 habetur.
411 2417 553 2466 Estque
581 2415 644 2452 hic
672 2415 772 2452 velut
801 2427 921 2463 genus
950 2414 1139 2464 quoddam
1167 2414 1204 2451 in
1237 2417 1367 2451 nostra
1396 2413 1617 2451 diffinitione
1644 2413 1739 2450 ratio

200 2481 428 2520 observandi
465 2479 757 2521 admonitiones,
793 2482 835 2515 ut
861 2478 967 2515 iuxta
997 2479 1161 2529 reliquas
1191 2477 1427 2515 diffinitionis
1454 2481 1578 2527 partes
1606 2476 1739 2514 admo-

201 2547 378 2589 nitiones,
413 2558 508 2595 quae
542 2543 762 2595 disciplinae
799 2543 1086 2580 Ecclesiasticae
1124 2546 1211 2579 sunt
1246 2542 1432 2593 propriae,
1461 2554 1480 2577 a
1508 2540 1740 2590 quibuslibet

201 2611 285 2649 aliis
313 2609 640 2647 admonitionibus
669 2608 943 2645 discernantur.

254 2678 289 2712 2.
344 2672 400 2710 Ut
426 2672 706 2710 ostenderemus
736 2675 874 2709 certam
899 2670 1128 2721 minimeque
1157 2669 1309 2707 dubiam
1338 2682 1430 2715 esse,
1457 2669 1632 2709 diximus.
1661 2683 1741 2708 csse

201 2739 353 2791 petitam
398 2751 417 2775 e
454 2737 660 2787 scripturis,
705 2750 751 2774 ne
796 2736 881 2787 quis
925 2736 1027 2773 illius
1064 2736 1334 2785 negligentiam
1369 2730 1433 2771 aiit
1471 2738 1740 2786 contemptum,

202 2808 380 2853 tanquam
417 2801 603 2838 humanae
640 2801 797 2838 alicuius
834 2799 1064 2841 traditionis,
1090 2800 1281 2850 impunem
1308 2800 1388 2836 fore
1415 2798 1629 2838 arbitretur.
1684 2799 1740 2837 Ut

202 2868 319 2919 igitur
356 2870 513 2912 constet,
548 2878 628 2903 esse
665 2870 804 2903 certam
842 2864 1024 2903 rationem
1054 2863 1282 2902 observandi
1309 2843 1600 2908 admonitiones,
1625 2877 1737 2914 quam

1611 2917 1625 2934 0
