<?xml version="1.0" encoding="UTF-8"?>
<!DOCTYPE html PUBLIC "-//W3C//DTD XHTML 1.0 Transitional//EN"
    "http://www.w3.org/TR/xhtml1/DTD/xhtml1-transitional.dtd">
<html xmlns="http://www.w3.org/1999/xhtml" xml:lang="en" lang="en">
 <head>
  <title>
</title>
<meta http-equiv="Content-Type" content="text/html;charset=utf-8" />
  <meta name='ocr-system' content='tesseract 3.04.00' />
  <meta name='ocr-capabilities' content='ocr_page ocr_carea ocr_par ocr_line ocrx_word'/>
</head>
<body>
  <div class='ocr_page' id='page_1' title='image "./operatameditaqua02lask_0761.png"; bbox 0 0 1830 3147; ppageno 0'>
   <div class='ocr_carea' id='block_1_1' title="bbox 819 147 1619 195">
    <p class='ocr_par' dir='ltr' id='par_1_1' title="bbox 819 147 1619 195">
     <span class='ocr_line' id='line_1_1' title="bbox 819 147 1619 195; baseline -0.004 -10"><span class='ocrx_word' id='word_1_1' title='bbox 819 148 887 187; x_wconf 84' lang='lat'><strong>739</strong></span> <span class='ocrx_word' id='word_1_2' title='bbox 1347 147 1408 195; x_wconf 69' lang='lat' dir='ltr'><strong>[A.⁴</strong></span> <span class='ocrx_word' id='word_1_3' title='bbox 1434 147 1479 183; x_wconf 89' lang='lat' dir='ltr'><strong>D.</strong></span> <span class='ocrx_word' id='word_1_4' title='bbox 1507 147 1619 195; x_wconf 88' lang='lat'>1556]</span> 
     </span>
    </p>
   </div>
   <div class='ocr_carea' id='block_1_2' title="bbox 71 256 1616 3008">
    <p class='ocr_par' dir='ltr' id='par_1_2' title="bbox 71 256 1614 2822">
     <span class='ocr_line' id='line_1_2' title="bbox 79 256 1612 306; baseline -0.003 -10"><span class='ocrx_word' id='word_1_5' title='bbox 79 259 194 296; x_wconf 88' lang='lat' dir='ltr'><strong>ditum</strong></span> <span class='ocrx_word' id='word_1_6' title='bbox 225 259 294 295; x_wconf 90' lang='lat' dir='ltr'><strong>huc</strong></span> <span class='ocrx_word' id='word_1_7' title='bbox 327 271 441 295; x_wconf 91' lang='lat' dir='ltr'><strong>meum</strong></span> <span class='ocrx_word' id='word_1_8' title='bbox 475 258 721 306; x_wconf 88' lang='lat' dir='ltr'><strong>precabantur,</strong></span> <span class='ocrx_word' id='word_1_9' title='bbox 754 258 815 294; x_wconf 87' lang='lat' dir='ltr'><strong>alii</strong></span> <span class='ocrx_word' id='word_1_10' title='bbox 850 270 934 294; x_wconf 87' lang='lat' dir='ltr'><strong>vero</strong></span> <span class='ocrx_word' id='word_1_11' title='bbox 959 270 1015 294; x_wconf 89' lang='lat' dir='ltr'><strong>me</strong></span> <span class='ocrx_word' id='word_1_12' title='bbox 1040 256 1084 294; x_wconf 87' lang='lat' dir='ltr'><strong>ad</strong></span> <span class='ocrx_word' id='word_1_13' title='bbox 1108 256 1209 293; x_wconf 90' lang='lat' dir='ltr'><strong>illum</strong></span> <span class='ocrx_word' id='word_1_14' title='bbox 1235 256 1469 293; x_wconf 67' lang='lat' dir='ltr'><strong>hortabantur</strong></span> <span class='ocrx_word' id='word_1_15' title='bbox 1494 257 1612 293; x_wconf 87' lang='lat' dir='ltr'><strong>etiam.</strong></span> 
     </span>
     <span class='ocr_line' id='line_1_3' title="bbox 74 318 1614 369; baseline -0.003 -11"><span class='ocrx_word' id='word_1_16' title='bbox 74 322 225 369; x_wconf 88' lang='lat' dir='ltr'><strong>Hocque</strong></span> <span class='ocrx_word' id='word_1_17' title='bbox 258 321 373 368; x_wconf 85' lang='lat' dir='ltr'><strong>ipsum</strong></span> <span class='ocrx_word' id='word_1_18' title='bbox 406 320 580 356; x_wconf 74' lang='lat' dir='ltr'>faciebant</span> <span class='ocrx_word' id='word_1_19' title='bbox 613 322 793 368; x_wconf 79' lang='lat' dir='ltr'><strong>praeterea</strong></span> <span class='ocrx_word' id='word_1_20' title='bbox 827 332 869 356; x_wconf 81' lang='lat' dir='ltr'><strong>ex</strong></span> <span class='ocrx_word' id='word_1_21' title='bbox 903 319 990 355; x_wconf 87' lang='lat' dir='ltr'><strong>meis</strong></span> <span class='ocrx_word' id='word_1_22' title='bbox 1024 319 1227 355; x_wconf 87' lang='lat' dir='ltr'><strong>necessariis</strong></span> <span class='ocrx_word' id='word_1_23' title='bbox 1260 318 1415 366; x_wconf 76' lang='lat' dir='ltr'>plurimi,</span> <span class='ocrx_word' id='word_1_24' title='bbox 1442 318 1504 365; x_wconf 81' lang='lat' dir='ltr'><strong>quj</strong></span> <span class='ocrx_word' id='word_1_25' title='bbox 1529 318 1614 354; x_wconf 87' lang='lat' dir='ltr'><strong>mihi</strong></span> 
     </span>
     <span class='ocr_line' id='line_1_4' title="bbox 75 379 1610 430; baseline -0.002 -12"><span class='ocrx_word' id='word_1_26' title='bbox 75 385 160 418; x_wconf 85' lang='lat' dir='ltr'><strong>sunt</strong></span> <span class='ocrx_word' id='word_1_27' title='bbox 192 382 321 430; x_wconf 86' lang='lat' dir='ltr'><strong>partim</strong></span> <span class='ocrx_word' id='word_1_28' title='bbox 354 381 586 428; x_wconf 77' lang='lat' dir='ltr'><strong>cognationis,</strong></span> <span class='ocrx_word' id='word_1_29' title='bbox 622 381 751 428; x_wconf 88' lang='lat' dir='ltr'><strong>partim</strong></span> <span class='ocrx_word' id='word_1_30' title='bbox 783 393 866 417; x_wconf 82' lang='lat' dir='ltr'><strong>vero</strong></span> <span class='ocrx_word' id='word_1_31' title='bbox 901 381 1006 416; x_wconf 88' lang='lat' dir='ltr'><strong>etiam</strong></span> <span class='ocrx_word' id='word_1_32' title='bbox 1041 380 1223 416; x_wconf 88' lang='lat' dir='ltr'><strong>affinitatis</strong></span> <span class='ocrx_word' id='word_1_33' title='bbox 1249 379 1391 416; x_wconf 87' lang='lat' dir='ltr'><strong>viuculo</strong></span> <span class='ocrx_word' id='word_1_34' title='bbox 1415 379 1610 416; x_wconf 88' lang='lat' dir='ltr'><strong>coniuncti.</strong></span> 
     </span>
     <span class='ocr_line' id='line_1_5' title="bbox 75 441 1607 489; baseline -0.002 -9"><span class='ocrx_word' id='word_1_35' title='bbox 75 443 142 480; x_wconf 82' lang='lat' dir='ltr'><strong>Sed</strong></span> <span class='ocrx_word' id='word_1_36' title='bbox 168 444 324 480; x_wconf 89' lang='lat' dir='ltr'><strong>omnium</strong></span> <span class='ocrx_word' id='word_1_37' title='bbox 349 443 497 479; x_wconf 80' lang='lat' dir='ltr'><strong>maxime</strong></span> <span class='ocrx_word' id='word_1_38' title='bbox 523 442 676 479; x_wconf 84' lang='lat' dir='ltr'><strong>reditum</strong></span> <span class='ocrx_word' id='word_1_39' title='bbox 702 443 768 479; x_wconf 88' lang='lat' dir='ltr'><strong>huc</strong></span> <span class='ocrx_word' id='word_1_40' title='bbox 795 455 910 478; x_wconf 88' lang='lat' dir='ltr'><strong>meum</strong></span> <span class='ocrx_word' id='word_1_41' title='bbox 935 442 1144 488; x_wconf 83' lang='lat' dir='ltr'><strong>flagitabant</strong></span> <span class='ocrx_word' id='word_1_42' title='bbox 1168 441 1309 489; x_wconf 88' lang='lat' dir='ltr'>plurimi</span> <span class='ocrx_word' id='word_1_43' title='bbox 1337 442 1523 489; x_wconf 85' lang='lat' dir='ltr'><strong>Equestris</strong></span> <span class='ocrx_word' id='word_1_44' title='bbox 1542 442 1607 477; x_wconf 91' lang='lat' dir='ltr'><strong>Or-</strong></span> 
     </span>
     <span class='ocr_line' id='line_1_6' title="bbox 73 502 1606 551; baseline -0.002 -10"><span class='ocrx_word' id='word_1_45' title='bbox 73 504 166 541; x_wconf 83' lang='lat' dir='ltr'>dinis</span> <span class='ocrx_word' id='word_1_46' title='bbox 191 505 272 549; x_wconf 78' lang='lat' dir='ltr'><strong>viri,</strong></span> <span class='ocrx_word' id='word_1_47' title='bbox 296 505 474 541; x_wconf 83' lang='lat' dir='ltr'><strong>doctrinae</strong></span> <span class='ocrx_word' id='word_1_48' title='bbox 499 504 657 551; x_wconf 89' lang='lat' dir='ltr'><strong>alioquin</strong></span> <span class='ocrx_word' id='word_1_49' title='bbox 681 503 915 551; x_wconf 83' lang='lat' dir='ltr'><strong>Evangelicae</strong></span> <span class='ocrx_word' id='word_1_50' title='bbox 940 503 1102 547; x_wconf 76' lang='lat' dir='ltr'><strong>studiosi,</strong></span> <span class='ocrx_word' id='word_1_51' title='bbox 1128 504 1190 550; x_wconf 85' lang='lat' dir='ltr'><strong>qui</strong></span> <span class='ocrx_word' id='word_1_52' title='bbox 1216 502 1363 539; x_wconf 86' lang='lat' dir='ltr'><strong>collecta</strong></span> <span class='ocrx_word' id='word_1_53' title='bbox 1388 516 1466 538; x_wconf 86' lang='lat' dir='ltr'><strong>cum</strong></span> <span class='ocrx_word' id='word_1_54' title='bbox 1484 502 1606 550; x_wconf 90' lang='lat' dir='ltr'><strong>pleris-</strong></span> 
     </span>
     <span class='ocr_line' id='line_1_7' title="bbox 74 562 1606 613; baseline -0.001 -11"><span class='ocrx_word' id='word_1_55' title='bbox 74 579 144 613; x_wconf 90' lang='lat' dir='ltr'><strong>que</strong></span> <span class='ocrx_word' id='word_1_56' title='bbox 170 565 493 602; x_wconf 80' lang='lat' dir='ltr'><strong>Ecclesiasticorum</strong></span> <span class='ocrx_word' id='word_1_57' title='bbox 519 565 695 601; x_wconf 90' lang='lat' dir='ltr'><strong>Ministris</strong></span> <span class='ocrx_word' id='word_1_58' title='bbox 721 565 860 612; x_wconf 83' lang='lat' dir='ltr'><strong>Synodo</strong></span> <span class='ocrx_word' id='word_1_59' title='bbox 887 564 1101 600; x_wconf 87' lang='lat' dir='ltr'><strong>unanimiter</strong></span> <span class='ocrx_word' id='word_1_60' title='bbox 1127 576 1181 600; x_wconf 88' lang='grc'><strong>1110</strong></span> <span class='ocrx_word' id='word_1_61' title='bbox 1207 577 1326 600; x_wconf 87' lang='grc'><strong>01111105</strong></span> <span class='ocrx_word' id='word_1_62' title='bbox 1360 562 1402 600; x_wconf 83' lang='grc'><strong>311</strong></span> <span class='ocrx_word' id='word_1_63' title='bbox 1430 576 1466 599; x_wconf 89' lang='grc'><strong>50</strong></span> <span class='ocrx_word' id='word_1_64' title='bbox 1492 563 1606 600; x_wconf 90' lang='lat' dir='ltr'><strong>literis</strong></span> 
     </span>
     <span class='ocr_line' id='line_1_8' title="bbox 73 625 1607 675; baseline -0.002 -11"><span class='ocrx_word' id='word_1_65' title='bbox 73 628 147 664; x_wconf 88' lang='lat' dir='ltr'><strong>suis</strong></span> <span class='ocrx_word' id='word_1_66' title='bbox 180 640 241 675; x_wconf 90' lang='lat' dir='ltr'><strong>per</strong></span> <span class='ocrx_word' id='word_1_67' title='bbox 274 627 423 664; x_wconf 88' lang='lat' dir='ltr'><strong>eundem</strong></span> <span class='ocrx_word' id='word_1_68' title='bbox 456 627 571 675; x_wconf 87' lang='lat' dir='ltr'><strong>ipsum</strong></span> <span class='ocrx_word' id='word_1_69' title='bbox 597 627 763 663; x_wconf 87' lang='lat' dir='ltr'><strong>nuntium</strong></span> <span class='ocrx_word' id='word_1_70' title='bbox 790 639 904 663; x_wconf 89' lang='lat' dir='ltr'><strong>meum</strong></span> <span class='ocrx_word' id='word_1_71' title='bbox 932 629 1104 662; x_wconf 83' lang='lat' dir='ltr'><strong>vocarunt</strong></span> <span class='ocrx_word' id='word_1_72' title='bbox 1130 629 1166 662; x_wconf 87' lang='lat' dir='ltr'><strong>et</strong></span> <span class='ocrx_word' id='word_1_73' title='bbox 1192 638 1340 670; x_wconf 89' lang='lat' dir='ltr'><strong>mecum,</strong></span> <span class='ocrx_word' id='word_1_74' title='bbox 1367 629 1409 661; x_wconf 84' lang='lat' dir='ltr'><strong>ut</strong></span> <span class='ocrx_word' id='word_1_75' title='bbox 1434 625 1515 662; x_wconf 90' lang='lat' dir='ltr'><strong>huic</strong></span> <span class='ocrx_word' id='word_1_76' title='bbox 1541 625 1607 661; x_wconf 83' lang='lat' dir='ltr'><strong>tali</strong></span> 
     </span>
     <span class='ocr_line' id='line_1_9' title="bbox 73 685 1608 734; baseline 0 -12"><span class='ocrx_word' id='word_1_77' title='bbox 73 687 230 734; x_wconf 89' lang='lat' dir='ltr'><strong>ipsorum</strong></span> <span class='ocrx_word' id='word_1_78' title='bbox 262 687 443 724; x_wconf 88' lang='lat' dir='ltr'><strong>vocationi</strong></span> <span class='ocrx_word' id='word_1_79' title='bbox 477 699 644 734; x_wconf 82' lang='lat' dir='ltr'>parerem,</span> <span class='ocrx_word' id='word_1_80' title='bbox 677 686 800 722; x_wconf 86' lang='lat' dir='ltr'><strong>multis</strong></span> <span class='ocrx_word' id='word_1_81' title='bbox 832 699 915 723; x_wconf 90' lang='lat' dir='ltr'><strong>sane</strong></span> <span class='ocrx_word' id='word_1_82' title='bbox 941 689 977 722; x_wconf 86' lang='lat' dir='ltr'><strong>et</strong></span> <span class='ocrx_word' id='word_1_83' title='bbox 1003 686 1138 732; x_wconf 82' lang='lat' dir='ltr'><strong>magnis</strong></span> <span class='ocrx_word' id='word_1_84' title='bbox 1164 685 1360 722; x_wconf 84' lang='lat' dir='ltr'><strong>rationibus</strong></span> <span class='ocrx_word' id='word_1_85' title='bbox 1386 688 1536 732; x_wconf 86' lang='lat' dir='ltr'><strong>egerunt</strong></span> <span class='ocrx_word' id='word_1_86' title='bbox 1563 687 1608 732; x_wconf 74' lang='lat'><strong>³).</strong></span> 
     </span>
     <span class='ocr_line' id='line_1_10' title="bbox 74 747 1605 797; baseline -0.003 -11"><span class='ocrx_word' id='word_1_87' title='bbox 74 749 164 786; x_wconf 90' lang='lat' dir='ltr'><strong>Cum</strong></span> <span class='ocrx_word' id='word_1_88' title='bbox 196 749 307 797; x_wconf 88' lang='lat' dir='ltr'><strong>igitur</strong></span> <span class='ocrx_word' id='word_1_89' title='bbox 340 762 438 785; x_wconf 89' lang='lat' dir='ltr'><strong>meus</strong></span> <span class='ocrx_word' id='word_1_90' title='bbox 470 749 531 785; x_wconf 91' lang='grc'><strong>1110</strong></span> <span class='ocrx_word' id='word_1_91' title='bbox 568 748 719 785; x_wconf 86' lang='lat' dir='ltr'><strong>nuncius</strong></span> <span class='ocrx_word' id='word_1_92' title='bbox 756 748 828 784; x_wconf 82' lang='lat' dir='ltr'><strong>tale</strong></span> <span class='ocrx_word' id='word_1_93' title='bbox 851 748 894 784; x_wconf 86' lang='lat' dir='ltr'><strong>ad</strong></span> <span class='ocrx_word' id='word_1_94' title='bbox 920 761 974 784; x_wconf 90' lang='lat' dir='ltr'><strong>me</strong></span> <span class='ocrx_word' id='word_1_95' title='bbox 999 747 1200 784; x_wconf 81' lang='lat' dir='ltr'><strong>Maiestatis</strong></span> <span class='ocrx_word' id='word_1_96' title='bbox 1225 748 1332 791; x_wconf 82' lang='lat' dir='ltr'>Tuae,</span> <span class='ocrx_word' id='word_1_97' title='bbox 1358 751 1400 783; x_wconf 90' lang='lat' dir='ltr'><strong>ut</strong></span> <span class='ocrx_word' id='word_1_98' title='bbox 1425 747 1491 783; x_wconf 87' lang='lat' dir='ltr'><strong>iam</strong></span> <span class='ocrx_word' id='word_1_99' title='bbox 1521 747 1605 790; x_wconf 90' lang='lat' dir='ltr'><strong>dixi,</strong></span> 
     </span>
     <span class='ocr_line' id='line_1_11' title="bbox 72 808 1604 859; baseline -0.001 -13"><span class='ocrx_word' id='word_1_100' title='bbox 72 823 279 859; x_wconf 85' lang='lat' dir='ltr'><strong>responsum</strong></span> <span class='ocrx_word' id='word_1_101' title='bbox 303 813 340 848; x_wconf 84' lang='lat' dir='ltr'><strong>et</strong></span> <span class='ocrx_word' id='word_1_102' title='bbox 365 814 422 848; x_wconf 88' lang='lat' dir='ltr'><strong>tot</strong></span> <span class='ocrx_word' id='word_1_103' title='bbox 446 823 485 847; x_wconf 88' lang='grc'><strong>30</strong></span> <span class='ocrx_word' id='word_1_104' title='bbox 510 810 598 846; x_wconf 86' lang='lat' dir='ltr'><strong>tales</strong></span> <span class='ocrx_word' id='word_1_105' title='bbox 624 811 707 846; x_wconf 90' lang='lat' dir='ltr'><strong>item</strong></span> <span class='ocrx_word' id='word_1_106' title='bbox 733 809 881 846; x_wconf 89' lang='lat' dir='ltr'><strong>aliorum</strong></span> <span class='ocrx_word' id='word_1_107' title='bbox 907 809 1178 858; x_wconf 83' lang='lat' dir='ltr'><strong>postulationes,</strong></span> <span class='ocrx_word' id='word_1_108' title='bbox 1204 809 1356 855; x_wconf 88' lang='lat' dir='ltr'><strong>denique</strong></span> <span class='ocrx_word' id='word_1_109' title='bbox 1373 808 1478 844; x_wconf 86' lang='lat' dir='ltr'><strong>talem</strong></span> <span class='ocrx_word' id='word_1_110' title='bbox 1498 809 1604 844; x_wconf 90' lang='lat' dir='ltr'><strong>etiam</strong></span> 
     </span>
     <span class='ocr_line' id='line_1_12' title="bbox 71 868 1604 918; baseline -0.002 -12"><span class='ocrx_word' id='word_1_111' title='bbox 71 876 253 918; x_wconf 84' lang='lat' dir='ltr'><strong>praeterea</strong></span> <span class='ocrx_word' id='word_1_112' title='bbox 277 870 497 907; x_wconf 87' lang='lat' dir='ltr'><strong>vocationem</strong></span> <span class='ocrx_word' id='word_1_113' title='bbox 523 870 567 906; x_wconf 85' lang='lat' dir='ltr'><strong>ad</strong></span> <span class='ocrx_word' id='word_1_114' title='bbox 592 883 646 906; x_wconf 91' lang='lat' dir='ltr'><strong>me</strong></span> <span class='ocrx_word' id='word_1_115' title='bbox 671 869 863 913; x_wconf 79' lang='lat' dir='ltr'><strong>retulisset,</strong></span> <span class='ocrx_word' id='word_1_116' title='bbox 890 882 963 905; x_wconf 88' lang='lat' dir='ltr'><strong>eam</strong></span> <span class='ocrx_word' id='word_1_117' title='bbox 990 869 1074 905; x_wconf 89' lang='lat' dir='ltr'><strong>mihi</strong></span> <span class='ocrx_word' id='word_1_118' title='bbox 1098 882 1161 916; x_wconf 86' lang='lat' dir='ltr'><strong>ego</strong></span> <span class='ocrx_word' id='word_1_119' title='bbox 1180 869 1305 905; x_wconf 88' lang='lat' dir='ltr'><strong>horum</strong></span> <span class='ocrx_word' id='word_1_120' title='bbox 1323 868 1478 905; x_wconf 90' lang='lat' dir='ltr'><strong>omnium</strong></span> <span class='ocrx_word' id='word_1_121' title='bbox 1498 868 1604 904; x_wconf 87' lang='lat' dir='ltr'><strong>ratio-</strong></span> 
     </span>
     <span class='ocr_line' id='line_1_13' title="bbox 74 929 1606 976; baseline -0.002 -10"><span class='ocrx_word' id='word_1_122' title='bbox 74 942 154 966; x_wconf 87' lang='lat' dir='ltr'><strong>nem</strong></span> <span class='ocrx_word' id='word_1_123' title='bbox 187 929 375 966; x_wconf 88' lang='lat' dir='ltr'><strong>ineundam</strong></span> <span class='ocrx_word' id='word_1_124' title='bbox 409 942 483 966; x_wconf 89' lang='lat' dir='ltr'><strong>esse</strong></span> <span class='ocrx_word' id='word_1_125' title='bbox 509 929 672 972; x_wconf 87' lang='lat' dir='ltr'><strong>iudicavi,</strong></span> <span class='ocrx_word' id='word_1_126' title='bbox 698 934 740 965; x_wconf 87' lang='lat' dir='ltr'><strong>ut</strong></span> <span class='ocrx_word' id='word_1_127' title='bbox 766 941 881 976; x_wconf 88' lang='lat' dir='ltr'><strong>neque</strong></span> <span class='ocrx_word' id='word_1_128' title='bbox 906 941 1016 965; x_wconf 89' lang='lat' dir='ltr'><strong>meam</strong></span> <span class='ocrx_word' id='word_1_129' title='bbox 1043 929 1127 964; x_wconf 91' lang='lat' dir='ltr'><strong>mihi</strong></span> <span class='ocrx_word' id='word_1_130' title='bbox 1153 941 1305 976; x_wconf 82' lang='lat' dir='ltr'><strong>operam,</strong></span> <span class='ocrx_word' id='word_1_131' title='bbox 1330 941 1436 975; x_wconf 88' lang='lat' dir='ltr'><strong>quam</strong></span> <span class='ocrx_word' id='word_1_132' title='bbox 1461 940 1606 975; x_wconf 83' lang='lat' dir='ltr'>peregre</span> 
     </span>
     <span class='ocr_line' id='line_1_14' title="bbox 73 989 1606 1039; baseline -0.001 -12"><span class='ocrx_word' id='word_1_133' title='bbox 73 991 150 1028; x_wconf 87' lang='lat' dir='ltr'><strong>aliis</strong></span> <span class='ocrx_word' id='word_1_134' title='bbox 185 991 434 1039; x_wconf 85' lang='lat' dir='ltr'><strong>impendebam,</strong></span> <span class='ocrx_word' id='word_1_135' title='bbox 469 992 601 1039; x_wconf 82' lang='lat' dir='ltr'><strong>patriae</strong></span> <span class='ocrx_word' id='word_1_136' title='bbox 634 1004 730 1027; x_wconf 87' lang='grc'><strong>111030</strong></span> <span class='ocrx_word' id='word_1_137' title='bbox 756 991 821 1038; x_wconf 89' lang='lat' dir='ltr'><strong>(ita</strong></span> <span class='ocrx_word' id='word_1_138' title='bbox 844 990 1050 1038; x_wconf 86' lang='lat' dir='ltr'><strong>praesertim</strong></span> <span class='ocrx_word' id='word_1_139' title='bbox 1075 992 1239 1037; x_wconf 87' lang='lat' dir='ltr'><strong>vocatus)</strong></span> <span class='ocrx_word' id='word_1_140' title='bbox 1267 989 1502 1036; x_wconf 77' lang='lat' dir='ltr'><strong>denegandam</strong></span> <span class='ocrx_word' id='word_1_141' title='bbox 1530 1001 1606 1025; x_wconf 89' lang='lat' dir='ltr'><strong>esse</strong></span> 
     </span>
     <span class='ocr_line' id='line_1_15' title="bbox 75 1051 1606 1101; baseline -0.001 -13"><span class='ocrx_word' id='word_1_142' title='bbox 75 1053 323 1097; x_wconf 81' lang='lat' dir='ltr'><strong>existimarem,</strong></span> <span class='ocrx_word' id='word_1_143' title='bbox 342 1053 410 1101; x_wconf 89' lang='lat' dir='ltr'><strong>[ita</strong></span> <span class='ocrx_word' id='word_1_144' title='bbox 424 1053 558 1100; x_wconf 88' lang='lat' dir='ltr'><strong>tamen]</strong></span> <span class='ocrx_word' id='word_1_145' title='bbox 570 1055 598 1100; x_wconf 70' lang='lat'><strong>4)</strong></span> <span class='ocrx_word' id='word_1_146' title='bbox 615 1056 657 1088; x_wconf 91' lang='lat' dir='ltr'><strong>ut</strong></span> <span class='ocrx_word' id='word_1_147' title='bbox 671 1056 753 1089; x_wconf 86' lang='lat' dir='ltr'><strong>tuae</strong></span> <span class='ocrx_word' id='word_1_148' title='bbox 770 1053 912 1089; x_wconf 88' lang='lat' dir='ltr'><strong>interim</strong></span> <span class='ocrx_word' id='word_1_149' title='bbox 931 1052 1035 1089; x_wconf 80' lang='lat' dir='ltr'><strong>etiam</strong></span> <span class='ocrx_word' id='word_1_150' title='bbox 1055 1052 1255 1088; x_wconf 85' lang='lat' dir='ltr'><strong>Maiestatis</strong></span> <span class='ocrx_word' id='word_1_151' title='bbox 1266 1051 1451 1088; x_wconf 89' lang='lat' dir='ltr'><strong>consilium</strong></span> <span class='ocrx_word' id='word_1_152' title='bbox 1464 1051 1606 1088; x_wconf 87' lang='lat' dir='ltr'><strong>omnino</strong></span> 
     </span>
     <span class='ocr_line' id='line_1_16' title="bbox 76 1113 1605 1162; baseline -0.001 -12"><span class='ocrx_word' id='word_1_153' title='bbox 76 1127 251 1162; x_wconf 89' lang='lat' dir='ltr'><strong>sequerer.</strong></span> <span class='ocrx_word' id='word_1_154' title='bbox 302 1115 421 1151; x_wconf 80' lang='lat' dir='ltr'><strong>Statui</strong></span> <span class='ocrx_word' id='word_1_155' title='bbox 454 1115 563 1162; x_wconf 84' lang='lat' dir='ltr'><strong>igitur</strong></span> <span class='ocrx_word' id='word_1_156' title='bbox 598 1115 665 1150; x_wconf 90' lang='grc'><strong>11110</strong></span> <span class='ocrx_word' id='word_1_157' title='bbox 703 1114 816 1151; x_wconf 85' lang='grc'><strong>1011110</strong></span> <span class='ocrx_word' id='word_1_158' title='bbox 846 1120 889 1150; x_wconf 91' lang='lat' dir='ltr'><strong>ut</strong></span> <span class='ocrx_word' id='word_1_159' title='bbox 926 1114 1105 1151; x_wconf 88' lang='lat' dir='ltr'><strong>vocationi</strong></span> <span class='ocrx_word' id='word_1_160' title='bbox 1137 1126 1305 1162; x_wconf 86' lang='lat' dir='ltr'><strong>parerem,</strong></span> <span class='ocrx_word' id='word_1_161' title='bbox 1338 1113 1399 1150; x_wconf 89' lang='lat' dir='ltr'><strong>sed</strong></span> <span class='ocrx_word' id='word_1_162' title='bbox 1424 1126 1497 1149; x_wconf 88' lang='lat' dir='ltr'><strong>non</strong></span> <span class='ocrx_word' id='word_1_163' title='bbox 1522 1115 1605 1149; x_wconf 84' lang='lat' dir='ltr'><strong>ante</strong></span> 
     </span>
     <span class='ocr_line' id='line_1_17' title="bbox 73 1176 1606 1223; baseline -0.001 -10"><span class='ocrx_word' id='word_1_164' title='bbox 73 1183 296 1221; x_wconf 82' lang='lat' dir='ltr'><strong>autumnum,</strong></span> <span class='ocrx_word' id='word_1_165' title='bbox 315 1182 357 1213; x_wconf 87' lang='lat' dir='ltr'><strong>ut</strong></span> <span class='ocrx_word' id='word_1_166' title='bbox 375 1177 552 1212; x_wconf 86' lang='lat' dir='ltr'><strong>voluntati</strong></span> <span class='ocrx_word' id='word_1_167' title='bbox 566 1177 766 1212; x_wconf 80' lang='lat' dir='ltr'><strong>Maiestatis</strong></span> <span class='ocrx_word' id='word_1_168' title='bbox 784 1177 878 1212; x_wconf 87' lang='lat' dir='ltr'><strong>Tuae</strong></span> <span class='ocrx_word' id='word_1_169' title='bbox 897 1176 1144 1219; x_wconf 84' lang='lat' dir='ltr'><strong>satisfacerem,</strong></span> <span class='ocrx_word' id='word_1_170' title='bbox 1155 1176 1436 1223; x_wconf 85' lang='lat' dir='ltr'><strong>etiamsipatriae</strong></span> <span class='ocrx_word' id='word_1_171' title='bbox 1447 1176 1516 1211; x_wconf 83' lang='lat' dir='ltr'><strong>iam</strong></span> <span class='ocrx_word' id='word_1_172' title='bbox 1529 1177 1606 1211; x_wconf 78' lang='lat' dir='ltr'><strong>tum</strong></span> 
     </span>
     <span class='ocr_line' id='line_1_18' title="bbox 73 1237 1606 1286; baseline -0.001 -11"><span class='ocrx_word' id='word_1_173' title='bbox 73 1239 277 1275; x_wconf 85' lang='lat' dir='ltr'><strong>revisendae</strong></span> <span class='ocrx_word' id='word_1_174' title='bbox 303 1239 367 1274; x_wconf 89' lang='lat' dir='ltr'><strong>sub</strong></span> <span class='ocrx_word' id='word_1_175' title='bbox 393 1238 456 1274; x_wconf 87' lang='lat' dir='ltr'><strong>tali</strong></span> <span class='ocrx_word' id='word_1_176' title='bbox 482 1238 705 1286; x_wconf 89' lang='lat' dir='ltr'><strong>potissimum</strong></span> <span class='ocrx_word' id='word_1_177' title='bbox 731 1239 918 1275; x_wconf 89' lang='lat' dir='ltr'><strong>vocatione</strong></span> <span class='ocrx_word' id='word_1_178' title='bbox 944 1238 1140 1274; x_wconf 84' lang='lat' dir='ltr'><strong>incredibili</strong></span> <span class='ocrx_word' id='word_1_179' title='bbox 1165 1251 1247 1274; x_wconf 89' lang='lat' dir='ltr'><strong>sane</strong></span> <span class='ocrx_word' id='word_1_180' title='bbox 1265 1237 1436 1274; x_wconf 89' lang='lat' dir='ltr'><strong>desiderio</strong></span> <span class='ocrx_word' id='word_1_181' title='bbox 1455 1240 1606 1273; x_wconf 83' lang='lat' dir='ltr'><strong>tenerer.</strong></span> 
     </span>
     <span class='ocr_line' id='line_1_19' title="bbox 89 1299 1608 1347; baseline -0.001 -13"><span class='ocrx_word' id='word_1_182' title='bbox 89 1340 92 1343; x_wconf 18' lang='grc' dir='ltr'><strong>Δ</strong></span> <span class='ocrx_word' id='word_1_183' title='bbox 123 1299 259 1335; x_wconf 86' lang='lat' dir='ltr'><strong>Deinde</strong></span> <span class='ocrx_word' id='word_1_184' title='bbox 284 1299 371 1335; x_wconf 82' lang='grc'><strong>1111111</strong></span> <span class='ocrx_word' id='word_1_185' title='bbox 396 1299 614 1347; x_wconf 83' lang='lat' dir='ltr'><strong>praetermisi</strong></span> <span class='ocrx_word' id='word_1_186' title='bbox 639 1312 760 1335; x_wconf 89' lang='lat' dir='ltr'><strong>eorum</strong></span> <span class='ocrx_word' id='word_1_187' title='bbox 785 1320 832 1327; x_wconf 90' lang='lat'><strong>-—</strong></span> <span class='ocrx_word' id='word_1_188' title='bbox 858 1303 1032 1347; x_wconf 85' lang='lat' dir='ltr'><strong>quantum</strong></span> <span class='ocrx_word' id='word_1_189' title='bbox 1058 1299 1096 1335; x_wconf 90' lang='grc'><strong>111</strong></span> <span class='ocrx_word' id='word_1_190' title='bbox 1120 1311 1175 1335; x_wconf 88' lang='grc'><strong>1110</strong></span> <span class='ocrx_word' id='word_1_191' title='bbox 1194 1299 1335 1346; x_wconf 88' lang='lat' dir='ltr'><strong>quidem</strong></span> <span class='ocrx_word' id='word_1_192' title='bbox 1353 1302 1428 1334; x_wconf 88' lang='lat' dir='ltr'><strong>erat</strong></span> <span class='ocrx_word' id='word_1_193' title='bbox 1444 1320 1492 1326; x_wconf 91' lang='lat'><strong>—-</strong></span> <span class='ocrx_word' id='word_1_194' title='bbox 1517 1310 1608 1345; x_wconf 90' lang='lat' dir='ltr'><strong>quae</strong></span> 
     </span>
     <span class='ocr_line' id='line_1_20' title="bbox 75 1358 1606 1409; baseline -0.001 -13"><span class='ocrx_word' id='word_1_195' title='bbox 75 1359 118 1396; x_wconf 86' lang='lat' dir='ltr'><strong>ad</strong></span> <span class='ocrx_word' id='word_1_196' title='bbox 134 1360 401 1409; x_wconf 80' lang='lat' dir='ltr'><strong>consopiendam</strong></span> <span class='ocrx_word' id='word_1_197' title='bbox 420 1360 462 1396; x_wconf 89' lang='lat' dir='ltr'><strong>de</strong></span> <span class='ocrx_word' id='word_1_198' title='bbox 480 1360 597 1396; x_wconf 86' lang='lat' dir='ltr'><strong>Coena</strong></span> <span class='ocrx_word' id='word_1_199' title='bbox 616 1360 758 1396; x_wconf 89' lang='lat' dir='ltr'><strong>Domini</strong></span> <span class='ocrx_word' id='word_1_200' title='bbox 776 1360 1052 1397; x_wconf 87' lang='lat' dir='ltr'><strong>controversiam</strong></span> <span class='ocrx_word' id='word_1_201' title='bbox 1070 1360 1247 1408; x_wconf 90' lang='lat' dir='ltr'><strong>pertinere</strong></span> <span class='ocrx_word' id='word_1_202' title='bbox 1263 1359 1338 1396; x_wconf 89' lang='lat' dir='ltr'><strong>ullo</strong></span> <span class='ocrx_word' id='word_1_203' title='bbox 1356 1359 1459 1395; x_wconf 90' lang='lat' dir='ltr'><strong>modo</strong></span> <span class='ocrx_word' id='word_1_204' title='bbox 1477 1358 1606 1395; x_wconf 89' lang='lat' dir='ltr'><strong>intelli-</strong></span> 
     </span>
     <span class='ocr_line' id='line_1_21' title="bbox 74 1420 1611 1470; baseline -0.002 -12"><span class='ocrx_word' id='word_1_205' title='bbox 74 1422 209 1469; x_wconf 84' lang='lat' dir='ltr'><strong>gebam.</strong></span> <span class='ocrx_word' id='word_1_206' title='bbox 259 1422 327 1469; x_wconf 76' lang='lat' dir='ltr'><strong>Egi</strong></span> <span class='ocrx_word' id='word_1_207' title='bbox 352 1435 432 1459; x_wconf 89' lang='grc'><strong>011111</strong></span> <span class='ocrx_word' id='word_1_208' title='bbox 458 1422 683 1470; x_wconf 85' lang='lat' dir='ltr'><strong>Principibus</strong></span> <span class='ocrx_word' id='word_1_209' title='bbox 712 1435 781 1458; x_wconf 89' lang='lat' dir='ltr'><strong>non</strong></span> <span class='ocrx_word' id='word_1_210' title='bbox 809 1422 931 1469; x_wconf 91' lang='lat' dir='ltr'><strong>paucis</strong></span> <span class='ocrx_word' id='word_1_211' title='bbox 950 1423 979 1469; x_wconf 81' lang='lat'><strong>5)</strong></span> <span class='ocrx_word' id='word_1_212' title='bbox 1006 1434 1121 1468; x_wconf 88' lang='lat' dir='ltr'><strong>neque</strong></span> <span class='ocrx_word' id='word_1_213' title='bbox 1145 1421 1342 1469; x_wconf 82' lang='lat' dir='ltr'><strong>postremis,</strong></span> <span class='ocrx_word' id='word_1_214' title='bbox 1370 1421 1542 1467; x_wconf 85' lang='lat' dir='ltr'><strong>susceptis</strong></span> <span class='ocrx_word' id='word_1_215' title='bbox 1568 1420 1611 1456; x_wconf 90' lang='lat' dir='ltr'><strong>ad</strong></span> 
     </span>
     <span class='ocr_line' id='line_1_22' title="bbox 76 1482 1610 1531; baseline -0.001 -12"><span class='ocrx_word' id='word_1_216' title='bbox 76 1483 156 1520; x_wconf 89' lang='lat' dir='ltr'><strong>illos</strong></span> <span class='ocrx_word' id='word_1_217' title='bbox 191 1484 391 1527; x_wconf 87' lang='lat' dir='ltr'><strong>itineribus,</strong></span> <span class='ocrx_word' id='word_1_218' title='bbox 434 1496 505 1519; x_wconf 87' lang='lat' dir='ltr'><strong>non</strong></span> <span class='ocrx_word' id='word_1_219' title='bbox 536 1484 611 1519; x_wconf 91' lang='lat' dir='ltr'><strong>sine</strong></span> <span class='ocrx_word' id='word_1_220' title='bbox 644 1483 859 1519; x_wconf 87' lang='lat' dir='ltr'><strong>valetudinis</strong></span> <span class='ocrx_word' id='word_1_221' title='bbox 893 1484 998 1521; x_wconf 88' lang='lat' dir='ltr'><strong>etiam</strong></span> <span class='ocrx_word' id='word_1_222' title='bbox 1036 1496 1133 1519; x_wconf 89' lang='lat' dir='ltr'><strong>meae</strong></span> <span class='ocrx_word' id='word_1_223' title='bbox 1167 1482 1335 1531; x_wconf 88' lang='lat' dir='ltr'><strong>periculo,</strong></span> <span class='ocrx_word' id='word_1_224' title='bbox 1367 1495 1412 1519; x_wconf 89' lang='lat' dir='ltr'><strong>ne</strong></span> <span class='ocrx_word' id='word_1_225' title='bbox 1445 1482 1530 1529; x_wconf 88' lang='lat' dir='ltr'><strong>quid</strong></span> <span class='ocrx_word' id='word_1_226' title='bbox 1568 1482 1610 1518; x_wconf 91' lang='lat' dir='ltr'><strong>de</strong></span> 
     </span>
     <span class='ocr_line' id='line_1_23' title="bbox 75 1543 1610 1593; baseline -0.003 -11"><span class='ocrx_word' id='word_1_227' title='bbox 75 1546 274 1593; x_wconf 88' lang='lat' dir='ltr'><strong>sumptibus</strong></span> <span class='ocrx_word' id='word_1_228' title='bbox 300 1546 421 1582; x_wconf 84' lang='lat' dir='ltr'><strong>dicam.</strong></span> <span class='ocrx_word' id='word_1_229' title='bbox 448 1545 599 1582; x_wconf 88' lang='lat' dir='ltr'><strong>Tentavi</strong></span> <span class='ocrx_word' id='word_1_230' title='bbox 624 1558 709 1581; x_wconf 88' lang='lat' dir='ltr'><strong>num</strong></span> <span class='ocrx_word' id='word_1_231' title='bbox 734 1544 825 1581; x_wconf 84' lang='lat' dir='ltr'><strong>ratio</strong></span> <span class='ocrx_word' id='word_1_232' title='bbox 851 1544 925 1580; x_wconf 88' lang='lat' dir='ltr'><strong>ulla</strong></span> <span class='ocrx_word' id='word_1_233' title='bbox 950 1545 1103 1581; x_wconf 88' lang='lat' dir='ltr'><strong>inveniri</strong></span> <span class='ocrx_word' id='word_1_234' title='bbox 1127 1547 1247 1592; x_wconf 89' lang='lat' dir='ltr'><strong>posset</strong></span> <span class='ocrx_word' id='word_1_235' title='bbox 1272 1543 1486 1579; x_wconf 87' lang='lat' dir='ltr'><strong>instituendi</strong></span> <span class='ocrx_word' id='word_1_236' title='bbox 1504 1554 1610 1590; x_wconf 91' lang='lat' dir='ltr'><strong>super</strong></span> 
     </span>
     <span class='ocr_line' id='line_1_24' title="bbox 75 1606 1609 1654; baseline -0.003 -10"><span class='ocrx_word' id='word_1_237' title='bbox 75 1620 114 1644; x_wconf 86' lang='lat' dir='ltr'><strong>ea</strong></span> <span class='ocrx_word' id='word_1_238' title='bbox 147 1620 185 1643; x_wconf 93' lang='lat' dir='ltr'><strong>re</strong></span> <span class='ocrx_word' id='word_1_239' title='bbox 217 1607 366 1643; x_wconf 79' lang='lat' dir='ltr'><strong>alicuius</strong></span> <span class='ocrx_word' id='word_1_240' title='bbox 391 1606 618 1653; x_wconf 87' lang='lat' dir='ltr'><strong>colloquium,</strong></span> <span class='ocrx_word' id='word_1_241' title='bbox 645 1606 688 1642; x_wconf 91' lang='lat' dir='ltr'><strong>ad</strong></span> <span class='ocrx_word' id='word_1_242' title='bbox 715 1606 811 1654; x_wconf 91' lang='lat' dir='ltr'><strong>quod</strong></span> <span class='ocrx_word' id='word_1_243' title='bbox 838 1606 1045 1642; x_wconf 86' lang='lat' dir='ltr'><strong>Doctissimi</strong></span> <span class='ocrx_word' id='word_1_244' title='bbox 1070 1606 1204 1653; x_wconf 89' lang='lat' dir='ltr'><strong>quique</strong></span> <span class='ocrx_word' id='word_1_245' title='bbox 1230 1608 1260 1652; x_wconf 80' lang='grc'><strong>6)</strong></span> <span class='ocrx_word' id='word_1_246' title='bbox 1287 1618 1306 1641; x_wconf 87' lang='grc'><strong>3</strong></span> <span class='ocrx_word' id='word_1_247' title='bbox 1332 1608 1431 1652; x_wconf 81' lang='lat' dir='ltr'><strong>parte</strong></span> <span class='ocrx_word' id='word_1_248' title='bbox 1456 1607 1609 1651; x_wconf 87' lang='lat' dir='ltr'><strong>utraque</strong></span> 
     </span>
     <span class='ocr_line' id='line_1_25' title="bbox 73 1667 1609 1716; baseline -0.002 -11"><span class='ocrx_word' id='word_1_249' title='bbox 73 1672 298 1713; x_wconf 87' lang='lat' dir='ltr'><strong>vocarentur,</strong></span> <span class='ocrx_word' id='word_1_250' title='bbox 324 1669 424 1705; x_wconf 91' lang='lat' dir='ltr'><strong>cuius</strong></span> <span class='ocrx_word' id='word_1_251' title='bbox 450 1668 611 1716; x_wconf 85' lang='lat' dir='ltr'><strong>equidem</strong></span> <span class='ocrx_word' id='word_1_252' title='bbox 637 1669 688 1704; x_wconf 85' lang='lat' dir='ltr'><strong>rei</strong></span> <span class='ocrx_word' id='word_1_253' title='bbox 713 1668 798 1704; x_wconf 88' lang='lat' dir='ltr'><strong>mihi</strong></span> <span class='ocrx_word' id='word_1_254' title='bbox 823 1670 935 1704; x_wconf 89' lang='lat' dir='ltr'><strong>testes</strong></span> <span class='ocrx_word' id='word_1_255' title='bbox 962 1674 1067 1704; x_wconf 88' lang='lat' dir='ltr'><strong>erunt</strong></span> <span class='ocrx_word' id='word_1_256' title='bbox 1093 1668 1276 1716; x_wconf 88' lang='lat' dir='ltr'><strong>Principes</strong></span> <span class='ocrx_word' id='word_1_257' title='bbox 1302 1667 1354 1702; x_wconf 89' lang='lat' dir='ltr'><strong>illi</strong></span> <span class='ocrx_word' id='word_1_258' title='bbox 1379 1667 1457 1714; x_wconf 88' lang='lat' dir='ltr'><strong>ipsi,</strong></span> <span class='ocrx_word' id='word_1_259' title='bbox 1479 1667 1609 1714; x_wconf 89' lang='lat' dir='ltr'><strong>quibus</strong></span> 
     </span>
     <span class='ocr_line' id='line_1_26' title="bbox 73 1729 1607 1778; baseline -0.002 -11"><span class='ocrx_word' id='word_1_260' title='bbox 73 1731 183 1775; x_wconf 89' lang='lat' dir='ltr'><strong>adfui,</strong></span> <span class='ocrx_word' id='word_1_261' title='bbox 209 1731 238 1767; x_wconf 92' lang='lat' dir='ltr'><strong>si</strong></span> <span class='ocrx_word' id='word_1_262' title='bbox 263 1731 314 1767; x_wconf 88' lang='lat' dir='ltr'><strong>ita</strong></span> <span class='ocrx_word' id='word_1_263' title='bbox 339 1743 393 1767; x_wconf 88' lang='lat' dir='ltr'><strong>res</strong></span> <span class='ocrx_word' id='word_1_264' title='bbox 418 1730 587 1778; x_wconf 87' lang='lat' dir='ltr'><strong>postulet.</strong></span> <span class='ocrx_word' id='word_1_265' title='bbox 613 1730 661 1766; x_wconf 88' lang='lat' dir='ltr'><strong>Et</strong></span> <span class='ocrx_word' id='word_1_266' title='bbox 687 1742 765 1765; x_wconf 89' lang='lat' dir='ltr'><strong>cum</strong></span> <span class='ocrx_word' id='word_1_267' title='bbox 792 1732 951 1777; x_wconf 88' lang='lat' dir='ltr'><strong>tempora</strong></span> <span class='ocrx_word' id='word_1_268' title='bbox 975 1729 1088 1766; x_wconf 88' lang='lat' dir='ltr'><strong>adhuc</strong></span> <span class='ocrx_word' id='word_1_269' title='bbox 1114 1729 1156 1765; x_wconf 87' lang='lat' dir='ltr'><strong>ad</strong></span> <span class='ocrx_word' id='word_1_270' title='bbox 1183 1742 1258 1765; x_wconf 84' lang='lat' dir='ltr'><strong>eam</strong></span> <span class='ocrx_word' id='word_1_271' title='bbox 1283 1741 1355 1764; x_wconf 88' lang='lat' dir='ltr'><strong>rem</strong></span> <span class='ocrx_word' id='word_1_272' title='bbox 1374 1741 1497 1776; x_wconf 89' lang='lat' dir='ltr'><strong>parum</strong></span> <span class='ocrx_word' id='word_1_273' title='bbox 1515 1741 1607 1765; x_wconf 89' lang='lat' dir='ltr'><strong>com·</strong></span> 
     </span>
     <span class='ocr_line' id='line_1_27' title="bbox 75 1791 1610 1838; baseline -0.001 -9"><span class='ocrx_word' id='word_1_274' title='bbox 75 1792 176 1829; x_wconf 90' lang='lat' dir='ltr'><strong>moda</strong></span> <span class='ocrx_word' id='word_1_275' title='bbox 201 1805 275 1829; x_wconf 90' lang='lat' dir='ltr'><strong>esse</strong></span> <span class='ocrx_word' id='word_1_276' title='bbox 300 1792 421 1828; x_wconf 87' lang='lat' dir='ltr'><strong>multis</strong></span> <span class='ocrx_word' id='word_1_277' title='bbox 447 1791 651 1827; x_wconf 82' lang='lat' dir='ltr'><strong>viderentur</strong></span> <span class='ocrx_word' id='word_1_278' title='bbox 679 1804 805 1838; x_wconf 88' lang='lat' dir='ltr'><strong>resque</strong></span> <span class='ocrx_word' id='word_1_279' title='bbox 830 1791 868 1827; x_wconf 90' lang='lat' dir='ltr'><strong>in</strong></span> <span class='ocrx_word' id='word_1_280' title='bbox 893 1791 1038 1838; x_wconf 81' lang='lat' dir='ltr'><strong>longum</strong></span> <span class='ocrx_word' id='word_1_281' title='bbox 1066 1791 1277 1835; x_wconf 88' lang='lat' dir='ltr'><strong>traheretur,</strong></span> <span class='ocrx_word' id='word_1_282' title='bbox 1305 1791 1426 1838; x_wconf 86' lang='lat' dir='ltr'><strong>scripsi</strong></span> <span class='ocrx_word' id='word_1_283' title='bbox 1454 1803 1518 1838; x_wconf 84' lang='lat' dir='ltr'><strong>ego</strong></span> <span class='ocrx_word' id='word_1_284' title='bbox 1535 1791 1610 1838; x_wconf 87' lang='lat' dir='ltr'><strong>ipse</strong></span> 
     </span>
     <span class='ocr_line' id='line_1_28' title="bbox 73 1851 1610 1902; baseline -0.003 -11"><span class='ocrx_word' id='word_1_285' title='bbox 73 1854 326 1902; x_wconf 82' lang='lat' dir='ltr'><strong>apologeticam</strong></span> <span class='ocrx_word' id='word_1_286' title='bbox 367 1853 546 1890; x_wconf 87' lang='lat' dir='ltr'><strong>doctrinae</strong></span> <span class='ocrx_word' id='word_1_287' title='bbox 586 1856 728 1889; x_wconf 83' lang='lat' dir='ltr'><strong>nostrae</strong></span> <span class='ocrx_word' id='word_1_288' title='bbox 771 1852 1038 1896; x_wconf 86' lang='lat' dir='ltr'><strong>confessionem,</strong></span> <span class='ocrx_word' id='word_1_289' title='bbox 1082 1855 1217 1899; x_wconf 84' lang='lat' dir='ltr'><strong>quanto</strong></span> <span class='ocrx_word' id='word_1_290' title='bbox 1256 1852 1359 1899; x_wconf 81' lang='lat' dir='ltr'><strong>potui</strong></span> <span class='ocrx_word' id='word_1_291' title='bbox 1392 1851 1610 1899; x_wconf 89' lang='lat' dir='ltr'><strong>compendio,</strong></span> 
     </span>
     <span class='ocr_line' id='line_1_29' title="bbox 74 1912 1608 1963; baseline -0.004 -10"><span class='ocrx_word' id='word_1_292' title='bbox 74 1917 240 1953; x_wconf 85' lang='lat' dir='ltr'><strong>adversus</strong></span> <span class='ocrx_word' id='word_1_293' title='bbox 266 1929 385 1953; x_wconf 85' lang='lat' dir='ltr'><strong>omnes</strong></span> <span class='ocrx_word' id='word_1_294' title='bbox 408 1916 474 1963; x_wconf 64' lang='lat' dir='ltr'><strong>&#39;qui</strong></span> <span class='ocrx_word' id='word_1_295' title='bbox 499 1928 562 1951; x_wconf 91' lang='lat' dir='ltr'><strong>nos</strong></span> <span class='ocrx_word' id='word_1_296' title='bbox 588 1915 630 1951; x_wconf 87' lang='lat' dir='ltr'><strong>ab</strong></span> <span class='ocrx_word' id='word_1_297' title='bbox 655 1916 867 1962; x_wconf 86' lang='lat' dir='ltr'><strong>Augustana</strong></span> <span class='ocrx_word' id='word_1_298' title='bbox 894 1914 1123 1951; x_wconf 80' lang='lat' dir='ltr'><strong>Confessione</strong></span> <span class='ocrx_word' id='word_1_299' title='bbox 1148 1916 1287 1962; x_wconf 78' lang='lat' dir='ltr'><strong>praeter</strong></span> <span class='ocrx_word' id='word_1_300' title='bbox 1311 1916 1473 1950; x_wconf 78' lang='lat' dir='ltr'><strong>nostrum</strong></span> <span class='ocrx_word' id='word_1_301' title='bbox 1507 1912 1608 1948; x_wconf 88' lang='lat' dir='ltr'><strong>meri-</strong></span> 
     </span>
     <span class='ocr_line' id='line_1_30' title="bbox 75 1974 1609 2024; baseline -0.003 -10"><span class='ocrx_word' id='word_1_302' title='bbox 75 1981 153 2014; x_wconf 90' lang='lat' dir='ltr'><strong>tum</strong></span> <span class='ocrx_word' id='word_1_303' title='bbox 178 1978 365 2015; x_wconf 87' lang='lat' dir='ltr'><strong>dissentire</strong></span> <span class='ocrx_word' id='word_1_304' title='bbox 390 1978 560 2021; x_wconf 87' lang='lat' dir='ltr'><strong>clamant;</strong></span> <span class='ocrx_word' id='word_1_305' title='bbox 598 1990 742 2024; x_wconf 87' lang='lat' dir='ltr'><strong>eamque</strong></span> <span class='ocrx_word' id='word_1_306' title='bbox 768 1990 788 2013; x_wconf 90' lang='lat' dir='ltr'><strong>a</strong></span> <span class='ocrx_word' id='word_1_307' title='bbox 814 1977 963 2013; x_wconf 90' lang='lat' dir='ltr'><strong>Calvino</strong></span> <span class='ocrx_word' id='word_1_308' title='bbox 988 1977 1140 2024; x_wconf 88' lang='lat' dir='ltr'><strong>primum</strong></span> <span class='ocrx_word' id='word_1_309' title='bbox 1167 1979 1203 2012; x_wconf 91' lang='lat' dir='ltr'><strong>et</strong></span> <span class='ocrx_word' id='word_1_310' title='bbox 1229 1975 1301 2012; x_wconf 84' lang='lat' dir='ltr'><strong>suis</strong></span> <span class='ocrx_word' id='word_1_311' title='bbox 1326 1996 1374 2003; x_wconf 90' lang='lat'><strong>—-</strong></span> <span class='ocrx_word' id='word_1_312' title='bbox 1399 1975 1492 2011; x_wconf 86' lang='lat' dir='ltr'><strong>forte</strong></span> <span class='ocrx_word' id='word_1_313' title='bbox 1518 1974 1609 2010; x_wconf 90' lang='lat' dir='ltr'><strong>enim</strong></span> 
     </span>
     <span class='ocr_line' id='line_1_31' title="bbox 75 2037 1609 2084; baseline -0.003 -8"><span class='ocrx_word' id='word_1_314' title='bbox 75 2043 161 2076; x_wconf 87' lang='lat' dir='ltr'><strong>tunc</strong></span> <span class='ocrx_word' id='word_1_315' title='bbox 179 2040 222 2076; x_wconf 89' lang='lat' dir='ltr'><strong>ad</strong></span> <span class='ocrx_word' id='word_1_316' title='bbox 240 2053 304 2077; x_wconf 93' lang='lat' dir='ltr'><strong>nos</strong></span> <span class='ocrx_word' id='word_1_317' title='bbox 321 2040 594 2076; x_wconf 79' lang='lat' dir='ltr'><strong>Francofurtum</strong></span> <span class='ocrx_word' id='word_1_318' title='bbox 612 2042 758 2076; x_wconf 81' lang='lat' dir='ltr'><strong>venerat</strong></span> <span class='ocrx_word' id='word_1_319' title='bbox 774 2060 821 2067; x_wconf 92' lang='lat'><strong>—-</strong></span> <span class='ocrx_word' id='word_1_320' title='bbox 835 2039 959 2075; x_wconf 90' lang='lat' dir='ltr'><strong>deinde</strong></span> <span class='ocrx_word' id='word_1_321' title='bbox 976 2039 1018 2075; x_wconf 90' lang='lat' dir='ltr'><strong>ab</strong></span> <span class='ocrx_word' id='word_1_322' title='bbox 1037 2038 1197 2075; x_wconf 90' lang='lat' dir='ltr'><strong>omnibus</strong></span> <span class='ocrx_word' id='word_1_323' title='bbox 1215 2037 1440 2074; x_wconf 83' lang='lat' dir='ltr'><strong>Francofurti</strong></span> <span class='ocrx_word' id='word_1_324' title='bbox 1457 2037 1609 2084; x_wconf 84' lang='lat' dir='ltr'><strong>peregri-</strong></span> 
     </span>
     <span class='ocr_line' id='line_1_32' title="bbox 74 2098 1611 2148; baseline -0.001 -12"><span class='ocrx_word' id='word_1_325' title='bbox 74 2112 202 2136; x_wconf 87' lang='lat' dir='ltr'><strong>norum</strong></span> <span class='ocrx_word' id='word_1_326' title='bbox 226 2100 404 2144; x_wconf 86' lang='lat' dir='ltr'><strong>Ecclesiis,</strong></span> <span class='ocrx_word' id='word_1_327' title='bbox 430 2112 582 2147; x_wconf 83' lang='lat' dir='ltr'><strong>moxque</strong></span> <span class='ocrx_word' id='word_1_328' title='bbox 608 2100 692 2136; x_wconf 89' lang='lat' dir='ltr'><strong>item</strong></span> <span class='ocrx_word' id='word_1_329' title='bbox 718 2113 738 2136; x_wconf 91' lang='lat' dir='ltr'><strong>a</strong></span> <span class='ocrx_word' id='word_1_330' title='bbox 756 2100 952 2148; x_wconf 84' lang='lat' dir='ltr'><strong>praecipuis</strong></span> <span class='ocrx_word' id='word_1_331' title='bbox 970 2099 1006 2135; x_wconf 89' lang='lat' dir='ltr'><strong>in</strong></span> <span class='ocrx_word' id='word_1_332' title='bbox 1024 2099 1152 2135; x_wconf 87' lang='lat' dir='ltr'><strong>Hassia</strong></span> <span class='ocrx_word' id='word_1_333' title='bbox 1169 2098 1404 2135; x_wconf 76' lang='lat' dir='ltr'><strong>Ecclesiarum</strong></span> <span class='ocrx_word' id='word_1_334' title='bbox 1422 2099 1611 2142; x_wconf 87' lang='lat' dir='ltr'><strong>Ministris,</strong></span> 
     </span>
     <span class='ocr_line' id='line_1_33' title="bbox 75 2160 1611 2209; baseline -0.001 -11"><span class='ocrx_word' id='word_1_335' title='bbox 75 2164 253 2209; x_wconf 89' lang='lat' dir='ltr'><strong>postremo</strong></span> <span class='ocrx_word' id='word_1_336' title='bbox 278 2164 396 2197; x_wconf 90' lang='lat' dir='ltr'><strong>autem</strong></span> <span class='ocrx_word' id='word_1_337' title='bbox 423 2161 684 2208; x_wconf 85' lang='lat' dir='ltr'><strong>Witembergae</strong></span> <span class='ocrx_word' id='word_1_338' title='bbox 709 2173 729 2196; x_wconf 87' lang='lat' dir='ltr'><strong>a</strong></span> <span class='ocrx_word' id='word_1_339' title='bbox 755 2161 908 2197; x_wconf 88' lang='lat' dir='ltr'><strong>Domino</strong></span> <span class='ocrx_word' id='word_1_340' title='bbox 934 2160 1098 2208; x_wconf 83' lang='lat' dir='ltr'><strong>Philippo</strong></span> <span class='ocrx_word' id='word_1_341' title='bbox 1126 2161 1398 2197; x_wconf 86' lang='lat' dir='ltr'><strong>Melanchthone</strong></span> <span class='ocrx_word' id='word_1_342' title='bbox 1423 2160 1550 2196; x_wconf 86' lang='lat' dir='ltr'><strong>lectam</strong></span> <span class='ocrx_word' id='word_1_343' title='bbox 1576 2162 1611 2196; x_wconf 84' lang='lat' dir='ltr'><strong>et</strong></span> 
     </span>
     <span class='ocr_line' id='line_1_34' title="bbox 74 2220 1611 2270; baseline -0.001 -11"><span class='ocrx_word' id='word_1_344' title='bbox 74 2223 335 2259; x_wconf 88' lang='lat' dir='ltr'><strong>consentienter</strong></span> <span class='ocrx_word' id='word_1_345' title='bbox 368 2222 605 2270; x_wconf 88' lang='lat' dir='ltr'><strong>approbatam,</strong></span> <span class='ocrx_word' id='word_1_346' title='bbox 644 2221 810 2259; x_wconf 88' lang='lat' dir='ltr'><strong>edendam</strong></span> <span class='ocrx_word' id='word_1_347' title='bbox 845 2221 978 2270; x_wconf 88' lang='lat' dir='ltr'><strong>pridem</strong></span> <span class='ocrx_word' id='word_1_348' title='bbox 1004 2222 1137 2266; x_wconf 87' lang='lat' dir='ltr'><strong>curavi,</strong></span> <span class='ocrx_word' id='word_1_349' title='bbox 1171 2226 1207 2258; x_wconf 90' lang='lat' dir='ltr'><strong>et</strong></span> <span class='ocrx_word' id='word_1_350' title='bbox 1232 2222 1397 2269; x_wconf 88' lang='lat' dir='ltr'><strong>quoniam</strong></span> <span class='ocrx_word' id='word_1_351' title='bbox 1423 2221 1487 2257; x_wconf 92' lang='lat' dir='ltr'><strong>sub</strong></span> <span class='ocrx_word' id='word_1_352' title='bbox 1512 2220 1611 2269; x_wconf 88' lang='lat' dir='ltr'><strong>prelo</strong></span> 
     </span>
     <span class='ocr_line' id='line_1_35' title="bbox 73 2283 1612 2332; baseline -0.001 -12"><span class='ocrx_word' id='word_1_353' title='bbox 73 2284 185 2320; x_wconf 84' lang='lat' dir='ltr'><strong>adhuc</strong></span> <span class='ocrx_word' id='word_1_354' title='bbox 210 2285 340 2327; x_wconf 85' lang='lat' dir='ltr'><strong>haeret,</strong></span> <span class='ocrx_word' id='word_1_355' title='bbox 367 2284 566 2332; x_wconf 82' lang='lat' dir='ltr'><strong>exemplum</strong></span> <span class='ocrx_word' id='word_1_356' title='bbox 592 2283 687 2319; x_wconf 89' lang='grc'><strong>1111115</strong></span> <span class='ocrx_word' id='word_1_357' title='bbox 714 2296 817 2319; x_wconf 86' lang='grc'><strong>11131111</strong></span> <span class='ocrx_word' id='word_1_358' title='bbox 835 2283 1051 2332; x_wconf 86' lang='lat' dir='ltr'><strong>descriptum</strong></span> <span class='ocrx_word' id='word_1_359' title='bbox 1071 2285 1128 2331; x_wconf 87' lang='lat' dir='ltr'><strong>(ut</strong></span> <span class='ocrx_word' id='word_1_360' title='bbox 1146 2284 1265 2319; x_wconf 86' lang='lat' dir='ltr'><strong>haberi</strong></span> <span class='ocrx_word' id='word_1_361' title='bbox 1284 2296 1380 2320; x_wconf 89' lang='lat' dir='ltr'><strong>nunc</strong></span> <span class='ocrx_word' id='word_1_362' title='bbox 1398 2283 1450 2319; x_wconf 89' lang='lat' dir='ltr'><strong>ita</strong></span> <span class='ocrx_word' id='word_1_363' title='bbox 1466 2286 1612 2330; x_wconf 88' lang='lat' dir='ltr'><strong>repente</strong></span> 
     </span>
     <span class='ocr_line' id='line_1_36' title="bbox 73 2344 1612 2393; baseline 0 -12"><span class='ocrx_word' id='word_1_364' title='bbox 73 2345 209 2392; x_wconf 86' lang='lat' dir='ltr'><strong>potuit)</strong></span> <span class='ocrx_word' id='word_1_365' title='bbox 227 2346 258 2393; x_wconf 93' lang='lat'><strong>⁷)</strong></span> <span class='ocrx_word' id='word_1_366' title='bbox 285 2346 380 2382; x_wconf 88' lang='lat' dir='ltr'><strong>Tuae</strong></span> <span class='ocrx_word' id='word_1_367' title='bbox 405 2345 586 2381; x_wconf 89' lang='lat' dir='ltr'><strong>Maiestati</strong></span> <span class='ocrx_word' id='word_1_368' title='bbox 614 2345 749 2393; x_wconf 88' lang='lat' dir='ltr'><strong>[offero,</strong></span> <span class='ocrx_word' id='word_1_369' title='bbox 767 2347 810 2380; x_wconf 91' lang='lat' dir='ltr'><strong>ut</strong></span> <span class='ocrx_word' id='word_1_370' title='bbox 827 2345 939 2392; x_wconf 89' lang='lat' dir='ltr'><strong>palam</strong></span> <span class='ocrx_word' id='word_1_371' title='bbox 958 2346 1006 2381; x_wconf 90' lang='lat' dir='ltr'><strong>sit</strong></span> <span class='ocrx_word' id='word_1_372' title='bbox 1025 2358 1080 2381; x_wconf 91' lang='lat' dir='ltr'><strong>me</strong></span> <span class='ocrx_word' id='word_1_373' title='bbox 1096 2344 1235 2381; x_wconf 89' lang='lat' dir='ltr'><strong>nullum</strong></span> <span class='ocrx_word' id='word_1_374' title='bbox 1253 2345 1499 2381; x_wconf 85' lang='lat' dir='ltr'><strong>observantiae</strong></span> <span class='ocrx_word' id='word_1_375' title='bbox 1515 2357 1612 2381; x_wconf 87' lang='grc'><strong>111030</strong></span> 
     </span>
     <span class='ocr_line' id='line_1_37' title="bbox 75 2405 1613 2454; baseline 0 -12"><span class='ocrx_word' id='word_1_376' title='bbox 75 2407 172 2443; x_wconf 86' lang='lat' dir='ltr'><strong>Tuae</strong></span> <span class='ocrx_word' id='word_1_377' title='bbox 191 2406 370 2443; x_wconf 88' lang='lat' dir='ltr'><strong>Maiestati</strong></span> <span class='ocrx_word' id='word_1_378' title='bbox 381 2406 519 2442; x_wconf 84' lang='lat' dir='ltr'><strong>debitae</strong></span> <span class='ocrx_word' id='word_1_379' title='bbox 528 2405 706 2449; x_wconf 86' lang='lat' dir='ltr'><strong>indicium,</strong></span> <span class='ocrx_word' id='word_1_380' title='bbox 721 2407 912 2454; x_wconf 80' lang='lat' dir='ltr'><strong>quantum]</strong></span> <span class='ocrx_word' id='word_1_381' title='bbox 924 2408 954 2454; x_wconf 86' lang='lat' dir='ltr'><strong>S)</strong></span> <span class='ocrx_word' id='word_1_382' title='bbox 967 2407 1000 2442; x_wconf 89' lang='lat' dir='ltr'><strong>in</strong></span> <span class='ocrx_word' id='word_1_383' title='bbox 1014 2419 1069 2443; x_wconf 91' lang='lat' dir='ltr'><strong>me</strong></span> <span class='ocrx_word' id='word_1_384' title='bbox 1083 2406 1223 2454; x_wconf 88' lang='lat' dir='ltr'><strong>quidem</strong></span> <span class='ocrx_word' id='word_1_385' title='bbox 1232 2409 1318 2450; x_wconf 87' lang='lat' dir='ltr'><strong>erat,</strong></span> <span class='ocrx_word' id='word_1_386' title='bbox 1330 2406 1613 2454; x_wconf 88' lang='lat' dir='ltr'><strong>praetermittere</strong></span> 
     </span>
     <span class='ocr_line' id='line_1_38' title="bbox 74 2467 1610 2515; baseline 0 -11"><span class='ocrx_word' id='word_1_387' title='bbox 74 2467 241 2504; x_wconf 86' lang='lat' dir='ltr'><strong>voluisse.</strong></span> <span class='ocrx_word' id='word_1_388' title='bbox 290 2467 470 2503; x_wconf 88' lang='lat' dir='ltr'><strong>Confectis</strong></span> <span class='ocrx_word' id='word_1_389' title='bbox 495 2479 592 2511; x_wconf 90' lang='lat' dir='ltr'><strong>vero,</strong></span> <span class='ocrx_word' id='word_1_390' title='bbox 617 2470 659 2503; x_wconf 92' lang='lat' dir='ltr'><strong>ut</strong></span> <span class='ocrx_word' id='word_1_391' title='bbox 683 2467 759 2504; x_wconf 88' lang='lat' dir='ltr'><strong>fieri</strong></span> <span class='ocrx_word' id='word_1_392' title='bbox 783 2468 913 2515; x_wconf 88' lang='lat' dir='ltr'><strong>potuit,</strong></span> <span class='ocrx_word' id='word_1_393' title='bbox 939 2467 1043 2504; x_wconf 90' lang='lat' dir='ltr'><strong>rebus</strong></span> <span class='ocrx_word' id='word_1_394' title='bbox 1069 2468 1164 2505; x_wconf 88' lang='lat' dir='ltr'><strong>hisce</strong></span> <span class='ocrx_word' id='word_1_395' title='bbox 1189 2468 1363 2512; x_wconf 89' lang='lat' dir='ltr'><strong>omnibus,</strong></span> <span class='ocrx_word' id='word_1_396' title='bbox 1389 2481 1468 2505; x_wconf 90' lang='lat' dir='ltr'><strong>cum</strong></span> <span class='ocrx_word' id='word_1_397' title='bbox 1486 2480 1610 2504; x_wconf 86' lang='lat' dir='ltr'><strong>rursus</strong></span> 
     </span>
     <span class='ocr_line' id='line_1_39' title="bbox 75 2528 1609 2576; baseline 0.001 -12"><span class='ocrx_word' id='word_1_398' title='bbox 75 2529 176 2576; x_wconf 84' lang='lat' dir='ltr'><strong>regni</strong></span> <span class='ocrx_word' id='word_1_399' title='bbox 202 2529 355 2565; x_wconf 90' lang='lat' dir='ltr'><strong>Comitia</strong></span> <span class='ocrx_word' id='word_1_400' title='bbox 379 2529 415 2564; x_wconf 92' lang='lat' dir='ltr'><strong>in</strong></span> <span class='ocrx_word' id='word_1_401' title='bbox 442 2528 595 2565; x_wconf 90' lang='lat' dir='ltr'><strong>medium</strong></span> <span class='ocrx_word' id='word_1_402' title='bbox 621 2528 677 2565; x_wconf 86' lang='lat' dir='ltr'><strong>hic</strong></span> <span class='ocrx_word' id='word_1_403' title='bbox 702 2529 941 2576; x_wconf 85' lang='lat' dir='ltr'><strong>Septembrem</strong></span> <span class='ocrx_word' id='word_1_404' title='bbox 966 2530 1095 2566; x_wconf 86' lang='lat' dir='ltr'><strong>reiecta</strong></span> <span class='ocrx_word' id='word_1_405' title='bbox 1121 2542 1196 2566; x_wconf 88' lang='lat' dir='ltr'><strong>esse</strong></span> <span class='ocrx_word' id='word_1_406' title='bbox 1222 2529 1388 2573; x_wconf 86' lang='lat' dir='ltr'><strong>audirem,</strong></span> <span class='ocrx_word' id='word_1_407' title='bbox 1416 2529 1480 2566; x_wconf 91' lang='lat' dir='ltr'><strong>sub</strong></span> <span class='ocrx_word' id='word_1_408' title='bbox 1506 2530 1609 2566; x_wconf 87' lang='lat' dir='ltr'><strong>finem</strong></span> 
     </span>
     <span class='ocr_line' id='line_1_40' title="bbox 77 2589 1611 2638; baseline 0 -13"><span class='ocrx_word' id='word_1_409' title='bbox 77 2602 220 2638; x_wconf 88' lang='lat' dir='ltr'><strong>quoque</strong></span> <span class='ocrx_word' id='word_1_410' title='bbox 254 2589 418 2626; x_wconf 90' lang='lat' dir='ltr'><strong>Octobris</strong></span> <span class='ocrx_word' id='word_1_411' title='bbox 452 2602 516 2636; x_wconf 80' lang='lat' dir='ltr'><strong>ego</strong></span> <span class='ocrx_word' id='word_1_412' title='bbox 552 2589 620 2625; x_wconf 89' lang='lat' dir='ltr'><strong>iter</strong></span> <span class='ocrx_word' id='word_1_413' title='bbox 646 2589 714 2626; x_wconf 88' lang='lat' dir='ltr'><strong>huc</strong></span> <span class='ocrx_word' id='word_1_414' title='bbox 740 2602 854 2625; x_wconf 90' lang='lat' dir='ltr'><strong>meum</strong></span> <span class='ocrx_word' id='word_1_415' title='bbox 881 2589 1016 2632; x_wconf 86' lang='lat' dir='ltr'><strong>distuli,</strong></span> <span class='ocrx_word' id='word_1_416' title='bbox 1043 2602 1086 2625; x_wconf 90' lang='lat' dir='ltr'><strong>ne</strong></span> <span class='ocrx_word' id='word_1_417' title='bbox 1112 2589 1198 2636; x_wconf 88' lang='lat' dir='ltr'><strong>quid</strong></span> <span class='ocrx_word' id='word_1_418' title='bbox 1223 2596 1362 2636; x_wconf 87' lang='lat' dir='ltr'><strong>praeter</strong></span> <span class='ocrx_word' id='word_1_419' title='bbox 1391 2589 1611 2626; x_wconf 86' lang='lat' dir='ltr'><strong>voluntatem</strong></span> 
     </span>
     <span class='ocr_line' id='line_1_41' title="bbox 77 2650 1612 2699; baseline -0.001 -11"><span class='ocrx_word' id='word_1_420' title='bbox 77 2651 276 2688; x_wconf 88' lang='lat' dir='ltr'><strong>Maiestatis</strong></span> <span class='ocrx_word' id='word_1_421' title='bbox 309 2651 405 2687; x_wconf 89' lang='lat' dir='ltr'><strong>Tuae</strong></span> <span class='ocrx_word' id='word_1_422' title='bbox 438 2663 587 2698; x_wconf 83' lang='lat' dir='ltr'><strong>agerem,</strong></span> <span class='ocrx_word' id='word_1_423' title='bbox 621 2653 663 2686; x_wconf 90' lang='lat' dir='ltr'><strong>ut</strong></span> <span class='ocrx_word' id='word_1_424' title='bbox 696 2650 760 2687; x_wconf 91' lang='lat' dir='ltr'><strong>sub</strong></span> <span class='ocrx_word' id='word_1_425' title='bbox 794 2651 862 2687; x_wconf 87' lang='lat' dir='ltr'><strong>fine</strong></span> <span class='ocrx_word' id='word_1_426' title='bbox 887 2650 1098 2688; x_wconf 87' lang='lat' dir='ltr'><strong>Novembris</strong></span> <span class='ocrx_word' id='word_1_427' title='bbox 1124 2651 1191 2686; x_wconf 93' lang='lat' dir='ltr'><strong>huc</strong></span> <span class='ocrx_word' id='word_1_428' title='bbox 1217 2651 1337 2687; x_wconf 79' lang='lat' dir='ltr'><strong>venire</strong></span> <span class='ocrx_word' id='word_1_429' title='bbox 1362 2664 1510 2698; x_wconf 85' lang='lat' dir='ltr'><strong>possem,</strong></span> <span class='ocrx_word' id='word_1_430' title='bbox 1537 2664 1612 2699; x_wconf 88' lang='lat' dir='ltr'><strong>spe-</strong></span> 
     </span>
     <span class='ocr_line' id='line_1_42' title="bbox 77 2712 1612 2760; baseline 0.001 -12"><span class='ocrx_word' id='word_1_431' title='bbox 77 2712 267 2760; x_wconf 88' lang='lat' dir='ltr'><strong>rabamque</strong></span> <span class='ocrx_word' id='word_1_432' title='bbox 307 2713 442 2749; x_wconf 89' lang='lat' dir='ltr'><strong>interea</strong></span> <span class='ocrx_word' id='word_1_433' title='bbox 472 2715 536 2748; x_wconf 90' lang='lat' dir='ltr'><strong>aut</strong></span> <span class='ocrx_word' id='word_1_434' title='bbox 572 2713 724 2748; x_wconf 88' lang='lat' dir='ltr'><strong>Comitia</strong></span> <span class='ocrx_word' id='word_1_435' title='bbox 764 2712 840 2760; x_wconf 89' lang='lat' dir='ltr'><strong>ipsa</strong></span> <span class='ocrx_word' id='word_1_436' title='bbox 873 2716 937 2749; x_wconf 88' lang='lat' dir='ltr'><strong>aut</strong></span> <span class='ocrx_word' id='word_1_437' title='bbox 970 2715 1065 2748; x_wconf 90' lang='lat' dir='ltr'><strong>certe</strong></span> <span class='ocrx_word' id='word_1_438' title='bbox 1096 2712 1277 2759; x_wconf 85' lang='lat' dir='ltr'><strong>religionis</strong></span> <span class='ocrx_word' id='word_1_439' title='bbox 1302 2713 1550 2750; x_wconf 82' lang='lat' dir='ltr'><strong>tractationem</strong></span> <span class='ocrx_word' id='word_1_440' title='bbox 1575 2714 1612 2749; x_wconf 92' lang='lat' dir='ltr'><strong>in</strong></span> 
     </span>
     <span class='ocr_line' id='line_1_43' title="bbox 77 2772 444 2822; baseline 0.003 -14"><span class='ocrx_word' id='word_1_441' title='bbox 77 2772 147 2809; x_wconf 89' lang='lat' dir='ltr'><strong>illis</strong></span> <span class='ocrx_word' id='word_1_442' title='bbox 172 2773 307 2810; x_wconf 85' lang='lat' dir='ltr'><strong>absolvi</strong></span> <span class='ocrx_word' id='word_1_443' title='bbox 332 2786 444 2822; x_wconf 91' lang='lat' dir='ltr'><strong>posse.</strong></span> 
     </span>
    </p>

    <p class='ocr_par' dir='ltr' id='par_1_3' title="bbox 80 2835 1616 3008">
     <span class='ocr_line' id='line_1_44' title="bbox 129 2835 1613 2883; baseline 0.002 -12"><span class='ocrx_word' id='word_1_444' title='bbox 129 2835 186 2872; x_wconf 82' lang='lat' dir='ltr'><strong>Sic</strong></span> <span class='ocrx_word' id='word_1_445' title='bbox 211 2836 322 2883; x_wconf 87' lang='lat' dir='ltr'><strong>igitur</strong></span> <span class='ocrx_word' id='word_1_446' title='bbox 347 2836 415 2871; x_wconf 87' lang='grc'><strong>11110</strong></span> <span class='ocrx_word' id='word_1_447' title='bbox 440 2836 508 2871; x_wconf 87' lang='grc'><strong>13111</strong></span> <span class='ocrx_word' id='word_1_448' title='bbox 534 2835 627 2879; x_wconf 89' lang='lat' dir='ltr'><strong>veni,</strong></span> <span class='ocrx_word' id='word_1_449' title='bbox 652 2835 732 2872; x_wconf 83' lang='lat' dir='ltr'><strong>Rex</strong></span> <span class='ocrx_word' id='word_1_450' title='bbox 758 2835 1056 2873; x_wconf 86' lang='lat' dir='ltr'><strong>Clementissime!</strong></span> <span class='ocrx_word' id='word_1_451' title='bbox 1084 2838 1227 2872; x_wconf 89' lang='lat' dir='ltr'><strong>secutus</strong></span> <span class='ocrx_word' id='word_1_452' title='bbox 1252 2837 1472 2873; x_wconf 84' lang='lat' dir='ltr'><strong>vocationem</strong></span> <span class='ocrx_word' id='word_1_453' title='bbox 1491 2850 1613 2883; x_wconf 87' lang='lat' dir='ltr'><strong>meam,</strong></span> 
     </span>
     <span class='ocr_line' id='line_1_45' title="bbox 80 2896 1614 2945; baseline 0.003 -14"><span class='ocrx_word' id='word_1_454' title='bbox 80 2897 117 2932; x_wconf 88' lang='lat' dir='ltr'><strong>et</strong></span> <span class='ocrx_word' id='word_1_455' title='bbox 153 2896 352 2934; x_wconf 86' lang='lat' dir='ltr'><strong>Maiestatis</strong></span> <span class='ocrx_word' id='word_1_456' title='bbox 385 2900 468 2934; x_wconf 89' lang='lat' dir='ltr'><strong>tuae</strong></span> <span class='ocrx_word' id='word_1_457' title='bbox 499 2897 633 2945; x_wconf 87' lang='lat' dir='ltr'><strong>pietate</strong></span> <span class='ocrx_word' id='word_1_458' title='bbox 666 2910 706 2934; x_wconf 85' lang='lat' dir='ltr'><strong>ac</strong></span> <span class='ocrx_word' id='word_1_459' title='bbox 737 2897 934 2941; x_wconf 86' lang='lat' dir='ltr'><strong>elementia,</strong></span> <span class='ocrx_word' id='word_1_460' title='bbox 966 2897 1119 2945; x_wconf 89' lang='lat' dir='ltr'><strong>denique</strong></span> <span class='ocrx_word' id='word_1_461' title='bbox 1155 2900 1191 2934; x_wconf 90' lang='lat' dir='ltr'><strong>et</strong></span> <span class='ocrx_word' id='word_1_462' title='bbox 1224 2898 1371 2935; x_wconf 90' lang='lat' dir='ltr'><strong>consilio</strong></span> <span class='ocrx_word' id='word_1_463' title='bbox 1397 2902 1461 2936; x_wconf 93' lang='lat' dir='ltr'><strong>tuo</strong></span> <span class='ocrx_word' id='word_1_464' title='bbox 1489 2899 1614 2936; x_wconf 82' lang='lat' dir='ltr'><strong>fretus.</strong></span> 
     </span>
     <span class='ocr_line' id='line_1_46' title="bbox 83 2958 1616 3008; baseline 0.003 -14"><span class='ocrx_word' id='word_1_465' title='bbox 83 2958 213 3006; x_wconf 85' lang='lat' dir='ltr'><strong>Accepi</strong></span> <span class='ocrx_word' id='word_1_466' title='bbox 237 2962 356 2996; x_wconf 87' lang='lat' dir='ltr'><strong>autem</strong></span> <span class='ocrx_word' id='word_1_467' title='bbox 383 2960 418 2995; x_wconf 91' lang='lat' dir='ltr'><strong>in</strong></span> <span class='ocrx_word' id='word_1_468' title='bbox 444 2960 519 3008; x_wconf 90' lang='lat' dir='ltr'><strong>ipso</strong></span> <span class='ocrx_word' id='word_1_469' title='bbox 537 2972 619 2996; x_wconf 83' lang='lat' dir='ltr'><strong>mox</strong></span> <span class='ocrx_word' id='word_1_470' title='bbox 636 2959 792 2996; x_wconf 86' lang='lat' dir='ltr'><strong>adventu</strong></span> <span class='ocrx_word' id='word_1_471' title='bbox 810 2973 900 3005; x_wconf 88' lang='lat' dir='ltr'><strong>meo,</strong></span> <span class='ocrx_word' id='word_1_472' title='bbox 918 2972 977 2997; x_wconf 91' lang='lat' dir='ltr'><strong>eos</strong></span> <span class='ocrx_word' id='word_1_473' title='bbox 996 2960 1058 3008; x_wconf 89' lang='lat' dir='ltr'><strong>qui</strong></span> <span class='ocrx_word' id='word_1_474' title='bbox 1076 2973 1130 2997; x_wconf 91' lang='lat' dir='ltr'><strong>me</strong></span> <span class='ocrx_word' id='word_1_475' title='bbox 1148 2960 1215 2997; x_wconf 89' lang='grc'><strong>11110</strong></span> <span class='ocrx_word' id='word_1_476' title='bbox 1232 2965 1414 3005; x_wconf 79' lang='lat' dir='ltr'><strong>vocarant,</strong></span> <span class='ocrx_word' id='word_1_477' title='bbox 1430 2961 1466 2997; x_wconf 93' lang='lat' dir='ltr'><strong>in</strong></span> <span class='ocrx_word' id='word_1_478' title='bbox 1485 2962 1616 2998; x_wconf 91' lang='lat' dir='ltr'><strong>multas</strong></span> 
     </span>
    </p>
   </div>
   <div class='ocr_carea' id='block_1_3' title="bbox 1394 3022 1466 3062">
    <p class='ocr_par' dir='ltr' id='par_1_4' title="bbox 1394 3022 1466 3062">
     <span class='ocr_line' id='line_1_47' title="bbox 1394 3022 1466 3062; baseline 0 -4"><span class='ocrx_word' id='word_1_479' title='bbox 1394 3022 1466 3062; x_wconf 79' lang='lat'><strong>47*</strong></span> 
     </span>
    </p>
   </div>
  </div>
 </body>
</html>
