1830 3147
782 125 849 160 629
1304 122 1372 169 [A.
1398 121 1443 158 D.
1471 121 1584 164 1549]

45 234 160 271 nibus.
210 233 270 269 Ad
303 233 391 269 hane
430 232 644 269 formandam
678 231 851 280 designati
884 236 969 268 sunt
993 231 1096 268 aulici
1120 229 1272 279 quidam.
1320 229 1474 266 Tandem
1500 242 1583 266 vero

46 301 83 332 et
105 295 204 332 aulae
229 293 332 331 huius
357 293 467 330 totius
492 293 635 331 calculis
655 293 880 341 approbatur,
903 291 1066 330 adiuncta
1080 292 1185 329 etiam
1205 291 1368 339 principis
1382 292 1585 335 autoritate,

46 369 135 406 quae
157 356 304 405 putabat
328 355 504 392 ministros
529 368 664 403 quoque
690 355 797 398 verbi,
832 354 985 402 collegas
1010 366 1116 396 meOS‚
1141 366 1211 390 una
1235 365 1374 390 mecum
1397 352 1471 400 (ubi
1495 353 1585 390 redi-

48 421 136 464 rem)
187 417 287 453 facile
321 416 373 453 illi
409 415 664 464 subscripturos
699 428 787 452 esse.
852 416 1056 452 Constituta
1092 415 1199 462 igitur
1234 415 1303 451 iam
1339 413 1432 462 apud
1468 414 1584 451 aulam

46 479 220 526 Principis
244 490 335 514 nova
359 477 586 521 ordinatione,
623 482 791 514 vocantur
815 477 859 513 ad
883 477 1082 524 Principem
1107 476 1262 523 collegae
1286 476 1363 519 mei,
1384 476 1586 523 proponitur

46 541 115 578 illis
148 552 238 577 nova
270 540 456 582 ordinatio,
492 543 532 576 ut
563 551 637 575 eam
670 538 946 586 amplectantur,
982 540 1023 573 ut
1047 537 1282 585 tranquillitas
1306 537 1437 584 patriae
1460 537 1586 572 retine·

48 606 157 640 ret-ur.
207 602 278 646 Illi,
311 602 402 639 lecta
434 601 660 644 ordinatione,
693 612 832 648 negare,
867 598 960 648 quod
984 599 1020 636 id
1045 602 1125 635 tuta
1149 611 1208 635 sua
1234 598 1447 635 conscientia
1472 599 1585 634 facere

50 667 208 712 possent:
244 676 318 700 esse
351 664 443 700 enim
480 663 516 699 in
552 661 782 704 ordinatione,
824 673 911 708 quae
947 671 1026 697 cum
1064 659 1197 702 debito,
1235 659 1304 695 fide
1338 662 1442 707 atque
1473 658 1585 695 officio

50 724 232 761 ministerii
264 724 417 772 ipsorum
451 723 639 760 consistere
664 735 736 758 non
761 724 916 768 possent.
963 720 1020 757 Ibi
1044 732 1128 757 vero
1154 720 1308 768 collegae
1334 720 1400 756 mei
1424 732 1504 755 mox
1528 730 1585 755 ae-

48 786 172 828 cusari,
209 784 303 832 quod
338 785 479 820 nimium
517 784 702 829 praefracti
737 782 949 830 capitosique
986 784 1115 818 essent.
1151 781 1234 817 Non
1259 792 1335 817 esse
1358 792 1521 828 aequum,
1544 783 1586 816 ut

50 850 191 894 propter
214 858 272 882 eos
298 846 410 893 patria
430 845 467 882 in
492 844 683 892 perieulum
710 844 836 886 veniat,
869 846 905 879 et
930 843 1042 879 multa
1064 843 1100 879 id
1124 854 1247 890 genus.
1280 841 1339 878 Ad
1357 841 1441 878 haee
1465 844 1586 878 contra

51 907 205 955 collegae
239 907 324 943 mei:
359 919 397 942 se
429 906 559 948 dolere,
597 904 690 953 quod
721 905 805 941 haec
839 916 900 952 pro
924 904 1151 941 confessionis
1176 906 1212 939 et
1237 903 1417 940 ministerii
1440 903 1494 939 sui
1518 902 1587 939 fide

52 967 172 1002 audire
196 970 415 1014 cogerentur,
437 978 475 1002 se
501 970 617 1001 tamen
641 970 799 1012 oportere
825 963 933 1011 pluris
959 965 1071 1000 faeere
1095 963 1322 1000 confessionis
1344 968 1378 998 et
1405 962 1586 999 ministerii

50 1027 104 1063 sui
138 1027 242 1063 fidem
277 1038 318 1063 ae
350 1026 594 1067 constantiam,
627 1037 729 1073 quam
765 1023 964 1060 istiusmodi
996 1024 1152 1061 convicia
1184 1023 1265 1069 (sibi
1297 1023 1427 1072 alioqui
1450 1022 1582 1061 dudum

50 1100 130 1125 eum
162 1088 301 1125 Christo
334 1088 497 1130 Domino,
535 1087 718 1135 Prophetis
754 1090 857 1134 atque
894 1085 1073 1134 Apostolis
1111 1085 1269 1122 omnibus
1305 1085 1342 1121 in
1366 1085 1430 1122 hoc
1455 1084 1585 1121 mundo

47 1149 257 1192 eommunia)
292 1161 436 1196 quorum
471 1152 585 1184 tamen
615 1159 730 1184 eoram
764 1148 841 1183 Deo
874 1147 969 1183 nulla
1001 1159 1037 1183 se
1061 1146 1164 1194 culpa
1188 1146 1297 1183 teneri
1321 1146 1464 1183 scireut.
1515 1146 1586 1183 Hic

49 1209 186 1246 demum
211 1211 321 1246 nostri
346 1209 449 1246 aulici
474 1221 553 1245 eum
576 1210 660 1244 meis
685 1208 828 1256 collegis
853 1220 962 1244 novas
987 1219 1123 1244 rursum
1149 1207 1373 1244 ordinationis
1402 1219 1484 1244 suae
1512 1220 1584 1243 mo·

50 1271 245 1307 derationes
269 1282 432 1318 quaerere
455 1273 654 1317 coeperunt.
683 1269 743 1305 Ad
766 1269 880 1305 aulam
906 1280 987 1304 vero
1005 1269 1208 1305 Caesaream
1223 1281 1354 1305 novum
1370 1269 1467 1305 illum
1485 1280 1586 1304 suum

51 1333 182 1369 foetum
216 1334 344 1374 toturn,
379 1335 420 1368 ut
452 1342 512 1378 per
547 1331 627 1367 illos
661 1329 849 1366 fabricatus
887 1332 971 1371 erat,
1003 1341 1064 1376 per
1088 1329 1240 1376 legatum
1264 1341 1364 1366 suum
1389 1330 1586 1366 transmise-

51 1397 133 1429 runt
157 1393 200 1438 ²),
229 1396 367 1429 orantes
401 1395 441 1427 ut
472 1392 521 1429 sic
546 1392 581 1428 in
605 1392 718 1438 gratia
744 1391 903 1426 Caesaris
927 1391 1179 1426 retinerentur:
1205 1402 1242 1426 se
1267 1390 1357 1426 enim
1384 1390 1471 1426 hanc
1495 1390 1584 1427 ordi-

51 1454 239 1495 nationem,
274 1452 377 1489 modo
403 1452 540 1489 Caesari
565 1453 711 1499 placeat,
737 1451 846 1488 modis
872 1450 1033 1488 omnibus
1058 1451 1303 1487 observaturos
1319 1463 1404 1487 esse.
1433 1450 1586 1498 Collegis

55 1528 155 1563 porro
179 1516 316 1558 nostris,
345 1515 564 1551 dissimulata
588 1514 651 1550 hac
678 1513 739 1549 tali
764 1513 948 1560 legatione,
973 1513 1054 1548 talis
1078 1511 1335 1559 proponebatur
1358 1511 1585 1548 ordinationis

51 1577 250 1618 moderatio,
290 1580 332 1612 ut
363 1575 429 1623 ipsi
463 1575 507 1611 ab
543 1574 702 1611 omnibus
735 1574 830 1610 illius
863 1573 1025 1610 oneribus
1057 1572 1198 1620 reliquis
1231 1572 1329 1609 liberi
1362 1577 1488 1614 essent,
1521 1572 1583 1609 sed

54 1638 145 1675 linea
178 1637 362 1673 dumtaxat
396 1640 492 1672 veste
530 1635 656 1671 extime
689 1635 927 1682 (Papistarum
951 1634 1037 1678 ritu)
1064 1633 1099 1669 in
1123 1633 1263 1680 publico
1287 1633 1380 1670 verbi
1405 1638 1441 1669 et
1465 1635 1585 1670 Sacra-

53 1702 247 1736 mentorum
288 1697 478 1734 ministerio
522 1697 619 1733 iuxta
652 1696 904 1732 ordinationem
938 1696 1066 1731 factam
1100 1698 1295 1737 uterentur,
1335 1698 1371 1731 et
1406 1707 1511 1742 penes
1548 1708 1585 1731 se

52 1761 139 1797 citra
171 1758 468 1806 reprehensionem
501 1756 605 1793 ullam
630 1757 761 1792 ferrent
783 1755 890 1792 alium
914 1755 1109 1804 quempiam
1134 1755 1460 1798 Caeremoniastam,
1484 1768 1585 1803 quem

54 1820 212 1867 princeps
244 1819 453 1860 institueret,
487 1821 526 1854 ut
558 1818 594 1854 in
619 1817 748 1864 templo
773 1820 893 1852 nostro
917 1817 1016 1852 iuxta
1042 1816 1284 1863 praescriptam
1308 1817 1345 1852 in
1368 1815 1586 1853 ordinatione

52 1882 116 1918 liae
148 1892 241 1917 nova
274 1881 416 1916 sormam
440 1891 539 1916 saera
563 1891 625 1914 sua
650 1878 769 1919 saciat.
796 1881 835 1914 ut
858 1878 908 1913 ita
932 1877 1092 1914 videlicet
1116 1877 1257 1913 Caesari
1282 1878 1476 1914 satisfieret.
1525 1878 1582 1914 Ita

53 1943 214 1978 nimirum
238 1954 280 1977 ex
306 1953 375 1978 una
398 1940 506 1988 (quod
530 1939 673 1983 dicitur)
704 1937 818 1974 fidelia
843 1941 1015 1985 utrunque
1039 1937 1203 1985 parietem
1228 1938 1380 1974 oblinere
1397 1939 1508 1974 nostri
1527 1951 1584 1975 vo-

53 2003 180 2046 lebant,
205 2010 245 2039 ut
269 2015 381 2051 neque
406 2002 549 2049 collegis
575 2001 659 2037 meis
683 2000 863 2048 quicquam
888 1999 1105 2046 Papisticum
1123 2000 1291 2046 imperare
1307 2019 1348 2025 —
1368 2000 1476 2036 vestis
1494 2001 1584 2037 enim

53 2065 164 2101 lineae
201 2077 301 2100 usum
325 2063 550 2110 adiaphorum
576 2073 650 2098 esse
675 2061 815 2098 aiebant
840 2081 885 2088 —
910 2063 946 2096 et
970 2060 1108 2096 Caesari
1133 2059 1355 2096 nihilominus
1380 2061 1581 2096 satisfacere

54 2125 205 2161 voluisse
230 2125 266 2161 in
291 2123 457 2160 mutanda
482 2122 657 2170 religionis
681 2122 767 2158 facie
794 2120 901 2157 videri
924 2125 1080 2168 possent.
1101 2118 1109 2125 ⁴
1128 2120 1196 2156 Sed
1221 2131 1299 2156 eum
1324 2132 1367 2156 ne
1389 2120 1423 2156 id
1447 2120 1584 2168 quidem

52 2187 194 2233 collegis
233 2186 316 2221 meis
352 2184 556 2232 persuadere
592 2187 742 2229 possent,
774 2182 834 2230 qui
855 2193 966 2229 neque
990 2193 1088 2217 suam
1114 2192 1191 2216 cum
1217 2181 1486 2217 caeremoniasta
1512 2181 1583 2223 illo,

52 2249 112 2297 qui
145 2261 165 2284 a
199 2247 351 2295 principe
383 2245 552 2283 constitui
585 2244 737 2286 deberet,
772 2245 972 2280 societatem
994 2243 1028 2278 in
1054 2241 1181 2278 divinis
1206 2242 1345 2278 omnino
1369 2242 1484 2284 ullam,
1508 2244 1583 2279 sine

54 2312 236 2348 manifesta
259 2308 514 2357 superstitionis
538 2319 619 2343 suae
644 2305 917 2353 reprehensione,
950 2317 1061 2353 neque
1087 2305 1198 2351 ipsum
1221 2304 1330 2340 lineae
1357 2305 1463 2340 vestis
1480 2317 1579 2341 usum

54 2373 236 2409 manifesta
271 2370 448 2417 impietate
484 2381 606 2405 vacare
640 2367 814 2409 dicebant,
849 2366 1050 2414 praesertim
1082 2377 1162 2402 eum
1186 2365 1231 2401 ad
1254 2364 1404 2401 dandum
1429 2368 1583 2402 mutatae

53 2432 226 2479 religionis
251 2431 426 2479 specimen
449 2428 600 2477 aliquod,
624 2441 693 2464 non
719 2431 812 2464 reete
839 2426 999 2463 videlicet
1026 2438 1084 2473 per
1104 2437 1166 2461 nos
1185 2425 1350 2462 hacteuus
1369 2425 1584 2467 observatae,

55 2493 269 2542 potissimum
297 2494 487 2538 urgeretur.
524 2490 610 2524 Cum
636 2488 775 2535 inquam
801 2486 884 2523 haee
910 2485 1049 2533 collegis
1075 2486 1157 2522 meis
1184 2485 1389 2532 persuadere
1414 2498 1483 2522 non
1509 2499 1584 2532 pos-

57 2559 145 2598 sent,
177 2555 309 2591 animos
345 2553 470 2589 civium
506 2551 549 2586 ab
583 2550 632 2586 eis
657 2549 807 2586 alienare
832 2551 1026 2589 tentarunt,
1050 2547 1187 2594 illisque
1212 2547 1411 2583 convocatis
1435 2547 1586 2594 collegas

56 2629 149 2652 meos
181 2614 275 2662 apud
309 2626 366 2650 eos
390 2623 568 2649 accusare:
605 2609 757 2658 praetexi
781 2608 825 2646 ab
850 2608 917 2644 illis
942 2613 1069 2644 temere
1092 2607 1299 2643 offendicula
1325 2607 1472 2654 publica,
1495 2620 1583 2655 quae

56 2683 172 2713 tamen
209 2687 288 2712 vere
324 2672 500 2722 praetendi
532 2685 600 2708 nou
634 2674 784 2719 possent.
837 2670 998 2714 Proinde,
1034 2675 1074 2706 ut
1099 2670 1190 2706 cives
1216 2680 1292 2704 cum
1319 2668 1491 2709 ministris,
1516 2668 1584 2703 col-

56 2738 141 2785 legis
174 2737 268 2778 meis,
300 2737 451 2783 agerent,
484 2746 526 2769 ne
559 2738 698 2780 propter
721 2745 758 2768 se
783 2733 854 2769 ulla
879 2736 1074 2768 metuerent
1097 2729 1315 2771 offendicula,
1338 2742 1374 2765 se
1399 2729 1489 2765 enim
1515 2740 1583 2764 non

57 2798 183 2835 offendi
216 2796 410 2834 istiusmodi
444 2795 644 2831 mutatione.
694 2794 888 2842 Vocatique
920 2798 1003 2830 sunt
1039 2791 1082 2828 ad
1113 2793 1205 2829 cives
1231 2791 1379 2828 ministri
1411 2795 1447 2826 et
1468 2795 1584 2827 aetum

55 2864 110 2894 est
142 2857 234 2893 ultro
265 2858 422 2905 citroque
446 2856 488 2891 de
513 2854 740 2895 offendiculis.
765 2858 1022 2901 ostensumque,
1049 2865 1118 2889 non
1142 2865 1162 2888 a
1186 2851 1320 2888 civibus
1345 2854 1492 2888 tautum.
1520 2850 1580 2885 sed

56 2931 78 2955 a
103 2918 290 2966 peregrinis
315 2930 451 2966 quoque
474 2915 677 2954 declinanda
704 2928 778 2952 esse
802 2915 1021 2958 offendicula,
1044 2926 1155 2962 neque
1181 2926 1327 2962 aequum
1349 2925 1424 2949 esse
1450 2925 1519 2948 non
1534 2912 1585 2947 of-
