1830 3147
70 1904 160 1935 Ioan.
184 1904 234 1935 10.

68 1946 84 1977 1
109 1945 196 1977 Petr.
219 1946 249 1979 2,

71 2293 148 2325 Luc.
171 2293 222 2325 24.

73 2475 167 2506 Prov.
191 2475 220 2506 3.

340 116 411 151 338
844 119 957 148 coNr.
987 119 1095 148 Ech.
1124 118 1239 146 Lem).

341 237 450 263 voces
478 227 630 261 tuorum
658 222 930 274 Prophetarum
958 221 1118 259 libenter
1146 220 1391 272 amplectatur
1418 224 1454 257 et
1479 219 1518 256 in
1537 217 1748 256 obedientia

341 289 419 326 eius
466 287 752 337 Magistratibus
798 286 922 324 debita
967 285 1013 324 ad
1050 285 1156 335 regni
1194 285 1306 323 huius
1340 283 1637 322 incolumitatem
1674 282 1749 320 Ec-

344 353 550 403 clesiaeque
575 356 662 390 tuae
689 351 986 390 aedificationem
1015 350 1204 401 persistat.

397 433 414 449 u
425 415 485 453 Ad
515 415 616 459 haec,
644 420 684 452 ut
712 415 876 465 reliquos
904 417 1009 451 extra
1038 413 1110 450 hoc
1137 413 1310 462 Regnum
1338 412 1542 463 Principes,
1571 410 1751 449 Civitates

342 494 386 519 ac
425 480 681 530 Magistratus,
718 479 784 530 qui
820 478 974 516 verbum
1012 482 1120 515 tuum
1157 477 1320 526 diligunt
1352 490 1396 515 ac
1421 477 1659 528 profitentur,
1687 475 1751 513 de-

344 546 476 584 fendas
514 549 644 582 contra
688 557 817 582 omnes
852 544 992 588 hostes,
1026 547 1069 581 ut
1105 542 1228 594 quiete
1264 542 1438 580 subditos
1475 555 1564 580 suos
1599 542 1637 580 in
1667 554 1752 579 vera

344 610 450 649 verbi
476 610 534 647 tui
563 609 780 658 cognitione
807 608 1032 657 gubernent.

400 692 418 709 n
432 676 518 723 (46)
538 670 731 723 Rogamus
752 678 787 711 te
801 672 1234 716 etiam,Clementissime
1243 672 1370 710 Pater!
1390 684 1458 723 pro
1470 670 1755 710 conservatione

345 737 613 780 Ecclesiarum,
641 742 716 774 tam
745 736 867 785 Regni
897 736 1017 782 huius,
1045 748 1158 786 quam
1185 734 1343 772 aliarum
1371 734 1539 772 omnium
1564 739 1647 772 toto
1664 733 1755 770 orbe

345 803 612 854 dispersarum,
649 801 687 838 in
724 800 863 852 quibus
900 813 986 838 vera
1015 800 1104 837 Filii
1137 799 1193 837 tui
1229 799 1422 845 Doctrina,
1451 799 1497 836 ab
1527 797 1755 836 Antichristi

345 866 507 904 Romani
538 864 780 915 blasphemiis
807 868 1020 915 repurgata,
1045 863 1294 914 praedicatur.
1324 864 1460 901 Arceto
1489 862 1536 900 ab
1565 862 1618 899 eis
1639 862 1754 899 falsos

345 935 513 982 pastores
542 943 585 968 ac
612 929 875 973 mercenarios,
903 928 968 979 qui
996 928 1171 966 dilectam
1201 928 1345 965 vineam
1374 935 1476 965 tuam
1505 928 1756 978 depascuntur

346 1001 382 1033 et
412 996 649 1038 conculcant,
676 1008 718 1031 ac
746 993 937 1032 extrudito
965 994 1004 1031 in
1032 994 1135 1031 illam
1165 993 1315 1031 sedulos
1348 993 1536 1044 operarios
1555 992 1756 1043 fidelesque

346 1066 497 1098 tuorum
527 1060 791 1110 mysteriorum
820 1058 1110 1109 dispensatores,
1138 1058 1202 1109 qui
1230 1071 1307 1096 non
1335 1058 1532 1109 privatam,
1560 1058 1625 1096 sed
1652 1061 1754 1096 tuam

348 1126 459 1164 unice
487 1128 668 1175 quaerant
695 1124 867 1173 gloriam.

403 1207 420 1224 u
433 1190 481 1227 In
509 1189 639 1240 primis
662 1192 785 1226 autem
807 1189 934 1225 favore
952 1191 1019 1225 tuo
1039 1201 1262 1239 prosequere
1281 1192 1319 1226 et
1339 1200 1518 1226 conserva
1538 1188 1636 1226 hanc
1653 1192 1755 1226 tuam

348 1253 570 1298 Ecclesiam,
598 1252 747 1290 infinita
775 1251 1030 1289 misericordia
1058 1256 1093 1289 et
1121 1251 1288 1302 potentia
1315 1256 1380 1289 tua
1405 1251 1481 1289 iam
1499 1265 1628 1290 recens
1647 1252 1756 1302 plan-

348 1322 477 1361 tatam,
505 1330 573 1368 pro
601 1329 674 1367 quo
705 1315 884 1353 beneficio
911 1315 1052 1364 gratias
1079 1315 1151 1353 tibi
1178 1316 1362 1353 maximas
1391 1315 1582 1360 habemus,
1599 1322 1642 1353 ut
1661 1328 1755 1366 quo-

348 1382 441 1419 tidie
476 1381 516 1418 in
554 1381 657 1418 omni
692 1380 828 1431 pietate
864 1380 1049 1430 proficiat,
1076 1379 1123 1417 ad
1151 1379 1315 1417 nominis
1342 1380 1398 1418 tui
1425 1380 1584 1429 gloriam
1612 1384 1648 1418 et
1676 1393 1756 1417 om-

351 1447 453 1484 nium
484 1446 680 1483 hominum
709 1444 1019 1483 aedificationem.

406 1510 627 1547 nEcclesias
664 1510 777 1546 etiam
814 1513 897 1546 tuas
924 1512 1006 1546 toto
1036 1509 1125 1546 orbe
1153 1522 1217 1560 per
1245 1508 1522 1547 Antichristum
1554 1509 1760 1555 divexatas,

353 1575 590 1627 potissimum
620 1586 706 1611 vero
736 1573 786 1611 N.
814 1577 850 1611 et
879 1573 929 1611 N.
960 1573 1159 1611 defendere
1177 1573 1342 1621 digneris
1362 1573 1409 1611 ab
1423 1573 1526 1611 illius
1546 1574 1758 1624 tyrannide.

406 1640 637 1677 nPrecamur
664 1631 776 1676 etiam
805 1651 872 1688 pro
901 1638 1078 1675 omnibus
1104 1637 1298 1684 Ecclesiis,
1319 1638 1497 1687 Regibus,
1519 1638 1759 1689 Principibus

352 1708 388 1742 et
424 1703 729 1753 Magistratibus,
772 1702 838 1753 qui
878 1715 1007 1740 vocem
1043 1701 1132 1739 Filii
1168 1703 1224 1740 tui
1261 1702 1350 1740 Iesu
1388 1702 1541 1748 Christi,
1575 1702 1758 1740 Romanis

352 1768 577 1807 idololatriis
611 1767 813 1811 excaecati,
849 1767 998 1817 assequi
1036 1766 1202 1804 nondum
1238 1771 1454 1818 potuerunt,
1491 1772 1526 1805 et
1554 1780 1619 1818 per
1645 1767 1759 1817 igno·

351 1833 512 1872 rantiam
549 1832 673 1869 adhuc
707 1834 995 1882 persequuntur,
1021 1834 1063 1868 ut
1091 1844 1153 1868 eos
1182 1844 1266 1868 cum
1293 1831 1376 1868 aliis
1404 1831 1670 1882 quoquomodo
1699 1843 1758 1869 se·

353 1898 478 1937 (luctis
505 1899 591 1946 (47)
628 1901 663 1935 et
689 1896 953 1945 ignorantibus
981 1895 1027 1933 ad
1055 1896 1175 1933 lucem
1204 1899 1417 1946 rectamque
1444 1896 1613 1934 semitam
1642 1896 1758 1934 dedu-

355 1978 429 2010 cas,
467 1975 541 2014 quo
571 1975 700 1999 omnes
727 1961 766 1998 iu
797 1974 871 1999 uno
898 1961 988 1998 ovili
1016 1960 1085 1998 sub
1114 1973 1188 1998 uno
1216 1961 1424 1998 animarum
1453 1966 1665 1999 nostrarum
1693 1973 1759 2012 pa-

355 2033 454 2067 store
482 2028 568 2065 Iesu
598 2025 751 2063 Christo
778 2025 825 2063 ad
854 2025 1017 2063 nominis
1046 2024 1100 2062 tui
1127 2024 1287 2074 gloriam
1315 2038 1394 2063 esse
1420 2025 1624 2076 possimus,

410 2110 427 2127 a
441 2093 636 2130 Postremo
679 2103 857 2139 rogamus
884 2095 933 2134 te,
962 2089 1114 2140 Optime
1142 2090 1268 2128 Pater!
1297 2093 1339 2127 ut
1367 2089 1498 2127 soleris
1525 2093 1590 2128 tuo
1619 2090 1760 2142 Spiritu

355 2171 484 2196 omnes
518 2157 651 2194 fratres
688 2158 852 2200 nostros,
887 2154 937 2192 ob
977 2153 1252 2192 confessionem
1279 2154 1444 2192 nominis
1471 2155 1527 2192 tui
1554 2168 1619 2206 per
1645 2155 1760 2193 Anti-

356 2222 536 2260 christum
573 2220 743 2263 afflictos,
780 2232 919 2270 eosque
954 2218 1093 2256 virtute
1129 2232 1174 2256 ex
1210 2219 1287 2256 alto
1324 2219 1376 2257 ita
1412 2219 1452 2257 in
1479 2219 1552 2257 fide
1580 2220 1760 2258 corrobo-

355 2290 452 2332 rato,
487 2289 527 2323 ut
563 2284 748 2335 intrepide
782 2287 887 2321 tuum
924 2283 1088 2334 Filiique
1122 2283 1179 2321 tui
1214 2296 1351 2321 nomen
1392 2288 1608 2322 constanter
1636 2298 1759 2323 coram

357 2349 576 2388 hominibus
627 2351 806 2399 perpetuo
853 2348 1114 2386 confiteantur.
1169 2347 1317 2385 Morbis
1364 2348 1489 2394 etiam,
1531 2353 1760 2399 paupertate,

356 2414 482 2459 exilio,
517 2412 648 2451 aliisve
684 2411 799 2449 animi
835 2415 899 2449 aut
942 2410 1108 2462 corporis
1137 2410 1414 2449 calamitatibus
1441 2411 1539 2449 iusto
1567 2416 1633 2450 tuo
1659 2412 1760 2450 iudi·

357 2480 414 2516 cio
451 2477 636 2516 exercitos
673 2488 839 2513 recreare
867 2475 1046 2525 digneris,
1075 2475 1259 2526 simulque
1287 2475 1430 2522 docere,
1456 2479 1498 2513 ut
1525 2489 1570 2513 ex
1599 2476 1760 2526 castiga-

355 2543 524 2582 tionibus
553 2541 629 2579 suis
656 2540 882 2590 intelligant,
910 2553 948 2577 se
975 2553 1059 2578 vere
1087 2539 1193 2589 diligi
1220 2540 1288 2578 abs
1315 2543 1364 2586 te,
1392 2540 1517 2590 sicque
1543 2540 1695 2578 tandem
1712 2541 1759 2579 ad

356 2612 392 2645 te
421 2610 697 2644 convertantur.

409 2670 515 2707 Haec
551 2668 677 2707 omnia
714 2681 783 2706 nos
820 2667 1028 2705 certissimo
1056 2666 1320 2718 impetraturos
1347 2666 1583 2714 confidimus,
1609 2672 1762 2720 propter

357 2737 550 2784 paternam
587 2738 689 2771 tuam
725 2744 814 2781 ergo
851 2744 934 2778 nos,
969 2732 1067 2769 filios
1094 2735 1194 2777 tuos,
1223 2721 1441 2777 bonitatem,
1468 2744 1579 2782 quam
1606 2732 1760 2771 invoca-

356 2810 439 2835 mus
475 2797 659 2842 oratione,
695 2809 715 2834 a
743 2796 821 2833 filio
848 2798 915 2833 tuo
944 2794 1108 2833 Domino
1137 2799 1266 2833 nostro
1294 2794 1404 2832 nobis
1430 2796 1671 2847 praescripta,
1698 2809 1762 2847 per

358 2875 441 2900 eum
470 2861 593 2911 ipsum
622 2860 666 2897 ad
696 2860 796 2897 hunc
822 2860 976 2897 modum
1007 2859 1262 2909 deprecantes:
