1830 3147
190 92 252 141 [A.
276 93 323 131 D.
351 95 462 144 1544]
927 101 994 141 576

184 201 305 247 habeo,
337 204 400 251 qui
434 217 489 242 me
522 205 639 253 elegit,
672 208 702 243 is
736 221 790 245 me
824 222 896 246 non
930 210 1079 256 deseret,
1105 211 1243 248 etiamsi
1268 224 1288 248 a
1312 212 1399 249 meis
1425 213 1587 250 omnibus
1613 213 1720 251 desti-

184 266 277 301 tuar.
325 265 479 302 Tametsi
514 267 616 314 plura
649 269 732 305 mihi
765 270 833 306 iam
869 270 1018 317 dederit,
1044 270 1148 320 quam
1174 274 1217 308 ut
1242 272 1284 309 de
1309 273 1428 321 inopia
1452 274 1553 320 queri
1578 275 1721 322 possim.

182 323 315 370 Nescio,
339 325 425 372 quid
452 326 627 373 significes
654 328 719 364 sub
745 329 852 365 verbo
879 332 1140 380 καμπιινὶζειν
1170 334 1225 379 ¹⁰),
1251 345 1331 368 nam
1357 333 1461 369 huius
1487 334 1579 370 nihil
1604 334 1719 370 haete-

181 397 248 421 nus
282 386 367 423 vidi.
402 387 469 423 Sed
495 389 566 425 5010
593 389 806 427 Mennonem
833 391 965 427 versari
991 404 1085 428 nunc
1110 393 1333 440 potissimum
1358 395 1396 430 in
1421 396 1626 444 episcopatu
1653 396 1719 433 Co-

181 445 332 483 loniensi
358 451 394 484 et
420 449 540 485 fucum
567 450 680 487 facere
705 452 842 488 multis.

228 507 301 544 Pro
327 509 433 546 misso
452 523 564 558 nuper
585 511 800 549 Doctissimo
819 513 971 550 Domino
989 514 1146 551 Doctore
1163 518 1199 551 et
1217 515 1391 563 Magistro
1410 518 1535 553 nostro
1553 517 1720 553 Murman

179 581 277 615 super
301 572 526 607 sentimentum
550 574 748 610 almis-simae
772 576 1002 611 universitatis
1026 576 1066 610 de
1083 577 1164 612 villa
1185 577 1332 612 Parisiis
1349 577 1458 613 habeo
1476 576 1542 613 tibi
1560 590 1720 624 magnam

178 631 340 676 gratiam,
367 632 429 678 qui
455 633 539 669 mihi
565 634 629 670 1100
655 635 797 671 1101111110
822 637 1045 682 gratissimus
1071 643 1126 673 est
1152 637 1269 681 etiam,
1295 638 1389 684 quod
1409 638 1455 674 sit
1473 651 1491 674 e
1509 638 1720 675 bibliotheca

178 691 234 728 Io.
269 693 539 742 Oecolampadii,
575 696 675 731 cuius
709 709 771 744 ego
807 697 1009 733 memoriam
1035 711 1170 734 summa
1195 710 1274 734 eum
1301 698 1528 735 veneratione
1554 699 1720 746 prosequi

178 766 314 802 semper
341 756 436 791 soleo
464 756 507 792 ob
534 757 746 804 singularem
774 758 881 802 illius,
908 772 986 795 cum
1015 759 1162 803 viveret,
1189 759 1448 807 simplicitatem
1476 764 1513 796 et
1538 761 1719 808 pietatem,

176 817 276 851 taceo
310 816 556 861 eruditionem,
593 831 672 854 nam
706 819 894 855 manifesta
925 820 1023 856 illius
1059 820 1270 857 documenta
1304 821 1340 857 in
1374 822 1513 869 scriptis
1539 822 1718 858 habemus.

183 876 327 922 Vellem,
362 879 409 914 mi
441 879 606 916 Alberte!
643 883 685 917 ut
718 881 814 917 illius
832 882 967 929 Opera,
1005 895 1096 929 quae
1122 895 1186 930 ego
1213 896 1283 918 non
1310 883 1464 927 habeam,
1490 883 1574 919 mihi
1600 883 1718 919 omnia

175 951 299 975 curare
324 939 423 976 velis.
474 940 597 977 Habeo
624 941 720 978 illius
746 942 935 990 Epistulas,
963 943 1113 988 Esaiam,
1144 943 1338 988 Danielem,
1365 944 1605 991 Demegorias,
1632 945 1717 980 Pse-

175 1003 294 1046 gmata
320 1000 501 1049 Chrysost.
528 1015 608 1039 cum
633 1003 742 1051 ipsius
769 1007 903 1048 annot„
930 1007 966 1040 et
991 1017 1081 1051 quae
1107 1006 1141 1041 in
1169 1005 1444 1041 Bireheimerum
1477 1005 1716 1051 Noribergen-

175 1074 246 1097 sem
273 1063 424 1110 scripsit.
474 1064 528 1100 Tu
554 1065 622 1100 iam
648 1065 844 1109 considera,
869 1078 959 1112 quae
984 1067 1068 1102 mihi
1094 1066 1222 1103 desint.
1265 1067 1420 1104 Maxime
1446 1071 1564 1103 autem
1590 1067 1717 1104 habere

174 1135 335 1170 cuperem
361 1124 399 1160 iu
426 1124 582 1172 reliquos
610 1127 805 1174 Prophetas
832 1131 868 1163 et
895 1127 1077 1163 Ioannem.
1121 1128 1238 1173 Quare
1264 1129 1318 1164 sac
1345 1141 1474 1175 quaeso
1501 1131 1543 1164 ut
1562 1128 1719 1172 habeam,

173 1183 446 1221 Francofordiae
472 1186 537 1222 sub
565 1193 767 1224 mercatum.
810 1188 999 1224 Praeterea
1026 1188 1165 1224 Calvini
1190 1191 1403 1235 postremam
1430 1188 1715 1232 Institutionem,

173 1247 209 1280 et
236 1245 265 1280 si
299 1245 384 1292 quid
418 1252 601 1294 praeterea
633 1249 716 1284 novi
750 1249 879 1285 emisit.
930 1249 1045 1285 Reddi
1071 1249 1153 1285 haee
1178 1254 1350 1297 poterunt
1375 1250 1558 1287 Hadriano
1583 1249 1714 1297 hospiti

173 1319 249 1344 meo
272 1313 326 1358 ¹¹),
353 1313 395 1344 ut
420 1309 449 1344 is
476 1309 616 1345 demum
642 1310 685 1346 ad
713 1323 766 1346 me
794 1312 1026 1347 transmittat.

220 1372 274 1408 De
298 1372 425 1409 abbate
452 1375 515 1409 tuo
539 1374 580 1420 12>
608 1375 744 1409 utinam
771 1376 807 1409 te
834 1386 912 1421 spes
939 1377 1001 1409 tua
1027 1386 1099 1409 11011
1124 1373 1242 1410 fallat:
1271 1386 1347 1421 ego,
1374 1377 1415 1410 ut
1441 1388 1563 1411 verum
1584 1375 1708 1420 fatear,

172 1437 304 1477 metuo,
339 1447 382 1469 ne
407 1435 441 1469 in
471 1447 510 1470 eo
538 1434 633 1481 quod
658 1435 751 1481 apud
778 1448 856 1470 eum
882 1434 957 1481 agis
990 1448 1129 1482 operam
1163 1435 1274 1471 ludas.
1327 1435 1404 1471 Seio
1432 1448 1506 1471 esse
1533 1435 1712 1472 meliorem

170 1508 274 1542 quam
301 1509 363 1543 pro
390 1496 569 1539 monacho,
597 1495 656 1532 sed
682 1509 753 1532 11011
780 1495 879 1532 facile
906 1496 1098 1532 avellemur
1129 1497 1171 1531 ab
1190 1496 1268 1532 ollis
1288 1497 1484 1544 Aegyptiis,
1504 1497 1709 1543 praesertim

169 1558 199 1593 51
226 1558 355 1593 deserti
390 1557 618 1594 solitudinem
655 1558 766 1604 (quod
800 1558 902 1594 nobis
928 1558 1156 1594 metuendum
1183 1561 1252 1604 est)
1280 1558 1323 1593 ob
1351 1558 1471 1594 oculos
1498 1559 1713 1605 propositam

169 1620 368 1656 habeamus.
417 1620 465 1656 Et
492 1624 610 1656 tamen
637 1632 702 1667 ego
730 1620 864 1664 faciam,
891 1620 986 1667 quod
1012 1621 1114 1668 petis,
1141 1620 1287 1656 scribam
1314 1619 1356 1655 ad
1383 1620 1484 1655 illum
1510 1620 1715 1667 diligenter,

167 1681 369 1729 plusculum
406 1682 471 1718 otii
505 1685 643 1717 nactus.
694 1681 761 1718 Sed
795 1687 837 1717 ut
871 1682 982 1718 dicam
1009 1681 1105 1729 quod
1131 1682 1258 1725 sentio,
1287 1694 1410 1717 vereor
1443 1694 1488 1717 ne
1512 1681 1600 1717 nihil
1631 1694 1712 1729 aga-

168 1756 258 1780 mus.
308 1743 457 1779 Utinam
489 1746 608 1779 autem
643 1743 755 1780 fallar.
805 1743 913 1780 Hallo
937 1745 979 1791 ¹3)
1014 1743 1130 1779 adfuit
1164 1742 1247 1778 mihi
1282 1742 1391 1779 brevi.
1428 1743 1523 1779 Huic
1548 1743 1714 1787 indicavi,

168 1805 234 1841 tibi
269 1818 341 1841 11011
375 1806 525 1853 probari,
562 1805 658 1852 quod
690 1805 763 1842 11110
794 1805 907 1841 adhuc
942 1805 1093 1848 haereat,
1128 1805 1296 1851 suasique
1321 1810 1363 1840 ut
1389 1817 1425 1840 se
1450 1805 1517 1840 hue
1543 1805 1714 1842 conferat.

170 1866 208 1901 Si
234 1866 385 1910 venerit,
411 1866 551 1902 habebit
576 1866 669 1914 apud
694 1879 758 1902 nos
785 1867 910 1903 bonam
936 1866 1186 1902 conditionem.
1228 1866 1355 1901 Adfuit
1381 1865 1465 1901 1111111
1491 1868 1527 1901 et
1552 1866 1712 1901 Francis-

171 1940 233 1963 eus
260 1927 402 1974 quidam
428 1940 508 1963 eum
534 1940 637 1963 cruce
662 1927 750 1964 alba.
779 1919 955 1963 Rhodiani
981 1927 1113 1964 ordinis
1139 1926 1239 1962 illum
1266 1939 1342 1962 esse
1368 1926 1503 1974 opinor,
1530 1926 1590 1962 sed
1617 1926 1714 1970 mihi,

171 1989 200 2025 si
236 2001 357 2025 verum
394 1989 517 2034 fatear,
552 2002 622 2024 non
657 2001 800 2036 prorsus
834 1989 968 2037 placuit
1001 1989 1151 2025 hominis
1178 1989 1370 2035 ingenium.
1420 1987 1574 2024 Videtur
1607 1988 1711 2023 fidem

169 2051 326 2098 coniugii
361 2050 495 2087 dedisse
529 2050 749 2095 Catharinae,
785 2064 875 2098 quae
901 2051 1018 2088 estin
1054 2049 1233 2087 Drusillae
1265 2050 1510 2087 contubernio.
1559 2049 1615 2085 Ab
1650 2050 1714 2085 hae

169 2113 257 2149 nihil
283 2113 350 2149 iam
377 2113 509 2149 dudum
537 2113 664 2160 accepi.

217 2174 368 2219 Vellem,
405 2175 452 2210 mi
478 2174 645 2210 Alberte!
674 2177 710 2210 te
743 2174 811 2210 iam
844 2173 964 2220 aliquo
998 2175 1096 2210 certo
1122 2173 1199 2210 1000
1227 2186 1302 2210 0550
1327 2175 1531 2219 certamque
1556 2172 1624 2208 iam
1650 2184 1712 2208 vo-

169 2236 345 2272 cationem
378 2236 490 2283 sequi,
517 2249 595 2271 nam
631 2235 758 2283 longae
789 2236 879 2271 istae
920 2235 1191 2272 deliberationes
1225 2234 1323 2271 varie
1357 2234 1513 2270 afficiunt
1554 2233 1713 2269 homines
1767 2239 1771 2242 ⁴

170 2301 206 2333 et
232 2297 362 2333 multas
388 2298 545 2333 actiones
572 2299 808 2333 remorantur.
859 2296 895 2332 Si
922 2296 986 2332 tibi
1013 2309 1084 2332 non
1111 2300 1164 2333 est
1190 2296 1327 2332 animus
1353 2308 1427 2331 esse
1452 2293 1544 2342 apud
1566 2294 1711 2342 Episco-

169 2370 253 2405 pum
280 2358 540 2402 Coloniensem,
577 2360 613 2393 et
638 2357 732 2393 inter
758 2360 840 2393 tuos
868 2356 979 2400 malis,
1006 2356 1093 2403 quin
1119 2356 1173 2392 1110
1199 2355 1326 2403 accipis
1352 2354 1592 2391 conditionem
1617 2353 1710 2402 apud

169 2432 234 2455 nos
260 2419 392 2466 fiasque
418 2418 551 2466 collega
577 2431 686 2454 meus.
713 2418 808 2454 Hine
835 2417 934 2454 facile
960 2430 1040 2453 eum
1066 2418 1138 2453 tuis
1164 2429 1283 2465 posses
1310 2416 1425 2452 omnia
1450 2428 1563 2462 agere.
1605 2415 1654 2451 Et
1681 2413 1710 2449 si

171 2480 330 2516 fructum
366 2492 527 2527 quaeras,
561 2492 736 2526 nusquam
772 2491 848 2515 mea
882 2480 1060 2515 sententia
1085 2479 1251 2514 maiorem
1275 2478 1388 2513 facere
1413 2489 1544 2523 posses.
1596 2476 1631 2510 Si
1657 2475 1712 2510 hic

169 2554 244 2578 esse
269 2542 370 2585 nolis,
400 2545 519 2578 statue
546 2541 665 2585 semel,
691 2541 752 2577 ubi
778 2554 853 2577 esse
880 2540 978 2584 velis,
1005 2545 1047 2576 ut
1072 2543 1202 2576 certam
1229 2540 1448 2575 vocationem
1467 2538 1566 2584 sequi
1583 2537 1709 2584 possis.

169 2603 224 2639 Mi
248 2603 416 2639 Alberte!
452 2616 575 2639 vereor
609 2616 653 2639 ne
686 2602 751 2638 hoc
786 2601 896 2648 magis
931 2601 1035 2637 stulti
1069 2601 1283 2648 reperiamur
1315 2600 1360 2655 in⁴
1378 2598 1506 2635 iudicio
1533 2597 1610 2640 Dei,
1638 2609 1710 2643 quo

168 2665 279 2711 magis
306 2666 480 2713 sapientes
507 2678 582 2701 esse
608 2664 785 2700 volumus.
837 2663 892 2699 Da
918 2675 1048 2710 quaeso
1075 2663 1212 2699 veniam
1238 2661 1397 2697 libertati
1422 2672 1518 2695 meae
1543 2661 1579 2694 et
1598 2659 1708 2694 amori

169 2739 245 2762 meo
271 2726 416 2772 imputa,
443 2726 505 2772 qui
530 2739 585 2761 me
610 2725 718 2772 cogit,
744 2724 839 2771 quod
866 2724 993 2768 sentio,
1020 2723 1144 2760 dicere.

215 2786 424 2822 Franciscus
458 2787 619 2832 Rengers
655 2785 743 2822 1111111
777 2785 861 2821 1111111
894 2788 957 2821 tuo
983 2785 1126 2820 nomine
1151 2783 1364 2826 numeravit,
1404 2781 1464 2817 sed
1491 2793 1555 2827 ego
1582 2779 1708 2815 nihilo·

169 2847 286 2884 minus
312 2847 379 2883 tibi
405 2848 509 2883 mitto
536 2847 667 2894 viginti
691 2846 834 2890 taleros,
876 2858 956 2882 nam
982 2846 1025 2882 ad
1052 2858 1193 2881 manum
1219 2844 1337 2892 plures
1363 2855 1435 2878 non
1460 2842 1581 2878 habeo.
1632 2840 1710 2876 Cal-

169 2909 288 2952 culum
314 2909 549 2947 subducemus
575 2920 693 2944 rerum
719 2908 888 2953 omnium,
916 2906 976 2943 ubi
1001 2906 1044 2943 ad
1070 2919 1134 2943 nos
1160 2905 1309 2943 veneris.
1360 2903 1396 2939 Si
1422 2905 1459 2939 te
1485 2902 1631 2939 divitem
1658 2903 1709 2938 vi-
