1830 3147
148 173 196 209 84

149 281 290 319 nostris
328 279 503 318 cordibus
535 278 776 326 inscribatur,
802 300 854 308 --
880 282 915 317 te
952 277 1136 330 supplices
1172 290 1335 325 oramus,
1369 280 1412 315 ut
1450 276 1626 314 Satanam
1663 288 1684 313 a

152 346 263 384 nobis
302 358 425 383 arcere
461 344 567 390 velis,
602 357 650 381 ne
685 343 790 381 verbi
824 344 879 381 tui
916 343 1035 381 divini
1071 343 1293 389 doctrinam,
1319 355 1431 393 quam
1457 341 1686 386 audivimus,

153 411 264 449 nobis
299 410 431 461 eripiat
467 409 747 460 quoquomodo,
802 410 877 447 Cor
914 411 1086 446 nostrum
1113 407 1202 446 item
1227 407 1416 459 lapideum
1457 405 1687 443 mollefacias

151 488 194 513 ac
229 474 349 512 imbre
386 473 548 525 Spiritus
587 473 707 511 sancti
735 474 791 511 tui
820 474 1020 510 clementer
1048 472 1254 518 humectes,
1280 485 1327 509 ne
1353 470 1458 509 verbi
1483 470 1541 508 tui
1570 469 1688 507 divini

150 539 308 582 fructus,
341 537 382 575 in
419 537 554 575 animis
590 537 731 575 nostris
766 541 833 575 tuo
863 535 1044 574 beneficio
1074 535 1443 587 suppullulascentes,
1470 533 1595 572 subito
1622 546 1688 571 ex-

149 608 331 642 arescant.
386 603 503 641 Curas
539 606 728 654 praeterea
765 615 808 640 ac
844 601 1118 639 sollicitudines
1153 600 1264 638 huius
1292 599 1441 646 saeculi,
1483 612 1578 650 quae
1604 611 1688 636 ver-

153 668 241 705 bum
278 668 317 705 in
354 667 466 705 nobis
487 671 606 715 xtuum
648 671 781 705 natura
826 680 892 704 sua
929 666 1121 716 spinarum
1167 665 1287 703 instar
1324 663 1517 709 suffocant,
1554 662 1689 701 animis

154 731 293 770 nostris
320 731 473 778 eximas,
502 730 693 782 faciasque
721 743 791 768 nos
818 734 955 768 terram
993 730 1097 767 illam
1126 729 1263 766 bonam
1290 742 1332 766 ac
1359 729 1531 771 feracem,
1559 727 1598 765 in
1617 740 1691 778 qua

155 797 295 835 semina
322 801 401 834 tum
432 809 517 834 ecce
541 796 615 834 iam
644 796 798 834 verbum
829 800 948 839 tuum,
976 795 1124 832 fructus
1151 798 1187 832 te
1215 794 1363 844 dignos,
1389 793 1555 845 proferre
1573 792 1695 844 possit

153 862 200 900 ad
243 862 300 899 tui
338 861 502 899 nominis
548 861 709 911 gloriam
745 860 1008 898 immortalem.
1063 859 1169 896 Haec
1204 858 1271 896 abs
1306 862 1343 896 te
1377 857 1549 908 petimuS,
1583 857 1695 895 Pater

154 925 510 964 beneficentissime!
538 939 603 977 per
640 927 726 975 (64)
763 938 900 963 nomen
930 924 1115 973 unigeniti
1141 923 1196 961 tui
1222 922 1291 960 filii
1318 922 1406 961 Iesu
1434 921 1587 967 Christi,
1613 920 1693 958 Do-

152 991 246 1029 mini
273 991 404 1030 nostri.
435 990 597 1029 Amen.’'

206 1121 393 1161 Absoluta
429 1120 500 1158 hac
536 1119 763 1171 precatione,
799 1118 930 1156 diebus
966 1118 1148 1156 duntaxat
1189 1115 1400 1154 Dominicis
1435 1115 1472 1152 in
1511 1113 1696 1152 matutina

156 1187 351 1233 concione,
386 1199 463 1224 non
501 1188 624 1223 autem
660 1184 700 1222 in
727 1183 984 1235 pomeridiana
1012 1195 1132 1234 neque
1159 1182 1197 1220 in
1237 1181 1396 1219 aliorum
1434 1179 1577 1217 dierum
1605 1192 1697 1216 con-

155 1252 339 1296 cionibus,
375 1251 512 1300 legitur
552 1264 574 1288 a
613 1249 791 1287 Ministro
828 1248 1039 1297 Decalogus
1067 1260 1112 1284 ex
1142 1259 1220 1297 cap.
1249 1245 1374 1283 Exodi
1402 1247 1463 1290 20,
1503 1244 1551 1282 ad
1586 1255 1697 1295 quem

156 1316 384 1354 audiendum
411 1315 571 1367 populus
598 1327 663 1366 per
692 1310 912 1352 Ministrum
940 1312 1042 1350 hisce
1069 1311 1192 1349 verbis
1221 1311 1426 1349 excitatur:

212 1445 427 1500 nAudite
454 1445 607 1494 legem
635 1442 831 1481 Domini
858 1442 945 1481 Dei
973 1442 1139 1482 nostri
1167 1455 1350 1480 omnes:

212 1579 247 1616 1.
301 1576 385 1626 Ego
421 1589 502 1614 sum
538 1574 723 1613 Dominus
753 1573 853 1612 Deus
880 1577 980 1620 tuus,
1007 1573 1073 1624 qui
1098 1577 1134 1611 te
1162 1572 1274 1610 eduxi
1301 1585 1321 1609 e
1346 1575 1446 1610 terra
1473 1569 1626 1621 Egypti,
1652 1581 1697 1606 ex

160 1642 273 1679 ‹lomo
310 1640 511 1679 servitutis.
565 1639 625 1678 Ne
660 1639 736 1677 sint
774 1638 846 1676 tibi
882 1637 946 1676 Dii
982 1637 1094 1676 alieni
1132 1649 1257 1674 coram
1285 1636 1380 1674 facie
1407 1648 1488 1673 mea
1531 1633 1607 1672 sive
1633 1646 1698 1684 pe-

162 1720 228 1745 nes
255 1719 326 1744 me.

215 1774 249 1810 2.
304 1770 365 1808 Ne
391 1769 521 1807 feceris
548 1768 620 1806 tibi
648 1772 824 1814 statuam,
853 1780 974 1818 neque
1001 1766 1121 1804 ullum
1151 1765 1419 1804 simulachrum
1446 1777 1491 1802 ex
1512 1763 1702 1809 omnibus,

165 1848 259 1886 quae
287 1838 374 1872 sunt
403 1834 444 1871 in
473 1833 585 1870 coelis
614 1845 784 1883 superne,
811 1844 931 1882 neque
959 1844 1053 1881 quae
1081 1833 1168 1868 sunt
1196 1829 1236 1867 in
1263 1833 1361 1867 terra
1391 1828 1461 1866 sub
1491 1827 1608 1870 coelo,
1634 1840 1700 1865 ne-

167 1914 238 1952 que
265 1912 360 1951 quae
385 1899 425 1936 in
452 1898 559 1949 aquis
587 1902 674 1935 sunt
702 1896 771 1934 sub
798 1900 907 1934 terra.
963 1895 1022 1933 Ne
1049 1899 1085 1932 te
1111 1894 1284 1932 incurves
1313 1905 1437 1930 coram
1465 1891 1541 1929 illis
1582 1903 1701 1942 neque

169 1965 267 2002 coles
304 1976 357 2008 ea,
385 1962 470 2013 quia
507 1974 576 2011 ego
606 1960 791 1998 Dominus
828 1960 891 1997 ille
919 1959 1019 1997 Deus
1056 1963 1143 1997 tuus
1180 1957 1302 2004 fortis,
1334 1956 1533 2008 impatiens
1570 1959 1703 1993 contu-

169 2029 314 2075 meliae,
347 2028 505 2079 puniens
532 2026 767 2077 iniquitatem
797 2028 943 2076 patrum
971 2024 1011 2062 in
1038 2023 1126 2062 filiis
1153 2023 1284 2061 tertiae
1311 2026 1346 2060 et
1368 2024 1521 2072 quartae
1547 2033 1704 2070 genera·

169 2093 296 2137 tionis,
332 2092 396 2143 qui
433 2094 517 2140 (65)
550 2103 609 2128 me
637 2090 807 2135 oderunt,
833 2092 869 2127 et
903 2088 1044 2126 faciens
1081 2087 1372 2125 misericordiam
1409 2085 1449 2123 in
1485 2085 1601 2129 mille,
1637 2084 1702 2136 qui

168 2171 227 2196 me
256 2158 417 2207 diligunt
444 2160 479 2194 et
505 2159 700 2207 praecepta
729 2168 807 2192 mea
836 2154 1047 2191 observant.

225 2226 259 2261 3.
314 2222 373 2259 Ne
408 2233 575 2259 assumas
601 2223 738 2257 temere
766 2222 828 2256 aut
856 2231 948 2256 vane
975 2231 1110 2256 nomen
1148 2216 1303 2254 Domini
1340 2214 1410 2253 Dei
1447 2213 1514 2253 tui.
1568 2212 1704 2250 Haud-

173 2300 358 2338 quaquam
393 2286 491 2324 enim
527 2298 595 2336 pro
631 2285 781 2322 insonte
817 2283 971 2321 habebit
1000 2282 1183 2320 Dominus
1210 2294 1307 2327 eum,
1333 2279 1397 2330 qui
1424 2291 1560 2316 nomen
1586 2277 1705 2328 ipsius

171 2356 309 2390 temere
337 2355 399 2389 aut
425 2363 519 2388 vane
546 2349 799 2400 assumpserit.

226 2421 262 2454 4.
317 2415 534 2454 Memineris
563 2414 635 2452 diei
664 2414 818 2451 Sabbati
845 2416 886 2450 ut
912 2412 1123 2450 sanctifices
1151 2411 1270 2448 illum.
1301 2410 1372 2446 Sex
1408 2407 1539 2445 diebus
1575 2418 1706 2457 opera-

175 2480 274 2518 beris
301 2484 338 2517 et
365 2480 479 2517 facies
506 2492 616 2517 omne
645 2491 736 2529 opus
762 2481 884 2519 tuum.
912 2477 1070 2527 septimo
1096 2479 1217 2513 autem
1246 2474 1305 2511 die
1333 2472 1537 2510 Sabbatum
1559 2474 1614 2508 est
1627 2470 1706 2508 Do-

176 2545 269 2582 mini
297 2544 366 2582 Dei
391 2544 460 2583 tui.
488 2545 579 2582 Non
608 2544 720 2581 facies
747 2547 826 2580 tum
854 2542 969 2580 ullum
998 2554 1104 2592 opus,
1131 2544 1184 2585 tn,
1211 2539 1310 2577 filius
1337 2541 1422 2575 tuus
1449 2540 1485 2574 et
1520 2536 1596 2573 filia
1630 2539 1707 2580 tua,

179 2622 305 2647 servus
340 2612 427 2646 tuus
463 2613 498 2646 et
527 2609 662 2646 ancilla
689 2612 765 2652 tua,
792 2607 998 2644 iumentum
1027 2611 1131 2643 tuum
1168 2609 1202 2642 et
1240 2603 1381 2661 advena
1418 2605 1517 2647 tuus,
1552 2600 1617 2651 qui
1652 2603 1707 2638 est

176 2674 276 2711 intra
312 2676 438 2724 portas
473 2677 568 2711 tuas.
624 2672 814 2712 Quoniam
852 2684 915 2708 sex
950 2669 1080 2707 diebus
1117 2667 1301 2707 formabat
1342 2666 1528 2704 Dominus
1563 2666 1707 2702 coelum

180 2743 280 2777 terra
315 2751 419 2775 mare
454 2741 490 2775 et
527 2737 664 2779 omnia.
691 2736 851 2788 quaein
880 2735 932 2772 eis
969 2739 1069 2778 sunt,
1106 2733 1262 2785 septimo
1298 2735 1420 2769 autem
1457 2730 1514 2769 die
1549 2730 1708 2781 quievit3

182 2807 217 2841 et
243 2802 385 2840 idcirco
414 2801 605 2839 benedixit
632 2800 817 2837 Dominus
846 2799 917 2836 diei
947 2798 1103 2836 Sabbati
1131 2801 1166 2835 et
1195 2795 1414 2834 sancticavit
1441 2807 1536 2832 eum.

235 2870 270 2906 5.
325 2866 484 2904 Honora
517 2865 665 2903 Patrem
701 2868 807 2901 tuum
843 2867 878 2900 et
913 2865 1069 2900 matrem
1105 2865 1219 2906 tuam,
1254 2862 1296 2898 ut
1327 2859 1596 2910 prolongentur
1632 2856 1710 2894 dies

185 2933 239 2971 tui
267 2932 304 2970 in
334 2936 430 2970 terra
458 2944 569 2982 quam
597 2929 665 2967 tibi
694 2929 756 2966 dat
783 2927 967 2966 Dominus
995 2926 1095 2965 Deus
1122 2929 1220 2965 tuus.
