1830 3147
802 128 873 169 751
1327 130 1389 178 [A.
1415 130 1460 167 D.
1488 132 1599 180 1557]

73 236 170 283 garia
208 235 298 273 ferre
331 235 474 271 omnino
510 235 612 272 nolit.
663 235 731 274 Sed
755 236 838 273 hacc
865 236 1017 273 Domino
1042 239 1128 273 sunt
1152 238 1415 277 committenda.
1464 240 1535 277 Hic
1560 240 1604 277 ad.

71 295 341 344 promovendam
376 295 467 343 apud
502 308 567 332 nos
593 296 774 343 religionis
801 309 939 334 causam
966 298 1029 334 hoc
1054 298 1239 336 consilinm
1265 301 1440 346 agitatum
1467 303 1534 344 est,
1561 303 1604 338 ut

71 359 151 395 Rex
183 359 354 396 Poloniae
388 371 448 407 per
483 358 682 395 Electorcm
719 365 753 396 et
789 360 876 396 alios
911 361 1027 398 Duces
1061 362 1205 409 Imperii
1238 363 1281 398 ad
1307 375 1380 399 eam
1406 362 1603 399 instimula-

70 422 170 456 retur
189 422 217 468 ά)
245 423 409 468 essetque
435 419 469 455 id
496 422 638 466 gratum
665 421 756 468 Regi
781 421 962 458 Poloniae.
996 423 1119 470 Atque
1145 424 1211 459 iam
1238 436 1343 471 super
1367 424 1430 461 hac
1455 437 1493 460 re
1519 424 1604 460 Dux

71 482 238 518 Prussiae
273 484 310 518 et
343 481 453 517 Ducis
486 480 660 518 Olicensis
693 482 930 520 Cancellarius
955 483 1167 521 Lithuaniae
1193 485 1411 532 scripserunt
1435 485 1479 521 ad
1504 484 1604 522 Elec-

71 546 183 579 torem
207 543 410 579 Palatinum
437 542 555 578 Rheni
580 542 726 580 ditionis
751 546 788 580 et
814 544 950 581 Ducem
977 545 1281 593 Witebergensem
1299 547 1605 595 proficisciturque

70 617 150 641 cum
186 604 386 640 istiusmodi
411 604 525 641 literis
550 605 682 640 Petrus
707 605 842 642 Paulus
870 606 1072 654 VergeriuS,
1097 607 1200 644 homo
1226 612 1309 645 tuae
1344 609 1468 657 opinor
1494 608 1603 645 Celsi-

69 664 186 701 tudini
211 678 282 701 non
306 666 464 712 ignotus,
490 666 653 713 idemque
677 666 753 714 ipse
778 667 902 714 opinor
928 669 996 704 erit
1020 668 1159 715 legatus
1185 669 1361 706 dictorum
1386 670 1603 718 Principum,

69 727 105 762 et
147 725 306 762 fortassis
341 726 385 762 acl
416 730 514 762 tuam
549 739 693 774 quoque
725 727 981 765 Celsitudinem
1014 730 1145 774 veniet,
1176 742 1256 767 nam
1289 731 1343 767 illi
1368 731 1403 767 id
1438 732 1532 769 suasi
1567 735 1605 769 et

69 787 185 823 omnia
219 788 503 825 communicabit.
553 788 657 834 Quod
692 789 722 825 si
754 790 827 834 fiat,
862 793 940 826 tum
975 803 1057 828 sane
1090 794 1188 828 tuam
1224 792 1316 829 Cels.
1359 805 1492 830 summa
1524 807 1605 830 cum

68 849 291 886 observantia
333 863 406 894 oro,
449 853 490 886 ut
523 852 588 886 tuo
630 853 666 886 et
707 851 775 898 ipsi
809 851 852 887 ad
887 864 962 888 eam
996 864 1066 889 rem
1101 853 1211 890 officio
1238 853 1355 891 deesse
1380 854 1483 899 nolis,
1509 868 1604 892 nem-

66 924 109 958 pe
139 911 177 947 in
210 911 332 947 dandis
367 911 477 948 eidem
502 911 674 958 vergerio
701 912 773 948 tuis
801 918 836 949 et
861 912 975 949 literis
1003 916 1039 949 et
1064 914 1239 950 mandatis
1265 915 1307 951 ad
1333 915 1467 962 Regem
1493 916 1599 952 Polo-

66 972 154 1008 niae.
181 974 258 1020 Ago
282 975 399 1008 autem
427 972 492 1009 tibi
519 973 727 1020 suppliciter
753 974 895 1020 gratias,
927 975 1090 1022 Princeps
1116 974 1405 1013 clementissime!
1434 977 1529 1024 quod
1550 989 1604 1014 ec-

65 1033 187 1069 clesias
208 1034 408 1081 peregrinas
433 1034 665 1080 Magistratui
690 1034 976 1071 Francofortensi
1001 1035 1052 1071 ita
1077 1035 1267 1072 clementer
1292 1049 1356 1084 pro
1382 1040 1445 1073 tua
1470 1038 1604 1085 pietate

69 1096 323 1132 commendaris
349 1095 526 1143 simulque
551 1096 656 1132 etiam
682 1097 873 1132 uxorculae
898 1097 972 1134 illic
998 1100 1139 1133 nostrae
1165 1097 1397 1145 benignitatis
1422 1102 1505 1135 tuae
1531 1100 1601 1135 offi-

68 1157 122 1194 cia
154 1170 214 1205 per
248 1160 350 1193 tunm
385 1156 641 1193 Μαι-5011310001
676 1157 727 1193 ita
758 1160 916 1194 amanter
947 1157 1128 1194 detuleris.
1177 1158 1254 1206 Ego
1280 1159 1315 1196 id
1340 1160 1479 1207 quidem
1506 1161 1603 1196 Tuae

66 1218 156 1254 Cels.
182 1218 265 1254 ullis
291 1218 535 1254 observantiae
560 1218 595 1253 in
622 1221 658 1254 te
683 1231 778 1254 meae
804 1218 923 1254 officiis
949 1231 1093 1266 pensare
1120 1232 1173 1255 me
1198 1220 1473 1268 haudquaquam
1498 1234 1601 1269 posse

63 1279 176 1316 video.
227 1279 294 1315 Sed
320 1280 434 1315 Deum
462 1292 536 1323 oro,
561 1279 878 1327 locupletissimum
905 1280 1066 1327 alioquin
1093 1281 1339 1318 beneficiorum
1366 1283 1525 1319 omnium
1551 1295 1603 1320 re-

65 1343 335 1384 muneratorem,
362 1345 403 1377 ut
430 1343 529 1376 tuam
555 1341 658 1376 istam
684 1340 905 1377 clementiam
932 1341 1050 1377 divina
1075 1354 1139 1378 sua
1164 1343 1278 1389 gratia
1305 1345 1340 1379 et
1360 1343 1603 1381 benedictione

64 1402 131 1438 tibi
163 1415 310 1450 pensare
344 1401 522 1449 dignetur,
558 1404 594 1437 et
626 1404 856 1448 posteaquam
888 1401 1008 1437 divino
1042 1401 1209 1438 beneficio
1243 1404 1393 1450 gratiam
1428 1404 1466 1439 in
1491 1404 1602 1441 oculis

63 1462 137 1498 tuis
175 1463 286 1510 reperi
323 1462 360 1498 111
385 1462 647 1510 peregrinarum
673 1461 895 1498 Franooforti
919 1462 1156 1499 Ecclesiarum
1192 1464 1507 1509 commendatione,
1542 1465 1601 1502 ad-

63 1525 130 1560 huc
162 1523 240 1560 illas
273 1524 368 1559 Tuae
403 1523 495 1560 Cels.
529 1523 682 1560 Domino
715 1536 792 1560 meo
828 1523 1103 1561 clementissimo
1139 1525 1344 1572 suppliciter
1377 1527 1598 1571 commendo,

65 1585 234 1633 imprimis
260 1597 343 1621 vero
368 1584 589 1621 Flandricam
616 1597 679 1621 seu
704 1585 881 1622 inferioris
908 1585 1112 1622 Germaniae
1137 1586 1341 1631 Ecclesiam,
1367 1600 1472 1634 quam
1507 1601 1599 1624 sum-

62 1659 117 1683 ma
151 1648 309 1693 egestate
347 1648 383 1681 et
416 1646 534 1693 inopia
564 1645 723 1682 laborare
754 1658 794 1683 ac
832 1646 943 1693 premi
987 1649 1024 1682 et
1067 1646 1182 1683 multa
1215 1660 1297 1684 sane
1331 1649 1412 1684 viva
1442 1650 1598 1697 corporis

63 1708 196 1745 Christi
220 1708 372 1744 membra
397 1707 522 1744 habere
547 1707 631 1743 scio.
682 1707 769 1743 Eam
796 1708 905 1754 igitur
938 1712 1021 1744 tuae
1055 1708 1146 1744 Cels.
1173 1709 1209 1745 in
1237 1710 1426 1747 visceribus
1454 1711 1600 1749 Domini

61 1769 175 1806 nostri
200 1769 285 1806 Iesu
311 1769 442 1805 Christi
468 1768 673 1816 suppliciter
698 1768 913 1812 commendo,
951 1772 987 1805 et
1020 1769 1134 1806 Deum
1160 1773 1296 1817 patrem
1321 1775 1494 1816 nostrum,
1519 1773 1596 1809 fon-

62 1836 134 1867 tem
166 1831 338 1867 bonorum
374 1831 530 1867 omnium
565 1829 712 1877 supplex
746 1842 820 1874 oro,
846 1834 889 1866 ut
914 1833 950 1866 te
975 1843 1056 1867 011111
1080 1831 1246 1868 universa
1271 1832 1374 1870 domo
1399 1846 1439 1870 ac
1466 1835 1596 1871 familia

61 1895 124 1928 tua
161 1891 408 1928 Illustrissima
443 1894 544 1937 regat
577 1894 694 1927 servet
719 1893 755 1927 et
782 1891 955 1935 fortunet,
982 1891 1164 1928 benedicat
1189 1893 1352 1929 omnibus
1377 1895 1531 1932 consiliis
1557 1899 1595 1932 et

61 1951 259 1988 actionibus
294 1952 422 1989 vestris
457 1952 657 1999 dirigatque
689 1955 806 1987 vestra
831 1952 948 1988 omnia
972 1951 1015 1988 ad
1040 1952 1186 2000 gloriam
1212 1954 1378 1991 adorandi
1403 1955 1458 1991 sni
1483 1957 1592 1993 nomi-

60 2013 126 2057 nis,
151 2012 196 2048 ad
220 2013 370 2049 salutem
397 2015 549 2051 vestram
568 2013 725 2049 omnium
743 2014 780 2050 et
797 2012 841 2048 ad
857 2012 1036 2050 Ecclesiae
1054 2026 1138 2051 suae
1155 2015 1441 2054 aedificationem.
1466 2018 1591 2055 Amen.

63 2073 250 2110 Cracoviae
276 2075 319 2110 92
345 2074 526 2110 Februarii
551 2075 656 2111 Anno
683 2076 775 2114 1557
801 2079 840 2119 G).

191 2136 286 2173 Tuae
312 2136 402 2174 Cels.
429 2136 704 2180 Illustrissimae‚
731 2136 884 2173 Domino
910 2149 986 2173 meo
1013 2137 1297 2183 clementissimo,
1323 2139 1590 2178 addictissimus

902 2198 1073 2235 IOANNES
1098 2199 1118 2234 Ξι
1143 2199 1264 2237 LAsco
1290 2213 1335 2237 m.
1360 2213 1413 2249 pr.

101 2294 127 2334 ¹)
152 2294 402 2336 Lippomannus.
446 2296 472 2334 ἓ)
496 2295 586 2326 ANN.
611 2295 707 2327 ffiss.
732 2296 834 2327 COLL.
858 2297 981 2328 omittit
1002 2308 1088 2340 quos.
1119 2299 1145 2338 3)
1170 2299 1344 2340 Waywoda
1368 2301 1437 2333 Ioh.
1461 2301 1589 2343 Sigism.

58 2350 204 2392 Zapolya,
228 2350 272 2382 22⁰.
297 2351 376 2381 1556
400 2351 578 2383 restitutus.
622 2352 649 2391 ⁴)
673 2352 762 2383 ANN.
788 2352 884 2384 llAss.
909 2353 1011 2384 Com..
1035 2365 1096 2385 non
1117 2355 1346 2389 stimularetur.
1385 2358 1412 2397 ⁵)
1437 2357 1500 2389 Ib.:
1525 2358 1590 2399 ipse

58 2406 159 2447 osp'cio
181 2406 225 2436 arl
246 2417 310 2437 eam
335 2417 398 2437 rem.
421 2407 530 2448 qffieio.
574 2407 601 2447 ⁶)
626 2407 842 2439 Conserantur
865 2419 938 2441 cum
959 2408 1019 2440 hac
1042 2410 1178 2452 epistola
1201 2411 1325 2444 litterae
1348 2412 1525 2445 Utcnhovii
1547 2414 1585 2447 ad

59 2462 136 2494 min.
159 2462 251 2494 Emd.
275 2463 314 2494 21
340 2463 431 2494 Febr.
458 2462 536 2495 1557
561 2464 732 2495 Cracoviae
757 2464 857 2496 datae.

59 2639 122 2677 ΝΟ.
148 2640 230 2676 129.
1157 2647 1204 2693 [Ex
1223 2651 1292 2684 Aret.
1304 2650 1369 2684 Secr.
1387 2652 1444 2692 neg.
1458 2649 1582 2696 Regium]

604 2741 662 2777 Ad
688 2742 822 2778 Dum-m
848 2742 1045 2779 Pnrssmn.

105 2857 305 2895 Statueram
332 2858 432 2907 plane
458 2859 530 2907 ipsc
558 2862 678 2898 venire
702 2861 745 2897 ad
770 2862 878 2898 Tuam
907 2862 1161 2899 Celsitndinem
1179 2867 1275 2901 recta
1292 2865 1385 2912 hinc,
1408 2866 1513 2903 simul
1530 2870 1583 2904 at-

57 2929 126 2964 que
160 2931 214 2954 me
246 2931 266 2954 a
291 2919 479 2956 Maiestate
503 2920 742 2965 absolvissem,
767 2934 807 2958 ac
837 2922 982 2969 proinde
1008 2923 1122 2959 nullas
1148 2923 1282 2961 interea
1313 2926 1418 2962 etiam
1443 2926 1582 2963 litteras

53 2977 97 3015 ad
122 2981 218 3015 tuam
245 2979 491 3018 celsitudinem
516 2980 607 3027 dedi,
634 2982 730 3030 quod
755 2982 902 3031 ipsemet
927 2983 1126 3022 litterarum
1150 2985 1228 3023 vice
1253 2998 1328 3024 esse
1352 2986 1523 3033 volebam,
1542 2992 1583 3026 ut
