1830 3147
231 110 292 159 [A.
319 111 363 148 D.
391 112 499 160 1558]
961 118 1030 156 754

235 218 298 255 N⁰.
325 219 405 256 131.
866 229 869 232 ⁴
1386 231 1598 279 [ntenhovius
1614 245 1638 268 ο.
1650 235 1669 267 1.
1680 245 1706 277 p.
1721 234 1765 280 3.]

825 345 883 383 Ad
907 346 1119 385 LECTOREM
1139 348 1179 396 ¹).

278 462 475 500 Pressimus
499 464 680 511 hactenus,
707 467 903 505 Christiane
927 468 1056 507 lector!
1084 470 1204 508 abitus
1229 473 1343 509 nostri
1360 485 1402 510 ex
1420 473 1551 521 Anglia
1568 475 1761 520 historiam,

229 525 458 571 posteaquam
500 528 641 564 nostrae
673 527 747 565 illic
780 528 969 575 Ecclesiae,
1007 533 1149 569 revecto
1182 545 1323 570 rursum
1358 534 1524 582 Papismo
1562 536 1763 585 dissipatae,

231 583 327 620 aliud
363 586 428 622 sibi
453 589 713 636 receptaculum
739 591 978 638 quaerendum
1004 605 1079 630 0550
1103 593 1187 630 alibi
1213 595 1433 633 statuissent.
1484 597 1531 634 Et
1556 597 1702 634 fecimus
1726 598 1763 635 id

230 658 312 682 sane
336 648 440 695 pacis,
467 650 584 697 quoad
610 652 684 688 eius
709 652 784 689 fieri
809 656 940 701 posset,
966 667 1046 691 cum
1071 655 1232 693 omnibus
1257 657 1463 694 retinendae
1481 658 1614 704 studio,
1639 659 1760 696 etiam-

228 708 258 743 si
289 709 402 746 multa
435 713 471 748 et
504 713 624 759 gravia
657 714 694 750 111
727 727 791 751 1105
817 718 853 751 et
879 715 1005 753 fratres
1030 720 1183 762 nostros,
1208 718 1436 766 profectionis
1462 722 1606 758 nostrae
1631 722 1758 766 socios,

229 772 367 816 praeter
406 774 569 809 nostrum
603 786 705 811 omne
740 776 907 813 meritum
941 777 1124 825 designata
1157 779 1282 826 passim
1317 782 1446 824 essent,
1481 793 1571 828 quae
1606 782 1759 819 iustissi-

227 843 317 866 mam
342 823 482 880 alioqui
499 847 638 871 causam
663 836 764 873 nobis
790 838 965 875 scribendi
990 851 1030 876 ea
1054 839 1097 876 de
1122 853 1159 877 re
1183 840 1317 888 aliquid
1334 841 1555 889 praebebant.
1582 843 1760 880 Nimirum

226 892 429 930 volebamus
461 894 578 933 illatas
611 896 712 934 nobis
745 898 891 935 iuiurias
923 912 1042 937 omnes
1067 903 1211 949 propter
1236 902 1416 938 Christum
1440 903 1613 950 patientia
1637 907 1761 941 nostra

226 953 366 991 vincere
399 958 436 992 et
469 957 591 994 turbas
624 971 743 995 omnes
776 960 918 998 silentio
952 965 1074 999 nostro
1100 962 1270 999 redimere
1295 963 1517 1001 innocentiae
1548 967 1689 1002 nostrae
1721 966 1759 1002 in

225 1016 328 1052 corde
353 1019 476 1054 nostro
501 1019 707 1057 testImonio
735 1021 829 1059 freti.
871 1022 939 1059 Sed
965 1036 1046 1060 cum
1071 1026 1194 1061 nostro
1220 1024 1362 1061 silentio
1387 1027 1582 1073 nostraque
1606 1026 1758 1063 toleran-

223 1077 282 1120 tia,
317 1090 388 1113 non
414 1078 529 1115 solum
554 1093 627 1117 non
652 1082 835 1119 mitescere
860 1086 1003 1121 nostros
1028 1084 1245 1122 adversarios
1273 1086 1383 1133 (quod
1410 1086 1572 1133 equidem
1599 1087 1756 1135 speraba-

222 1140 314 1186 mus)
340 1139 400 1175 sed
425 1140 540 1177 multo
566 1141 678 1179 adhuc
703 1143 810 1180 etiam
834 1145 946 1191 magis
970 1145 1179 1183 insolescere
1212 1146 1370 1194 adeoque
1403 1153 1439 1184 et
1473 1147 1608 1184 efferari
1632 1161 1672 1186 ac
1697 1161 1755 1185 ne-

222 1201 295 1237 scio
330 1214 419 1248 quos
452 1203 519 1239 sibi
553 1204 751 1253 triumphos
787 1206 830 1243 de
863 1206 964 1243 nobis
989 1209 1072 1244 ante
1098 1208 1249 1245 victoria
1274 1208 1457 1246 decernere
1484 1209 1693 1254 videramus,
1720 1212 1757 1247 et

221 1262 270 1308 pii
301 1275 420 1300 omnes
455 1264 569 1300 fraudi
603 1266 672 1302 iam
705 1266 867 1315 deinceps
898 1268 998 1305 nobis
1037 1270 1240 1316 nostrisque
1285 1270 1449 1306 Ecclesiis
1482 1271 1661 1308 silentium
1687 1272 1752 1309 hoc

219 1326 379 1360 nostrum
413 1325 486 1362 fore
518 1326 715 1364 iudicarent
748 1328 953 1377 hortatique
987 1342 1052 1367 nos
1077 1331 1145 1367 iam
1171 1331 1290 1378 plures
1315 1334 1444 1376 essent,
1471 1345 1514 1369 ne
1539 1336 1575 1369 et
1601 1333 1751 1380 dignita-

215 1386 287 1421 tem
312 1385 422 1434 ipsam
447 1387 686 1425 Ecclesiarum
713 1393 914 1427 nostrarum
940 1393 977 1427 et
1002 1392 1116 1428 nostri
1142 1392 1177 1428 in
1204 1392 1273 1429 illis
1300 1393 1487 1429 ministerii
1519 1393 1621 1430 fidem
1646 1394 1749 1430 silen-

219 1447 271 1482 tio
314 1447 462 1495 amplius
498 1452 621 1486 nostro
658 1451 897 1498 proderamus,
932 1452 1208 1500 abrumpendum
1241 1453 1330 1489 illud
1362 1454 1464 1490 nobis
1499 1454 1641 1491 tandem
1676 1467 1751 1492 esse

216 1511 446 1556 quantumvis
480 1511 587 1548 inviti
628 1512 918 1558 existimavimus,
961 1527 1005 1550 ne
1047 1514 1239 1550 calumnias
1264 1514 1542 1552 adversariorum
1566 1516 1753 1563 agnovisse

216 1571 374 1618 nihilque
399 1571 495 1619 quod
519 1573 563 1609 ad
588 1586 645 1610 eas
678 1574 965 1622 responderemus
998 1575 1160 1612 habuisse
1185 1575 1394 1612 videremur.
1443 1577 1613 1614 Dedimus
1638 1578 1750 1625 igitur

217 1633 401 1679 negocium
425 1653 473 1662 —-
498 1646 577 1671 cum
611 1634 711 1671 nobis
745 1635 879 1683 alioqui
903 1636 989 1684 ipsis
1014 1649 1086 1673 non
1112 1638 1252 1673 vacaret
1277 1658 1323 1665 -
1350 1650 1391 1673 ex
1418 1637 1567 1675 fratrum
1593 1639 1749 1676 omnium

216 1694 363 1730 consilio
390 1695 658 1733 conscribendae
683 1697 850 1734 historiae
874 1697 993 1735 abitus
1017 1698 1131 1735 nostri
1148 1698 1243 1734 illius
1261 1712 1304 1735 ex
1321 1699 1449 1747 Anglia
1466 1700 1543 1737 viro
1557 1700 1749 1737 clarissimo

216 1755 260 1790 D.
287 1755 414 1792 Ioanni
439 1757 655 1802 Uteuhovio,
681 1758 836 1806 collegae
873 1761 996 1797 nostro
1022 1762 1059 1797 et
1083 1762 1283 1797 nostrarum
1308 1760 1346 1796 in
1370 1760 1498 1808 Anglia
1523 1761 1655 1809 pridem
1681 1762 1747 1798 Ec·

213 1817 398 1854 elesiarum
433 1820 648 1868 presbytero,
684 1821 786 1858 cuius
822 1834 905 1859 sane
939 1822 1008 1859 viri
1042 1823 1199 1871 probitas
1224 1823 1309 1859 fides
1335 1823 1490 1870 gravitas
1516 1823 1670 1860 eruditio
1695 1825 1747 1860 at-

214 1892 283 1926 que
318 1880 506 1928 integritas
542 1883 617 1930 ipsa
642 1883 760 1920 notior
786 1884 852 1931 piis
877 1885 1007 1932 passim
1033 1884 1206 1929 omnibus,
1233 1898 1338 1932 quam
1363 1887 1406 1921 ut
1430 1885 1503 1921 ulla
1529 1888 1630 1932 egeat
1655 1898 1746 1922 com-

214 1941 447 1979 mendatione.
499 1944 604 1980 Certe
630 1944 692 1992 qui
718 1945 894 1981 hominem
920 1951 1065 1990 norunt,
1092 1959 1164 1983 non
1189 1946 1405 1983 dubitabunt
1430 1946 1472 1983 de
1497 1946 1563 1983 fide
1588 1946 1684 1983 illius
1711 1947 1747 1983 in

218 2002 418 2049 conscripta
442 2015 503 2050 per
528 2004 642 2051 ipsum
667 2004 968 2052 Peregrinationis
993 2008 1136 2043 nostrae
1161 2006 1265 2043 istius
1292 2006 1437 2043 historia
1455 2018 1560 2053 quam
1578 2018 1641 2042 nos
1659 2019 1747 2054 quo-

217 2076 286 2110 que
319 2077 437 2102 veram
469 2078 544 2102 esse
577 2079 692 2103 coram
726 2068 880 2105 Domino
913 2080 976 2116 pro
1010 2080 1050 2105 eo
1088 2081 1128 2105 ac
1162 2067 1262 2105 nobis
1298 2075 1352 2104 est
1387 2068 1530 2115 cognita
1562 2070 1746 2105 testamur.

217 2125 351 2171 Quodsi
377 2127 439 2174 qui
464 2127 691 2165 nihilominus
716 2129 818 2165 fidem
843 2129 940 2166 illius
966 2130 1003 2166 in
1029 2129 1173 2166 dubium
1196 2142 1324 2166 vocare
1340 2132 1514 2166 conentur
1529 2150 1577 2158 —
1594 2132 1636 2166 ut
1654 2142 1746 2167 nunc

215 2191 299 2224 sunt
333 2189 502 2234 homines,
537 2191 598 2238 qui
631 2191 796 2238 perfricta
827 2192 954 2236 fronte,
989 2204 1079 2240 quae
1114 2191 1296 2228 verissima
1329 2204 1403 2228 esse
1435 2191 1548 2239 palam
1593 2194 1746 2236 constat,

217 2249 387 2286 mendacii
413 2250 521 2287 nihilo
548 2252 661 2288 secius
687 2265 849 2289 accusare
874 2255 991 2289 tamen
1017 2258 1192 2290 conantur
1213 2273 1260 2280 —-
1285 2265 1349 2289 nos
1367 2252 1491 2289 talium
1510 2252 1746 2300 impudentiae

214 2309 459 2356 Apostolicum
484 2310 574 2347 illud
601 2311 775 2349 duntaxat
800 2313 1028 2361 opponimus:
1060 2313 1259 2354 ffSistemur
1277 2312 1358 2348 olim
1377 2311 1419 2348 ad
1438 2312 1593 2348 tribunal
1612 2312 1744 2348 Christi
1762 2346 1771 2349 Δ

218 2370 395 2415 Ι)01111111”,
422 2375 458 2409 et
491 2377 570 2410 tum
604 2374 717 2411 omnis
751 2375 854 2411 fucus
889 2377 997 2422 atque
1023 2374 1214 2422 hypocrisis
1239 2373 1517 2410 adversariorum
1542 2376 1743 2410 nostrorum

215 2444 331 2469 coram
374 2434 467 2470 orbis
503 2435 616 2471 totius
651 2436 789 2473 theatro
824 2437 1075 2485 conspicietur.
1125 2436 1226 2471 Hanc
1260 2438 1416 2472 nostram
1458 2435 1742 2482 provocationem

214 2494 281 2540 piis
315 2495 476 2532 omnibus
512 2497 771 2534 satisfacturam
806 2510 880 2535 esse
912 2510 984 2534 non
1020 2497 1233 2533 dubitamus.
1284 2497 1434 2533 Interim
1470 2496 1646 2544 disperdat
1670 2495 1742 2530 Do-

216 2555 331 2592 minus
363 2556 454 2593 labia
487 2557 607 2595 dolosa
642 2561 678 2596 et
710 2559 848 2606 linguas
874 2559 1128 2607 magniloquas.
1177 2559 1302 2595 Amen.
1352 2557 1529 2602 Calissiae,
1554 2557 1590 2592 111
1614 2554 1744 2592 maiore

212 2616 373 2661 Polonia,
400 2619 444 2654 26
471 2619 605 2664 Martii,
631 2620 737 2657 Anno
763 2621 866 2658 1558.

1182 2680 1345 2716 IOANNES
1369 2680 1391 2716 a
1416 2681 1549 2716 LAsco.

255 2793 280 2831 1)
304 2793 516 2826 Praefaminis
540 2794 641 2826 instar
665 2794 741 2827 haec
766 2793 903 2836 epistola
925 2796 973 2824 est
997 2793 1029 2823 111
1052 2791 1160 2823 libello
1184 2790 1360 2824 Utenhovii
1383 2791 1422 2822 ad
1454 2792 1549 2832 caput
1572 2790 1665 2822 huius
1690 2801 1739 2833 ep.

215 2848 323 2881 citato.

213 2957 261 2965 ..w—
