1830 3147
1527 149 1602 184 269

71 279 142 318 que
168 265 209 304 in
236 265 349 304 nobis
374 263 485 316 plane
512 261 644 301 salutis
673 266 825 300 nostrae
853 273 968 312 spem,
994 259 1096 310 quod
1124 258 1163 297 in
1191 258 1304 298 nobis
1331 262 1400 304 est,
1425 258 1608 310 reliquam

72 344 153 370 esse
180 341 441 380 agnoscamu8‚
459 349 511 357 —
527 332 564 366 et
593 330 645 369 ut.
673 325 783 363 nobis
809 325 863 362 ita
890 325 965 362 iam
994 323 1116 370 diffisi,
1135 323 1182 361 ad
1201 322 1500 373 magnitudinem
1520 335 1609 374 pro·

69 396 174 434 tinus
201 394 386 444 gratuitae
414 391 484 430 Dei
516 404 604 440 erga
632 403 702 429 nos
730 390 769 428 in
799 389 953 427 Christo
978 387 1271 434 misericordiae,
1300 387 1430 426 oeulos
1458 390 1610 425 nostros

71 473 136 511 per
170 459 282 497 fidem
319 460 582 494 convertamus
622 454 783 506 illosque
820 458 920 492 totos
957 453 998 491 in
1033 452 1254 490 admirabile
1291 452 1400 496 illud,
1435 451 1609 503 idemque

71 524 185 562 etiam
211 520 478 561 indissolubile
505 524 659 558 nostrae
687 532 769 557 cum
800 518 952 556 Christo
980 517 1147 555 Domino
1175 517 1341 566 gratuito
1368 516 1480 555 nobis
1508 516 1611 554 dela-

70 593 132 627 tae
168 584 445 626 communionis
483 585 674 623 vinculum
711 583 932 633 defigamus,
963 583 1004 621 in
1041 595 1115 634 quo
1152 582 1215 620 ille
1251 595 1399 621 omnem
1442 586 1610 621 nostram

72 652 329 692 infirmitatem
358 664 441 689 cum
470 650 647 689 omnibus
675 649 754 687 eius
782 648 979 695 fructibus,
1008 660 1084 686 non
1113 647 1283 699 equidem
1313 647 1424 685 nobis
1439 647 1613 699 amplius,

73 718 138 757 sed
174 717 247 756 sibi
285 716 369 768 ipsi,
397 728 547 753 omnem
575 727 662 753 vero
691 722 796 752 s'uam
824 713 1008 752 iustitiam
1038 726 1081 750 ac
1108 712 1472 764 plenisuffioientiam
1501 712 1612 750 nobis

73 796 198 828 secum
225 783 277 822 ita
306 782 386 820 vult
411 781 604 832 imputari,
630 785 673 818 ut
701 793 821 830 neque
848 792 917 817 nos
947 779 1027 817 sine
1055 780 1168 827 (624)
1193 778 1258 815 illo
1286 778 1403 827 affligi
1431 779 1503 816 iam
1524 790 1613 828 pos-

71 849 188 887 simus
235 847 468 898 corruptelae
504 850 655 884 nostrae
702 846 741 883 in
787 847 912 896 ipsum
949 844 1155 883 translatae
1192 844 1357 890 nomine,
1393 856 1514 895 neque
1549 843 1613 880 ille

71 914 152 952 sine
200 912 310 951 nobis
354 912 394 950 in
432 911 585 949 coelesti
621 924 688 949 sua
734 911 868 960 gloria,
911 913 954 948 ut
989 914 1101 961 caput
1138 909 1217 947 sine
1255 922 1423 961 corpore,
1458 923 1632 960 regnare,

73 979 186 1016 etiam
223 977 354 1029 possit.
411 976 562 1014 Habere
598 976 716 1024 igitur
752 975 900 1026 impios,
930 974 1199 1012 beneficiorum
1226 974 1296 1013 Dei
1325 980 1615 1027 contemptores,

78 1055 225 1081 crucem
263 1054 369 1079 suam
404 1041 445 1079 in
483 1041 558 1078 vita
586 1040 666 1086 hac,
695 1039 811 1077 veluti
837 1039 1027 1090 primitias
1055 1039 1239 1090 quasdam
1266 1043 1504 1079 aeternorum
1532 1053 1614 1078 cru-

75 1106 238 1144 ciatuum
278 1110 313 1144 et
348 1109 521 1144 aeternae
557 1104 898 1149 condemnationis,
935 1117 979 1142 eo
1021 1104 1120 1155 quod
1152 1104 1317 1142 delatum
1345 1105 1419 1143 sibi
1447 1119 1615 1144 commu-

75 1171 201 1210 nionis
230 1170 339 1208 huius
369 1183 452 1208 cum
482 1170 633 1208 Christo
662 1169 855 1208 vinculum
884 1169 1072 1208 destinata
1099 1169 1375 1208 incredulitatis
1403 1184 1490 1209 suae
1524 1185 1616 1210 cou-

74 1235 239 1273 tumacia
267 1248 288 1272 a
316 1248 354 1272 se
382 1234 475 1286 ipsis
502 1235 733 1286 repulerunt,
771 1234 1076 1286 quandoquidem
1106 1238 1211 1273 extra
1241 1235 1311 1273 hoc
1341 1237 1616 1275 communionis

76 1300 185 1338 istius
224 1313 306 1338 cum
337 1299 489 1338 Christo
518 1299 711 1338 vinculum
740 1313 817 1338 non
845 1304 901 1338 est
930 1313 1014 1351 spes
1041 1299 1174 1338 salutis
1201 1300 1291 1346 ulla,
1319 1301 1520 1353 omniaque
1540 1305 1617 1340 tam

76 1365 172 1403 laeta
208 1378 321 1416 quam
355 1364 479 1403 tristia
515 1365 684 1403 exitialia
711 1365 823 1416 plane
849 1378 931 1403 esse
959 1369 1122 1417 oportet.
1176 1365 1329 1404 Habere
1355 1366 1444 1405 item
1472 1371 1508 1405 et
1534 1367 1617 1419 pios

77 1444 226 1469 crucem
263 1444 366 1468 suam
404 1430 510 1468 iuxta
546 1435 743 1469 externum
780 1430 934 1481 quidem
963 1431 1087 1468 carnis
1116 1435 1322 1482 aspectum,
1351 1432 1454 1470 cruci
1480 1432 1617 1484 impio·

75 1509 158 1534 rum
186 1509 263 1534 non
294 1495 516 1542 absimilem,
543 1509 587 1535 eo
615 1496 715 1547 quod
745 1497 897 1547 utrique
924 1496 965 1534 in
994 1496 1121 1534 eadem
1153 1510 1265 1535 carne
1293 1497 1355 1535 hic
1384 1498 1507 1536 adhuc
1535 1513 1618 1537 ver-

79 1565 220 1606 sentur,
248 1561 313 1600 sed
339 1561 443 1599 iuxta
472 1561 661 1599 internum
691 1576 718 1613 si
735 1562 845 1600 iritus
873 1561 1055 1599 iudicium
1082 1562 1123 1600 in
1150 1562 1225 1601 fide
1252 1563 1365 1612 longe
1385 1563 1619 1610 dissimilem,

79 1639 211 1677 nempe
247 1639 342 1677 quae
377 1632 413 1665 et
448 1627 530 1678 ipsa
566 1626 714 1678 quidem
752 1627 834 1678 pios
871 1640 1002 1665 omnes
1039 1627 1239 1666 admoneat
1268 1628 1417 1667 divinae
1442 1629 1619 1678 iustitiae,

79 1691 144 1729 sed
170 1691 284 1741 longe
311 1692 457 1730 diversa
485 1692 643 1737 ratione,
670 1705 802 1743 nempe
829 1692 1009 1730 adiuncta
1038 1692 1148 1730 simul
1170 1692 1283 1731 etiam
1301 1693 1452 1732 divinae
1471 1694 1618 1734 miseri-

78 1753 226 1792 cordiae
253 1758 289 1792 et
316 1758 468 1793 nostrae
495 1754 568 1793 iam
599 1768 681 1793 cum
713 1755 863 1794 Christo
893 1755 1057 1794 Domino
1089 1757 1369 1797 communionis
1404 1759 1619 1799 considera-

76 1818 193 1858 tione.
249 1818 341 1857 Esse
369 1819 469 1858 enim
499 1833 648 1858 crucem
675 1820 823 1871 piorum
850 1822 1283 1870 memoracu-(625)lum
1311 1823 1503 1874 quoddam
1530 1825 1621 1864 iusti

79 1884 149 1922 Dei
177 1885 354 1923 adversus
382 1890 578 1937 peccatum
604 1886 750 1933 iudicii,
778 1886 892 1938 quod,
920 1887 991 1925 etsi
1019 1886 1194 1926 Christus
1223 1888 1409 1928 Dominus
1438 1890 1521 1929 loco
1550 1904 1620 1930 no-

77 1953 168 1996 stro,
206 1949 247 1988 in
282 1963 392 1988 carne
421 1950 595 1989 videlicet
622 1955 765 1998 nostra,
794 1951 979 1990 sustinere
1006 1952 1080 1990 iam
1110 1953 1198 1991 olim
1227 1967 1450 2006 omnemque
1478 1957 1622 2007 peceati

78 2014 199 2052 nostri
243 2014 596 2054 condemnationem
633 2019 754 2054 morte
788 2016 842 2054 ita
879 2017 1029 2055 demum
1066 2031 1132 2056 sua
1168 2019 1319 2070 expiare
1348 2019 1526 2070 dignatus
1554 2026 1623 2067 est,

78 2079 255 2131 reliquias
282 2083 407 2118 tamen
434 2081 538 2118 illius
566 2081 748 2132 quasdam
776 2085 903 2120 extare
931 2082 1055 2121 adhuc
1084 2083 1164 2122 vult
1190 2083 1231 2122 in
1260 2098 1327 2122 sua
1345 2085 1529 2131 Ecclesia,
1544 2100 1621 2126 non

79 2156 173 2194 quae
209 2144 254 2182 ad
294 2148 463 2183 nostram
498 2145 660 2196 amplius
689 2146 1044 2186 condemnationem
1071 2149 1150 2186 ullo
1180 2149 1335 2187 omnino
1365 2151 1477 2188 modo
1505 2152 1622 2202 perti-

78 2211 195 2246 neant
229 2208 347 2257 (hanc
381 2209 480 2247 enim
519 2209 812 2261 locupletissime
848 2211 924 2249 iam
960 2212 1150 2263 expiatam
1187 2213 1400 2263 habemus),
1423 2214 1487 2253 sed
1515 2229 1625 2267 quae,

80 2273 194 2311 veluti
232 2273 336 2311 frena
377 2273 560 2324 quaedam
597 2279 747 2313 nostrae
784 2276 823 2313 in
862 2275 974 2314 nobis
1013 2277 1258 2328 corruptelae,
1297 2279 1336 2316 in
1384 2284 1514 2318 nostro
1549 2293 1621 2319 nos

79 2339 200 2376 officio
227 2338 274 2377 ad
303 2339 419 2377 vitam
447 2344 636 2378 aeternam
665 2341 897 2388 contineant,
926 2355 1058 2394 nempe
1085 2348 1125 2381 ut
1152 2347 1187 2382 et
1214 2349 1383 2383 nostram
1411 2345 1482 2397 ipsi
1508 2346 1620 2385 mise-

78 2403 171 2441 riam
208 2403 248 2442 in
283 2409 459 2456 perpetua
497 2405 558 2443 hic
592 2406 739 2457 peccati
777 2406 953 2445 servitute
989 2412 1026 2446 et
1050 2409 1240 2458 gratuitae
1268 2409 1379 2448 simul
1407 2411 1520 2449 etiam
1549 2411 1618 2450 Dei

79 2481 164 2518 erga
192 2482 262 2507 nos
289 2469 569 2509 misericordiae
595 2470 908 2520 magnitudinem,
935 2485 1045 2511 cruce
1071 2473 1196 2525 aliqua
1224 2475 1355 2525 pressi,
1382 2489 1447 2527 per
1467 2489 1616 2516 omnem

80 2533 140 2571 hic
168 2534 281 2572 vitam
309 2538 477 2573 nostram
507 2548 710 2585 agnoscere
738 2535 940 2576 discamus.

130 2602 168 2638 4.
223 2598 401 2638 Monetur
438 2613 560 2649 aeger,
586 2604 641 2647 ut,
666 2605 911 2652 posteaquam
938 2602 1092 2640 morbus
1117 2602 1236 2653 ipsius
1262 2607 1319 2642 est
1345 2604 1402 2642 illi
1426 2605 1617 2646 immissus

80 2676 101 2700 a
138 2663 303 2701 Domino
341 2664 380 2702 in
424 2665 715 2703 memoraculum
748 2665 898 2704 divinae
924 2666 1090 2705 iustitiae
1119 2666 1231 2704 simul
1255 2680 1300 2705 ac
1325 2669 1617 2718 misericordiae,

79 2726 158 2779 ipse
194 2741 341 2780 quoque
380 2728 532 2768 divinae
570 2743 659 2780 erga
696 2743 735 2769 se
771 2731 809 2769 in
847 2731 981 2770 morbo
1020 2745 1087 2770 suo
1124 2736 1160 2770 et
1195 2732 1360 2772 iustitiae
1396 2739 1432 2773 et
1468 2736 1615 2774 miseri-

82 2791 230 2831 cordiae
257 2792 472 2832 meminisse
500 2794 602 2834 velit.
655 2794 829 2834 Iustitiae
854 2809 970 2847 porro
997 2796 1147 2835 divinae
1174 2798 1341 2837 omnium
1370 2800 1509 2851 optime
1536 2815 1614 2840 me-

81 2856 258 2896 minimus
300 2857 341 2896 in
386 2858 569 2909 Decalogi
614 2860 930 2900 consideratione.
997 2861 1296 2902 Misericordiam
1341 2870 1467 2903 autem
1502 2870 1614 2916 (626)

82 2920 191 2960 nobis
227 2923 396 2961 omnium
423 2923 703 2963 evidentissime
731 2926 968 2965 commendat
997 2930 1126 2965 nostra
1155 2940 1239 2966 cum
1268 2928 1420 2968 Christo
1448 2929 1613 2981 Domino
