1830 3147
64 1124 166 1155 Roma
188 1124 217 1156 4.

66 1716 156 1748 Ioan.
179 1716 231 1748 16.

65 1759 84 1790 2
108 1758 182 1790 Cor.
205 1759 233 1789 5.

64 1801 166 1842 Ephe.
191 1801 218 1837 1,
242 1802 272 1831 4.

63 1843 82 1873 2
106 1842 179 1874 Cor.
205 1843 233 1875 5.

63 1885 166 1926 Ephe.
191 1885 218 1922 l,
242 1886 272 1916 4.

64 1927 156 1959 Rom.
179 1929 209 1959 4.

65 2700 179 2733 Roma.
203 2701 253 2734 11.

63 2742 182 2783 EpheS.
205 2745 233 2774 5.

65 2784 198 2827 I'hillip.
222 2786 251 2818 2.

64 2826 82 2857 1
106 2826 176 2859 Pet.
199 2827 244 2860 ΙΙ.

65 2867 149 2903 Mat.
171 2869 228 2901 XI.

353 104 424 141 458
827 113 1003 144 onnon.
1033 115 1142 144 nect.
1171 114 1289 144 LoNn.

354 222 463 257 natae
489 222 590 263 sunt,
616 217 798 270 quamdiu
823 232 1000 271 praesens
1028 219 1119 258 haec
1146 220 1223 259 vita
1251 225 1379 259 nostra
1406 221 1546 271 agitur.

927 349 1064 388 Interr.
1093 352 1179 389 216.

405 413 479 450 Cur
516 413 703 452 Dominus
740 414 1040 452 Sacramentales
1076 415 1162 452 illas
1200 415 1453 454 caeremonias
1491 417 1528 455 et
1566 417 1637 454 sub
1666 430 1764 456 novo

353 477 390 516 et
418 478 487 515 sub
516 482 639 517 vetere
666 478 816 517 foedere
842 478 1008 517 instituit
1037 479 1222 531 nobisque
1248 480 1295 518 iis
1325 481 1380 518 uti
1407 481 1676 533 praescripsit?

1000 608 1114 659 Resp.

404 670 496 708 Tres
531 670 728 722 praecipue
766 684 897 709 causae
935 676 1034 719 sunt,
1070 673 1118 710 ob
1147 686 1239 724 quas
1269 675 1604 713 Sacramentalium
1635 676 1765 725 signo-

352 748 435 772 rum
471 748 578 772 usum
615 740 691 773 tam
728 735 799 773 sub
836 749 935 773 novo
965 750 1074 787 quam
1103 737 1172 775 sub
1203 742 1324 776 vetere
1351 739 1501 778 foedere
1528 740 1567 777 in
1598 740 1767 778 Ecclesia

353 813 420 838 sua
448 800 679 838 ordinaverit
709 800 895 839 Dominus
923 803 1026 850 (80²¹)
1054 801 1368 855 observatumque
1397 805 1536 855 cupiat.

929 932 1069 972 Interr.
1098 935 1185 975 217.

403 995 600 1034 Quaenam
629 996 750 1047 prima
781 1008 892 1035 causa
920 1000 1002 1036 est?

1008 1063 1122 1114 Resp.

403 1123 458 1161 Ut
496 1136 583 1161 suae
612 1137 700 1173 erga
729 1138 797 1163 nos
826 1126 969 1174 gratiae
997 1131 1121 1164 essent
1149 1126 1366 1164 testimonia
1394 1132 1430 1165 et
1459 1127 1571 1165 veluti
1598 1127 1765 1176 sigillum

352 1186 595 1236 obsignatum
626 1189 927 1227 communionem
957 1196 1125 1228 nostram
1153 1196 1265 1242 atque
1292 1191 1471 1229 unionem
1499 1204 1585 1228 cum
1613 1191 1766 1230 Christo

351 1251 388 1288 in
418 1251 589 1289 Ecclesia
618 1266 682 1290 sua
711 1253 970 1302 obsignarent,
996 1255 1164 1306 adeoque
1193 1255 1283 1293 fides
1313 1260 1441 1292 nostra
1461 1258 1575 1306 (quae
1596 1256 1765 1307 alioquin

351 1316 485 1354 debilis
513 1319 586 1364 est)
614 1330 741 1355 eorum
772 1332 841 1356 usu
869 1325 1102 1357 exerceretur
1127 1324 1162 1358 et
1187 1319 1233 1357 ad
1252 1320 1527 1371 reputationem
1548 1321 1763 1359 coelestium

351 1381 535 1418 donorum
566 1381 802 1431 dirigeretur.

929 1513 1065 1551 Interr.
1094 1515 1182 1552 218.

402 1574 541 1612 Nonne
555 1574 645 1612 haec
658 1580 780 1613 tamen
794 1576 943 1627 proprie
955 1576 1113 1627 Spiritui
1126 1578 1267 1615 Sancto
1280 1577 1425 1615 auctori
1437 1577 1636 1616 tribuenda
1650 1580 1765 1616 sunt?

1006 1642 1118 1692 Resp.

404 1704 584 1751 Omnino,
613 1705 722 1755 plane
750 1711 787 1743 et
813 1706 917 1743 omni
945 1711 1050 1756 parte
1078 1706 1238 1757 Spiritui
1267 1708 1406 1744 Sancto
1427 1707 1573 1745 auctori
1592 1707 1763 1745 tribuen-

352 1768 397 1805 (ln
435 1774 535 1807 sunt.
591 1769 661 1806 Ille
705 1770 802 1807 enim
843 1770 1033 1808 Christum
1071 1770 1338 1821 interpretatur
1374 1773 1481 1818 (soh)
1518 1777 1765 1823 aeternusque

350 1846 393 1870 ac
430 1833 598 1884 locuples
635 1834 740 1872 testis
776 1840 831 1872 est
859 1835 977 1872 totius
1006 1835 1200 1872 doctrinae
1228 1835 1473 1886 omniumque
1501 1836 1764 1873 mandatorum

351 1897 506 1942 Christi,
542 1899 679 1949 quippe
715 1899 778 1950 qui
815 1899 854 1936 in
893 1899 1004 1937 corde
1032 1904 1162 1937 nostro
1193 1899 1334 1937 Christi
1363 1900 1663 1938 communionem
1692 1901 1762 1938 ob-

351 1963 486 2011 signet‚
523 1963 585 2001 sed
626 1964 764 2001 exserit
802 1965 898 2001 hanc
936 1977 1040 2001 suam
1070 1964 1145 2001 vim
1172 1964 1276 2002 iuxta
1306 1965 1458 2002 verbum
1489 1970 1601 2015 atque
1630 1967 1763 2002 Sacra-

352 2032 564 2065 mentorum
602 2041 721 2074 usum,
759 2029 898 2079 quibus
936 2028 1007 2066 hoc
1043 2028 1271 2067 adscribitur
1301 2042 1346 2067 ne
1375 2042 1469 2067 vana
1498 2035 1609 2080 atque
1636 2029 1762 2068 inania

352 2092 458 2141 signa
489 2093 601 2130 nobis
631 2093 860 2132 viderentur.

929 2156 1069 2195 Interr.
1099 2159 1185 2195 219.

403 2219 509 2258 Quid
536 2233 647 2271 porro
676 2220 713 2258 in
744 2234 854 2258 causa
882 2226 950 2266 cst,
978 2234 1041 2258 cur
1070 2222 1310 2259 Sacramenta
1340 2221 1511 2259 instituta
1541 2221 1644 2258 sint?

1000 2349 1113 2400 Resp.

404 2412 456 2450 Ut
483 2417 660 2464 perpetuo
691 2426 759 2450 nos
788 2413 906 2451 debiti
926 2414 1111 2465 officiique
1131 2414 1250 2452 nostri
1268 2427 1333 2465 per
1352 2418 1474 2452 totum
1495 2414 1591 2451 vitae
1611 2418 1760 2451 nostrae

351 2489 499 2515 cursum
529 2477 773 2515 admonerent
801 2477 921 2528 adque
949 2491 990 2515 ea
1019 2478 1191 2516 obeunda
1222 2478 1421 2515 incitarent
1450 2491 1530 2516 nos.

922 2544 1063 2582 lnterr.
1093 2546 1180 2582 220.

401 2606 487 2644 Qua
514 2605 686 2643 ratione?

933 2670 1045 2721 Resp.
1075 2673 1178 2719 (81²³)

401 2736 530 2772 Quum
567 2733 639 2771 fide
675 2734 766 2771 haec
804 2733 912 2771 nohis
952 2734 1111 2774 subierit
1148 2735 1349 2787 persuasit),
1386 2747 1466 2772 esse
1506 2747 1573 2771 nos
1606 2733 1757 2771 Christo

351 2797 513 2835 Domino
559 2798 822 2836 communione
866 2798 984 2849 ipsius
1032 2799 1268 2842 coniunctos.
1306 2799 1376 2836 hoc
1412 2811 1562 2849 quoque
1598 2798 1758 2835 officium

350 2862 460 2900 nobis
489 2862 717 2908 incumbere,
743 2866 784 2900 ut
811 2861 1014 2911 imaginem
1045 2864 1185 2902 Christi
1214 2864 1253 2901 in
1282 2861 1385 2900 omni
1405 2862 1481 2900 vita
1501 2868 1627 2899 nostra
1647 2866 1759 2912 atque
