1830 3147
1579 165 1626 202 83

84 276 170 329 quia
207 277 279 316 tibi
314 276 578 328 complacitum
605 280 673 321 est,
700 274 809 314 Pater
837 276 983 314 sancte!
1012 279 1053 314 ut
1080 276 1245 328 parvulis
1272 276 1507 328 potissimum
1535 291 1618 326 my-

83 343 194 381 steria
230 343 377 381 divinae
405 343 490 390 (61)
525 346 612 380 tuae
652 341 855 379 voluntatis
897 341 1101 391 patefacias
1147 346 1258 392 atque
1302 342 1388 379 illos
1433 341 1617 393 imprimis

83 407 272 459 respicias,
305 407 370 458 qui
406 406 447 444 in
484 406 636 457 spiritus
667 405 875 443 humilitate
912 405 1042 456 suique
1073 405 1242 456 ipsorum
1270 405 1484 452 diffidentia,
1511 412 1617 444 tuum

83 471 266 509 duntaxat
302 471 456 509 verbum
492 475 682 522 expetunt,
717 470 757 507 in
783 470 848 507 illo
878 469 1147 520 conquiescunt
1181 483 1224 507 ac
1260 474 1470 508 reverenter
1497 470 1544 508 ad
1571 471 1618 508 il-

83 536 147 574 lud
175 536 337 574 filiorum
364 536 484 574 instar
512 536 806 573 contremiscunt
828 533 869 581 ¹),
888 556 938 563 —
967 534 1013 572 da
1040 534 1163 578 nobis,
1181 548 1418 585 quaesumus.
1440 535 1619 587 Spiritum

85 606 253 640 sanctum
290 607 409 646 tuum,
445 601 507 652 qui
544 614 694 638 omnem
731 600 852 638 nostri
888 600 1056 651 ipsorum
1092 600 1269 637 fiduciam
1307 601 1442 638 animis
1483 602 1621 638 nostris

83 667 217 705 evellat
245 680 467 717 omnemque
503 666 626 704 carnis
653 670 803 704 nostrae
831 665 1051 716 sapientiam
1080 665 1191 702 simul
1218 671 1330 715 atque
1357 666 1623 715 arrogantiam,

79 732 152 770 tibi
179 732 320 783 alioqui
347 732 610 776 adversariam,
628 732 727 769 intra
748 744 817 769 nos
835 731 936 782 ipsos
956 730 1162 781 supprimat
1181 729 1224 778 ²),
1245 736 1280 767 et
1300 744 1381 774 nos,
1401 731 1619 782 iampridem

81 796 314 834 errabundos
343 800 453 847 atque
480 796 527 834 ab
556 795 660 833 omni
687 795 853 832 veritatis
883 794 1037 832 salutari
1073 795 1289 844 cognitione
1326 808 1391 845 per
1426 802 1618 845 peccatum

81 861 266 906 exclusos,
293 861 332 898 in
362 874 509 898 omnem
540 861 732 898 veritatem
758 873 889 897 rursus
918 859 1118 903 clementer
1144 859 1309 897 reducat.
1339 859 1393 897 Ut
1419 864 1456 898 te
1483 861 1622 910 pariter

81 938 212 964 omnes
239 926 279 963 in
307 925 506 963 sanctitate
532 930 568 963 et
595 925 737 963 iustitia
765 928 844 962 tota
873 923 949 961 vita
977 928 1107 961 nostra
1135 924 1314 969 colamus,
1349 929 1458 975 teque
1493 938 1621 962 verum

82 990 202 1028 Deum
231 995 402 1029 nostrum
432 1003 523 1035 esse,
552 1003 626 1028 non
655 990 784 1038 lingua
811 993 972 1034 tantum,
1000 988 1065 1026 sed
1091 988 1183 1039 ipsis
1211 989 1320 1026 etiam
1349 989 1536 1026 fructibus
1565 990 1620 1026 vi-

82 1061 140 1094 tae
175 1060 326 1094 nostrae
361 1069 444 1093 vere
481 1060 516 1093 et
549 1069 593 1093 ex
631 1055 757 1093 animo
795 1054 834 1091 in
873 1059 1075 1104 conspectu
1111 1053 1278 1091 omnium
1306 1055 1549 1104 profiteamur
1577 1057 1624 1102 ³).

82 1120 188 1158 Haec
229 1121 296 1159 abs
332 1126 368 1158 te
403 1121 577 1172 petimus,
612 1120 721 1157 Pater
757 1119 1103 1168 indulgentissime!
1140 1132 1206 1170 per
1234 1132 1371 1157 nomen
1400 1120 1525 1158 dilecti
1553 1121 1622 1158 filii

77 1185 135 1222 tui
163 1185 305 1223 Christi
332 1186 430 1231 Iesu,
457 1198 500 1222 ea
526 1185 619 1236 ipsa,
646 1198 756 1235 quam
785 1184 847 1221 ille
869 1184 979 1221 nobis
995 1183 1163 1230 tradidit,
1181 1184 1408 1235 precatione,
1428 1184 1613 1223 dicentes:

79 1249 189 1287 Pater
216 1254 342 1287 noster
369 1249 434 1300 qui
460 1263 498 1287 es
526 1250 566 1287 in
595 1249 720 1294 coelis,
748 1248 845 1287 etc.”
872 1250 958 1297 (62)

130 1380 221 1417 Post
255 1379 468 1417 absolutam
504 1392 590 1417 vero
629 1378 864 1416 Dominicam
901 1378 1154 1429 precationem
1198 1378 1304 1416 iussu
1352 1377 1519 1416 Ministri
1555 1392 1616 1416 or-

79 1446 235 1483 diuntur
268 1446 459 1483 Psalmum
492 1445 665 1496 aliquem,
700 1444 765 1495 qui
800 1444 847 1482 ad
885 1444 923 1481 id
967 1445 1204 1496 peculiariter
1238 1448 1390 1495 propter
1426 1444 1616 1482 vitandam

81 1514 211 1548 cantus
248 1510 505 1547 confusionem
535 1509 712 1547 destinati
739 1514 839 1553 sunt,
878 1510 1093 1547 succinente
1128 1510 1301 1560 protinus
1336 1514 1415 1547 tota
1451 1510 1619 1548 Ecclesia

82 1586 165 1611 cum
194 1587 338 1612 summa
365 1574 548 1612 modestia
575 1578 612 1611 et
639 1574 843 1623 gravitate;
880 1574 1069 1625 finitoque
1095 1575 1244 1612 Psalmo
1282 1575 1403 1625 pergit
1433 1574 1620 1619 Minister,

80 1638 146 1675 ubi
182 1642 290 1675 antea
328 1638 559 1681 substiterat,
595 1637 771 1688 prosequi
811 1650 915 1674 suam
957 1637 996 1674 in
1034 1637 1169 1675 Bibliis
1216 1638 1416 1675 lectionem
1460 1643 1496 1676 et
1531 1643 1617 1676 tan-

78 1705 158 1739 tum
193 1701 231 1739 in
270 1707 377 1740 textu
403 1702 485 1752 ipso
516 1701 723 1752 scripturae
752 1701 942 1752 praelegit,
969 1706 1151 1752 quantum
1181 1715 1219 1739 se
1247 1701 1292 1738 ad
1321 1702 1618 1740 aedificationem

79 1765 270 1803 Ecclesiae
297 1766 483 1817 explicare
509 1779 619 1817 posse
646 1770 765 1816 putat.
804 1765 878 1803 Dat
905 1770 1026 1803 autem
1057 1779 1206 1817 operam
1237 1765 1410 1804 Minister
1452 1780 1519 1817 pro
1549 1767 1617 1804 do-

76 1843 212 1868 rorum
250 1844 403 1868 suorum
430 1843 617 1877 mensura,
645 1844 691 1868 ne
718 1844 738 1868 a
765 1835 890 1868 textus
918 1830 976 1868 sui
1003 1831 1251 1881 explicatione
1279 1831 1438 1868 nimium
1466 1831 1616 1879 divage-

77 1899 151 1941 tur,
180 1895 256 1941 sed,
284 1909 428 1933 summa
473 1895 668 1934 doctrinae
695 1909 790 1946 quae
827 1896 866 1933 in
893 1900 997 1934 textu
1027 1896 1185 1934 habetur
1213 1896 1394 1947 exposita,
1421 1897 1525 1934 locos
1554 1897 1613 1934 in-

79 1960 124 1997 de
160 1959 232 1997 sibi
269 1960 510 2010 explicandos
548 1961 674 2007 sumit,
711 1961 776 2011 qui
812 1961 972 1998 maxime
1000 1962 1122 1999 facere
1148 1961 1324 1999 videntur
1351 1961 1399 1998 ad
1426 1961 1616 1999 Ecclesiae

78 2025 388 2064 aedificationem.

131 2090 208 2127 Sub
245 2091 357 2127 finem
393 2090 598 2137 concionis,
634 2104 728 2141 quae
765 2103 838 2128 non
868 2091 965 2128 ultra
993 2090 1106 2128 horae
1142 2091 1255 2129 unius
1301 2091 1497 2129 decursum
1525 2104 1612 2142 pro-

77 2154 251 2200 trahitur,
287 2155 503 2205 priusquam
540 2155 710 2205 publicae
744 2167 871 2205 preces
899 2155 1004 2200 fiant,
1033 2155 1221 2200 Minister,
1250 2156 1279 2193 si
1310 2155 1400 2206 quid
1427 2155 1612 2193 eiusmodi

81 2217 228 2263 habeat,
255 2217 357 2268 quod
386 2217 576 2255 Ecclesiae
601 2218 836 2269 peculiariter
864 2219 1001 2269 exponi
1039 2219 1171 2257 debeat
1199 2224 1262 2257 aut
1291 2221 1396 2257 cuius
1425 2221 1521 2258 forte
1548 2234 1612 2271 pe-

81 2282 269 2320 culiariter
307 2282 674 2320 commonefacienda
711 2283 760 2320 sit
801 2283 982 2329 Ecclesia,
1007 2283 1045 2320 id
1074 2284 1201 2335 paucis
1230 2285 1419 2335 proponit,
1463 2298 1507 2322 ac
1552 2285 1615 2323 de-

78 2361 178 2385 nium
209 2347 377 2399 publicas
405 2361 530 2399 preces
557 2348 842 2386 Ecclesiasticas
872 2348 1018 2386 orditur
1045 2349 1092 2386 ad
1120 2349 1220 2387 hunc
1247 2349 1425 2388 modum:

131 2476 360 2514 Precatio
388 2484 498 2527 post
527 2477 826 2516 concionem.
855 2480 942 2526 (63)

132 2605 322 2642 uDomine
349 2605 462 2649 Deus,
491 2606 599 2643 Pater
627 2610 752 2644 noster
780 2606 968 2645 coelestis!
996 2611 1239 2658 posteaquam
1267 2611 1352 2645 tuus
1379 2608 1480 2646 filius
1502 2609 1605 2646 Iesus

81 2668 254 2706 Christus
289 2682 352 2707 eos
390 2670 535 2707 demum
578 2671 704 2707 beatos
733 2671 812 2708 fore
841 2671 959 2713 docet,
987 2671 1053 2721 qui
1083 2671 1235 2709 verbum
1264 2675 1368 2709 tuum
1398 2685 1474 2710 non
1504 2673 1607 2723 equi-

81 2732 163 2770 dem
176 2737 324 2771 tantum
342 2734 511 2780 audiunt,
533 2733 595 2771 scd
616 2734 727 2771 etiam
747 2735 964 2772 custodiunt
977 2741 1086 2786 atque
1097 2735 1296 2773 observant
1306 2737 1609 2784 ¹¹)‚-—custodire

80 2809 165 2833 vero
203 2796 295 2834 illud
330 2810 440 2835 nemo
469 2804 641 2836 nostrum
670 2803 806 2849 potest,
842 2799 915 2837 nisi
943 2813 1008 2850 per
1034 2805 1138 2838 tuum
1167 2806 1338 2838 sanctum
1367 2802 1546 2852 Spiritum
1574 2805 1606 2850 ⁵)

123 2886 147 2923 ¹)
172 2885 286 2916 Matth.
311 2886 338 2916 9.
384 2885 487 2916 Lucae
513 2887 560 2917 10.
604 2886 676 2918 Esa.
700 2887 750 2917 66.
863 2888 889 2925 ²)
915 2888 1006 2919 Rom.
1031 2888 1059 2919 3.
1137 2888 1162 2927 3)
1186 2888 1262 2919 Luc.
1286 2888 1335 2921 12.
1407 2889 1434 2926 ⁴)
1459 2889 1535 2921 Luc.
1561 2890 1609 2921 ll.

124 2940 149 2978 5)
174 2939 286 2971 Ierem.
310 2940 362 2973 242
384 2941 501 2973 Matth.
527 2942 576 2973 13.
598 2941 675 2974 Luc.
700 2941 748 2972 12.

1409 3002 1457 3038 6*
