1830 3147
1520 143 1590 184 125

56 250 281 303 placeamus.
335 251 442 290 Idem
468 264 580 303 porro
608 251 720 291 etiam
749 252 913 304 Spiritus
941 257 1091 293 sanctus
1118 255 1289 293 accendit
1317 255 1430 294 corda
1457 260 1587 295 nostra

58 315 105 354 ad
141 329 305 354 amorem
341 321 416 354 tam
457 316 611 354 benefici
650 317 730 364 Dei,
766 317 942 356 utillum
971 323 1007 356 et
1035 332 1100 356 sua
1128 333 1292 358 amemus
1320 322 1458 367 omnia,
1499 333 1590 358 con-

59 381 284 420 delectemur
328 382 403 431 legi
447 386 597 420 sanctae
641 382 758 433 ipsius
802 383 916 434 inque
952 383 1054 421 illius
1098 385 1348 423 obedientiam
1383 385 1456 423 toti
1488 385 1593 424 omni

59 450 186 484 nostra
222 459 308 484 cura
346 446 469 484 studio
505 459 549 484 ac
588 447 845 486 sollicitudine
871 448 1134 487 incumbamus
1161 463 1226 500 per
1255 451 1388 488 veteris
1416 450 1455 488 in
1483 450 1592 489 nobis

60 511 180 549 nostri
212 511 374 549 hominis
409 511 736 550 mortificationem
765 517 801 551 et
829 513 964 551 mentis
991 513 1262 566 affectuumque
1288 520 1504 553 nostrorum
1531 516 1594 554 in·

59 575 354 624 novationem').
384 575 533 614 Horum
561 575 612 614 ita
639 582 812 615 monetur
840 577 1009 615 Ecclesia
1038 578 1082 616 de
1109 580 1231 617 nostri
1256 580 1481 630 probatione
1508 584 1595 619 ante

62 640 206 677 Coenae
233 653 342 678 usum
369 639 650 691 quintodecimo
679 640 749 680 die.

110 704 302 742 Postremo
339 708 540 743 monentur
576 705 614 743 in
643 705 811 744 Ecclesia
840 719 968 744 omnes
995 708 1118 755 (163),
1149 715 1200 754 ut,
1227 707 1259 745 si
1286 708 1484 759 quisquam
1511 722 1593 747 om-

59 769 150 808 nino
188 769 416 807 simultatem
451 770 568 808 ullam
603 770 771 820 iurgiavc
806 776 871 810 aut
909 771 1064 810 dissidia
1099 773 1198 815 ulla,
1240 773 1403 811 ullamve
1440 774 1594 812 omnino

60 835 355 873 controversiam
382 836 531 885 habeat,
558 849 686 874 omnes
715 836 847 874 modos
870 849 914 874 ac
937 836 1015 875 vias
1036 837 1308 875 reconciliandi
1327 851 1364 876 se
1385 843 1537 890 quaerat
1547 840 1595 887 2).

61 899 153 938 Esse
180 900 279 938 enim
307 900 524 938 mandatum
552 905 594 939 ut
622 914 706 940 cum
734 901 910 939 omnibus
937 906 1075 952 Pacem¹
1095 902 1309 948 habeamus,
1335 903 1438 954 quod
1465 904 1504 941 in
1525 917 1593 941 no·

62 964 119 1003 bis
157 971 224 1009 cst,
252 970 435 1016 quatenus
462 965 500 1002 id
528 965 748 1003 ullomodo
776 966 856 1004 fieri
883 970 1005 1016 potest
1029 968 1073 1015 ³).
1128 967 1177 1005 Et
1206 968 1331 1005 Coena
1358 967 1514 1005 Domini
1540 971 1596 1006 est

63 1031 336 1069 communionis
364 1035 514 1069 nostrae
540 1031 702 1070 invicem
730 1032 899 1070 omnium
927 1045 970 1070 ac
1000 1032 1190 1070 societatis
1220 1047 1334 1071 coena
1347 1034 1392 1081 ¹²),
1421 1045 1496 1070 non
1519 1033 1595 1071 dis-

61 1095 243 1133 sidiorum
269 1099 334 1133 aut
361 1096 605 1142 simultatum,
645 1109 850 1148 omnesque
879 1111 948 1135 nos
975 1111 1107 1143 unum,
1135 1111 1211 1136 non
1240 1098 1403 1136 divisum
1430 1098 1597 1137 dissidiis

61 1173 206 1211 panem,
235 1173 349 1198 unum
378 1160 468 1198 item
495 1173 629 1212 corpus
658 1166 948 1212 compactorum,
977 1175 1053 1200 non
1079 1167 1202 1200 autern
1224 1163 1481 1201 dissidentium
1501 1177 1596 1214 quo-

61 1224 249 1276 quomodo
302 1225 558 1263 membrorum
603 1239 683 1264 esse
727 1230 887 1277 oportet,
932 1226 1147 1278 quicunque
1192 1228 1339 1266 Coenae
1375 1227 1595 1267 Dominicae

60 1289 337 1340 participamus.

111 1354 161 1392 Et
189 1355 365 1405 quoniam
401 1354 452 1393 ita
481 1358 536 1392 est
565 1359 739 1406 corrupta
768 1359 898 1393 nostra
925 1356 1091 1394 omnium
1112 1363 1244 1395 natura
1256 1360 1299 1406 ⁵),
1320 1362 1362 1396 ut
1382 1371 1504 1396 veram
1527 1372 1595 1396 no—

60 1420 128 1457 stri
155 1419 416 1471 probationem
445 1424 508 1458 aut
538 1433 614 1458 non
642 1421 829 1470 intelligat
857 1422 944 1467 fere,
973 1428 1037 1460 aut
1062 1422 1292 1460 intellectam
1319 1423 1428 1461 ctiam
1457 1424 1594 1474 frigide

62 1485 261 1523 admodum
299 1499 342 1523 ac
378 1486 608 1535 negligenter
637 1490 756 1524 curet:
785 1492 983 1537 praeterea,
1019 1492 1061 1524 ut
1097 1488 1184 1531 sint,
1221 1488 1286 1538 qui
1321 1488 1424 1525 illam
1453 1493 1595 1535 curent,

61 1562 168 1600 saepe
204 1562 358 1588 numero
395 1554 519 1587 tamen
555 1550 770 1601 hypocritae
807 1565 884 1589 sese
923 1552 1031 1589 bonis
1066 1552 1119 1589 ita
1147 1552 1389 1598 admisceant,
1420 1559 1457 1591 ut
1484 1554 1594 1592 facile

61 1615 222 1653 discerni
260 1628 336 1653 non
372 1615 539 1666 possint:
576 1620 765 1666 postremo
795 1629 878 1654 cum
909 1616 1020 1654 rudes
1048 1630 1196 1668 quoque
1225 1631 1268 1655 ac
1293 1631 1447 1669 prorsus
1474 1619 1593 1670 impe-

58 1680 123 1718 riti
157 1693 278 1718 rerum
319 1680 539 1717 Divinarum
576 1680 746 1718 homines
781 1681 828 1718 ad
867 1682 1039 1719 coelestia
1076 1683 1166 1720 hacc
1205 1683 1378 1733 mysteria
1415 1683 1494 1721 sine
1520 1684 1594 1722 fide

60 1745 226 1796 adeoque
253 1749 288 1784 ct
316 1745 395 1783 sine
423 1747 545 1783 fronte
575 1746 647 1783 ulla
675 1747 886 1794 adcurrant,
904 1768 955 1776 —
977 1760 1058 1794 nos,
1085 1761 1132 1786 ne
1160 1753 1287 1786 nostra
1305 1749 1450 1787 incuria
1469 1749 1509 1787 id
1528 1751 1594 1788 fie-

60 1814 127 1855 ret,
161 1814 202 1848 ut
238 1809 343 1859 digni
378 1810 516 1861 pariter
552 1815 662 1861 atque
697 1810 845 1860 indigni
883 1811 962 1849 sine
998 1811 1213 1850 discrimine
1248 1813 1325 1850 ullo
1354 1814 1399 1851 ad
1430 1814 1594 1852 Coenam

60 1876 171 1923 (164)
209 1874 363 1912 Domini
392 1875 459 1912 sub
489 1880 618 1912 nostro
646 1875 853 1913 ministerio
882 1876 1142 1927 irrumperent,
1169 1877 1279 1915 aliam
1308 1891 1456 1929 quoque
1483 1878 1595 1916 nobis

62 1951 187 1976 curam
220 1939 259 1976 in
297 1938 536 1977 admittendis
574 1940 619 1976 ad
659 1940 803 1978 Coenae
837 1954 947 1978 usum
974 1941 1013 1978 in
1042 1941 1180 1979 nostris
1209 1940 1389 1979 Ecclesiis
1420 1942 1594 1981 omnibus

62 2002 313 2040 adhibendam
334 2016 411 2041 esse
431 2003 643 2054 putavimus
663 2009 807 2055 practer
826 2017 899 2051 eas,
910 2019 1003 2056 quas
1024 2006 1290 2052 recensuimus,
1306 2006 1594 2046 admonitiones.

112 2067 279 2105 Primum
316 2081 390 2105 non
439 2068 532 2106 alios
569 2069 614 2106 ad
654 2070 801 2107 Coenac
835 2083 946 2108 usum
983 2071 1230 2117 admittimus,
1266 2072 1305 2109 id
1341 2072 1441 2123 quod
1486 2077 1595 2111 antea

61 2145 209 2183 quoque
236 2134 367 2171 testati
396 2146 534 2179 snmus,
562 2147 670 2184 quam
700 2135 764 2184 qui
790 2135 940 2186 publice
969 2148 1095 2173 coram
1124 2136 1290 2174 Ecclesia
1321 2142 1383 2175 aut
1409 2137 1595 2175 Ministris

61 2197 188 2234 saltem
228 2210 271 2234 ac
312 2197 530 2235 Senioribus
570 2198 657 2236 fidei
685 2212 773 2236 suae
802 2200 1078 2238 confessionem
1105 2201 1325 2240 aediderunt
1354 2215 1465 2254 seque
1493 2202 1592 2240 ultro

62 2275 105 2300 ac
133 2267 266 2313 sponte
293 2261 512 2313 disciplinae
539 2263 825 2302 Ecclesiasticae
853 2265 1104 2304 subiecerunt.

113 2327 260 2365 Deinde
296 2340 420 2365 eorum
451 2328 617 2378 ipsorum
648 2329 856 2378 catalogum
887 2329 1009 2368 denuo
1039 2343 1182 2382 semper
1212 2331 1378 2369 Ministri
1407 2332 1596 2371 Ecclesiae

64 2392 281 2436 conficiunt,
318 2392 463 2443 quoties
500 2392 625 2430 Coena
661 2397 715 2431 est
743 2392 1051 2441 administranda,
1079 2395 1268 2433 advocatis
1296 2409 1360 2446 per
1388 2396 1486 2435 vices
1513 2410 1594 2435 om·

64 2455 189 2502 nibus,
226 2461 336 2507 atque
375 2456 566 2494 confectus
605 2457 724 2495 denuo
754 2458 945 2508 catalogus
973 2459 1035 2496 ille
1065 2471 1147 2496 cum
1175 2460 1364 2510 prioribus
1392 2462 1594 2510 confertur,

62 2525 103 2558 ut
141 2520 330 2558 Ecclesiae
370 2520 598 2558 incrementa
635 2525 699 2560 aut
737 2521 968 2560 decrementa
1010 2523 1117 2560 facilc
1153 2523 1319 2574 conspici
1353 2524 1522 2575 possint,
1559 2529 1595 2564 et

61 2584 118 2622 illi
154 2589 341 2636 praeterea
378 2586 490 2623 ctiam
526 2585 845 2636 reprehendantur
880 2587 983 2625 iuxta
1011 2587 1150 2636 gradus
1177 2587 1492 2634 admonitionum,
1519 2590 1596 2641 qui,

65 2663 142 2688 non
175 2650 320 2689 reddita
355 2650 453 2702 apud
491 2650 688 2689 Ministros
714 2664 757 2689 ac
785 2653 960 2691 Seniores
989 2665 1098 2691 causa
1125 2653 1201 2692 ulla
1230 2667 1317 2693 suae
1344 2654 1545 2704 absentiae,
1573 2669 1594 2694 a

65 2715 211 2754 Coenac
235 2728 306 2754 usu
335 2729 413 2754 sese
441 2719 577 2754 temere
604 2715 833 2756 subducunt..

109 2853 133 2893 ¹)
158 2853 248 2886 Rom.
272 2854 300 2886 6.
324 2852 423 2897 Ephe.
447 2855 476 2886 4.
501 2854 606 2889 Colos.
631 2854 658 2888 3.
676 2853 822 2890 Heb.12.
850 2856 946 2889 lPet.
970 2855 998 2889 2.
1025 2854 1132 2891 lCor.
1154 2855 1182 2891 6.
1207 2857 1360 2892 2'Pi111.2.
1385 2857 1411 2899 2)
1427 2857 1540 2893 Matth.
1567 2860 1595 2896 5.

104 2907 131 2949 ⁸)
155 2909 247 2943 Rom.
272 2909 320 2943 12.
342 2910 362 2941 2
386 2910 458 2944 Cor.
484 2911 532 2945 13.
557 2912 574 2943 1
598 2912 666 2946 Pet.
688 2912 718 2946 3.
740 2912 822 2947 Heb.
848 2914 893 2946 12.
1000 2914 1028 2954 ⁴)
1053 2913 1069 2945 l
1094 2914 1166 2947 Cur.
1191 2914 1239 2948 10.
1368 2917 1395 2956 ⁵)
1421 2916 1497 2949 Gen.
1521 2916 1553 2957 6,
