1830 3147
1539 103 1584 138 59

38 211 195 256 tcccllat,
224 211 343 261 sitque
373 208 503 257 rel⁴(D
532 209 635 255 2³)ut
665 208 739 245 dux
760 208 913 245 illorum
939 209 977 246 in
1014 210 1256 262 propagando
1284 211 1415 260 Regno
1446 211 1585 250 Christi

43 275 82 313 in
111 275 278 313 Ecclesia
306 287 370 326 per
401 274 594 311 doctrinae
620 273 820 324 puritatem
849 274 1087 324 prudentiam
1117 280 1153 313 et
1180 276 1368 327 pietatem.

94 340 285 378 Postremo
327 338 464 377 dicitur
502 338 613 376 etiam
652 338 698 376 de
733 339 962 389 reliquorum
1002 339 1264 378 Ministrorum
1306 354 1350 379 ac
1388 341 1585 379 seniorum

43 405 211 443 omnium
238 404 430 455 totiusque
458 403 550 442 adeo
579 402 771 441 Ecclesiae
798 417 885 453 erga
916 405 1289 455 Superintendentem
1319 406 1461 445 officio:

95 472 128 508 1.
171 474 209 507 ut
248 469 342 506 nihil
379 469 477 506 inter
518 467 715 506 Ministros
750 481 792 506 ac
837 468 1010 507 Seniores
1040 473 1225 507 statuatur
1261 470 1301 508 in
1328 471 1481 522 publica
1510 470 1585 508 Ec-

52 535 183 572 clesiae
219 533 491 583 gubernatione
519 533 638 570 inscio
666 533 954 585 inconsultoque
982 534 1330 585 Superintendente,
1361 535 1465 574 cuius
1491 536 1585 574 alio-

51 599 115 650 qui
151 603 275 650 partes
313 603 401 636 sunt
428 598 658 650 praecipuae,
695 598 879 639 rationem
915 612 1058 650 semper
1095 598 1247 637 reddere
1283 600 1463 647 omnium,
1490 614 1587 652 quae

52 664 92 701 in
121 663 290 701 Ecclesia
317 664 426 702 fiunt.
705 666 715 673 ’“

97 733 131 768 2.
167 733 220 775 ut,
258 727 573 780 quemadmodum
613 727 931 779 Superintendens
964 727 1280 766 existimationem
1310 730 1477 768 omnium
1511 729 1586 767 Mi-

45 794 247 831 nistrorum
283 797 408 832 tuetur
445 806 488 830 ac
525 792 704 837 defendit,
742 805 824 830 cum
863 793 960 843 apud
992 791 1201 830 Ecclesiam
1229 793 1361 844 ipsam,
1389 798 1467 831 tum
1495 794 1587 832 alibi

44 858 156 896 etiam
182 858 334 909 ubique,
364 857 452 895 dum
482 871 539 895 res
569 857 606 894 id
635 870 785 908 quoquo
814 857 925 894 modo
953 857 1132 908 postulat,
1150 879 1199 885 —
1220 857 1272 895 ita
1301 871 1450 896 rursum
1470 859 1586 896 Mini-

47 923 114 961 stri
149 923 259 960 etiam
292 935 335 960 ac
364 922 536 960 Seniores
565 935 693 959 omnes
722 921 1073 972 Superintendentis
1101 921 1342 959 autoritatem
1370 927 1479 972 atque
1507 923 1586 960 exi-

47 987 309 1032 stimationem,
348 1000 432 1024 cum
468 986 566 1038 apud
602 985 809 1024 Ecclesiam
838 986 972 1037 ipsam.
999 992 1078 1023 tum
1106 986 1197 1024 alibi
1225 986 1364 1037 ubique
1392 987 1518 1033 etiam,
1554 987 1585 1025 si

46 1052 99 1089 ita
126 1052 281 1096 incidat,
309 1052 405 1089 tueri
432 1064 475 1089 ac
505 1050 701 1089 defendere
728 1063 792 1102 pro
825 1064 890 1088 sua
919 1051 1017 1088 virili
1046 1051 1207 1088 debeant
1229 1051 1396 1097 omnino,
1418 1057 1456 1089 ut
1484 1065 1586 1089 mur-

48 1130 154 1155 mura
183 1117 308 1155 omnia
337 1116 384 1154 ab
414 1116 584 1154 Ecclesia
613 1120 823 1155 arceantur.

101 1186 135 1222 3.
172 1187 234 1227 ut,
279 1182 456 1233 quoniam
504 1181 822 1232 Superintendens
868 1194 945 1218 non
993 1181 1056 1218 uni
1101 1185 1271 1227 tantum,
1313 1181 1377 1219 sed
1414 1181 1586 1233 pluribus

49 1247 159 1285 simul
198 1247 376 1285 Ecclesiis
412 1252 568 1298 praeest,
612 1246 725 1284 unius
762 1245 951 1283 Ecclesiae
978 1246 1144 1284 ministri
1173 1259 1215 1283 ac
1244 1246 1419 1284 Seniores
1449 1247 1494 1284 de
1522 1246 1587 1284 illo

49 1317 210 1351 statuere
236 1312 333 1350 nihil
358 1312 505 1363 possint
535 1312 631 1349 circa
658 1311 759 1355 il-(D
786 1311 919 1359 2¹²)lius
949 1311 1275 1362 reprehensionem
1306 1312 1493 1362 publicam
1525 1312 1583 1349 vel

51 1377 332 1415 destitutionem
356 1377 407 1425 (si
434 1377 470 1414 id
500 1376 597 1414 forte
626 1376 889 1414 commeruisse
918 1376 1136 1424 videretur),
1156 1376 1228 1414 nisi
1250 1377 1466 1413 convocatis
1485 1377 1588 1428 prius

51 1443 216 1480 omnium
261 1442 371 1479 simul
408 1442 675 1490 Ecclesiaru1n,
714 1442 850 1492 quibus
878 1446 1035 1492 praeest,
1073 1442 1294 1479 Senioribus
1323 1447 1358 1479 et
1390 1441 1588 1486 Ministris,

50 1511 104 1553 ut,
132 1507 446 1558 quemadmodum
483 1506 529 1543 ab
567 1506 743 1543 omnibus
781 1506 890 1544 simul
919 1506 1173 1544 Ecclesiarum
1203 1506 1388 1544 Ministris
1426 1507 1588 1556 eligitur,

51 1571 103 1609 ita
131 1571 178 1609 ab
207 1571 383 1608 omnibus
413 1570 524 1608 simul
553 1570 678 1616 etiam,
706 1570 888 1621 siquidem
918 1571 957 1608 id
986 1571 1256 1617 commeruerit,
1284 1576 1319 1608 et
1339 1571 1587 1621 reprehenda-

51 1640 111 1674 tur
139 1640 174 1674 et
202 1635 435 1674 destituatur.
476 1635 515 1672 Si
542 1640 666 1672 tamen
694 1634 733 1672 in
763 1648 874 1672 unam
901 1639 1048 1672 tantum
1074 1635 1237 1686 aliquam
1259 1649 1360 1673 suam
1380 1635 1587 1673 Ecclesiam

52 1701 270 1751 peccaverit,
306 1700 352 1737 ab
391 1700 469 1737 eius
498 1700 688 1737 Ecclesiae
717 1700 826 1737 etiam
855 1699 1076 1737 Senioribus
1105 1713 1148 1736 ac
1179 1699 1366 1737 Ministris
1395 1699 1588 1737 admoneri

51 1765 286 1816 peculiariter
314 1764 451 1815 poterit
478 1770 514 1802 et
542 1763 707 1801 debebit.

103 1833 139 1868 4.
192 1829 381 1867 Ecclesiae
420 1829 580 1866 officium
617 1841 708 1871 esse,
744 1832 786 1866 ut
822 1826 1010 1877 intelligat
1038 1841 1076 1866 se
1103 1841 1145 1866 ea
1178 1828 1303 1865 omnia
1342 1828 1586 1879 Superinten-

51 1894 155 1932 denti
183 1907 249 1932 suo
279 1894 424 1940 debere,
451 1907 545 1946 quae
572 1907 610 1932 se
629 1893 815 1931 Ministris
836 1895 939 1932 verbi
963 1894 1097 1932 debere
1117 1908 1162 1932 ex
1181 1896 1294 1933 verbo
1315 1895 1383 1933 Dei
1403 1896 1586 1944 agnoscit.

105 1961 230 2010 Atque
259 1959 303 1997 de
332 1959 681 2011 Super-intendentis
710 1972 795 2008 erga
824 1959 987 2010 reliquos
1018 1959 1216 1998 Ministros
1244 1964 1434 2011 totamque
1457 1961 1586 1998 Eccle-

54 2023 146 2061 siam
173 2024 399 2074 illorumque
428 2024 593 2062 vicissim
622 2037 709 2073 erga
736 2024 859 2074 ipsum
888 2024 1008 2061 officio
1036 2029 1194 2063 tantum.

106 2153 154 2192 Si
189 2167 292 2192 vero
331 2153 542 2191 Diaconi
570 2154 788 2203 eligendi
817 2153 938 2199 sint,
965 2154 1071 2200 [tum
1100 2154 1151 2192 de
1178 2154 1382 2191 illorum
1413 2153 1584 2193 Minis-

51 2218 176 2257 terio
213 2231 313 2270 pro·
341 2218 579 2256 concione
623 2218 856 2256 dicuntur
897 2217 1007 2256 ista.

104 2348 321 2387 PRIMUM
365 2348 597 2393 ostenditur,
633 2347 887 2385 Diaconorum
926 2347 1172 2385 ministerium
1211 2360 1290 2385 csse
1328 2349 1583 2399 Apostolicam

53 2417 89 2451 et
117 2414 272 2466 proinde
301 2413 475 2451 Divinam
504 2425 651 2464 quoquc
671 2412 944 2450 ordinationem
960 2413 999 2459 ¹),
1029 2412 1253 2460 necessa-(D
1275 2413 1428 2460 3=·)riam
1445 2415 1584 2465 alioqui

55 2480 194 2517 Christi
231 2479 433 2521 Ecclesiae,
478 2482 662 2528 quatenus
700 2477 872 2535 Christus
910 2477 1095 2514 Dominus
1130 2477 1170 2514 in
1199 2478 1325 2526 egenis
1352 2483 1464 2529 atque
1491 2480 1584 2517 affli-

54 2545 122 2583 ctis
158 2545 335 2582 membris
374 2544 449 2581 suis
486 2542 627 2592 negligi
664 2556 682 2580 a
713 2542 823 2580 nobis
851 2543 890 2580 iu
922 2543 1087 2580 Ecclesia
1118 2543 1405 2594 haudquaquam
1435 2544 1490 2581 vel
1519 2545 1583 2583 de-

53 2609 138 2647 beat
174 2609 231 2646 vel
268 2609 398 2659 possit.
455 2610 529 2653 Ac,
567 2607 882 2657 quemadmodum
919 2607 958 2644 in
996 2612 1116 2644 vetere
1153 2607 1378 2645 Iudaeorum
1415 2608 1583 2648 Ecclesia

55 2673 231 2711 mandato
269 2673 338 2711 Dei
376 2673 470 2711 nulli
509 2671 678 2710 mendico
717 2685 796 2710 esse
823 2672 972 2716 licebat,
1008 2672 1099 2722 quin
1127 2672 1285 2710 aliorum
1312 2686 1381 2724 ope
1410 2674 1582 2711 subleva-

52 2744 153 2777 retur
164 2738 328 2787 ²).—ita
356 2738 476 2788 magis
505 2737 622 2775 multo
649 2737 688 2774 in
702 2737 845 2775 Christi
872 2737 1042 2775 Ecclesia
1067 2742 1196 2775 mutua
1225 2737 1384 2776 invicem
1415 2739 1581 2777 omnium

95 2883 119 2922 ¹)
143 2883 212 2913 Act.
236 2883 264 2914 6.
454 2881 480 2920 ²)
505 2881 599 2912 Dcut.
624 2880 671 2913 15.
