1830 3147
1537 128 1610 164 253

79 242 157 276 tum
180 237 410 281 existentiae,
434 240 512 274 tum
533 236 793 284 benignitatis,
811 235 1039 274 matrimonii
1059 236 1208 274 vinculo
1228 250 1315 288 prae
1333 237 1415 275 aliis
1434 238 1609 275 omnibus

76 302 175 340 vitae
202 302 262 339 hic
289 305 438 339 nostrae
465 301 667 350 generibus
695 300 925 346 adumbrari,
950 300 988 337 id
1018 313 1105 339 vero
1135 301 1352 340 certissimis
1372 300 1608 339 documentis

78 366 226 405 ostendi
253 379 372 417 posse.
420 365 585 403 Primum
615 365 765 403 vinculo
793 365 1024 422 matrimonii
1052 379 1246 404 monemur
1273 366 1500 418 pluralitatis
1526 379 1609 417 per-

82 443 257 482 sonarum
285 430 324 467 in
352 428 513 467 monade
541 429 679 468 divina.
708 429 764 468 Ut
791 430 889 468 enim
917 429 1134 468 individuae
1160 430 1234 468 iam
1259 430 1400 482 alioqui
1420 430 1610 469 societatis

79 494 120 532 in
148 493 386 532 matrimonio
406 493 557 531 nomine
576 494 701 545 plures
720 494 757 532 in
779 507 894 532 unum
915 506 1047 545 corpus
1067 494 1345 545 quodammodo
1367 495 1612 540 concrevisse,

81 558 161 597 Deo
197 559 280 609 ipso
309 562 451 602 autore,
478 557 660 604 videmus,
689 558 742 596 sic
770 563 812 597 ut
839 559 932 596 alter
959 558 1113 597 alterius
1143 572 1227 597 caro
1265 562 1377 608 (581)
1414 573 1485 598 una
1524 560 1610 606 iam,

79 627 116 661 et
153 622 304 674 quidem
341 635 427 661 caro
455 635 497 660 ex
527 622 654 660 eadem
698 636 807 661 carne
834 627 869 662 et
897 634 982 661 ossa
1009 636 1054 662 ex
1080 623 1212 661 iisdem
1243 623 1390 662 ossibus
1418 638 1497 663 esse
1526 638 1612 663 cen·

81 691 244 733 scantur,
269 688 322 725 ita
348 687 459 725 nobis
486 687 689 737 imaginem
717 687 906 739 quandam
935 689 1164 740 pluralitatis
1191 702 1434 740 personarum
1463 690 1502 728 in
1540 703 1613 729 una

78 752 230 791 interim
266 756 378 803 atque
415 751 544 790 eadem
581 752 728 791 divinae
764 753 985 792 existentiae
1017 754 1179 792 monade
1215 754 1348 793 umbra
1385 755 1456 793 hac
1496 768 1614 794 nexus

81 816 288 867 coniugalis
324 816 482 868 exprimi
511 830 577 855 suo
608 817 772 869 quodam
799 817 912 856 modo
942 822 1054 870 atque
1080 819 1366 870 repraesentari,
1393 819 1553 871 denique
1579 824 1616 859 et

82 879 336 919 commendari
370 879 641 930 intelligamus,
678 880 716 918 id
744 880 845 931 quod
874 881 980 919 nullo
1007 881 1150 932 alioqui
1179 882 1385 920 coelibatus
1415 882 1615 921 cuiuscun-

84 958 156 997 que
182 959 317 995 genere
344 944 561 983 adumbrari
587 946 668 983 ullo
693 945 806 983 modo
834 950 969 998 potest.
1023 946 1167 985 Deinde
1195 946 1250 985 vis
1285 947 1364 998 ipsa
1401 951 1437 986 et
1464 947 1616 986 affectus

81 1010 145 1048 ille
188 1009 439 1061 progignendi
488 1010 528 1048 in
573 1010 826 1055 matrimonio,
872 1014 1027 1049 naturae
1064 1014 1214 1049 nostrae
1252 1011 1331 1049 Deo
1367 1011 1449 1063 ipso
1486 1017 1617 1051 autore

83 1074 227 1113 inditus
255 1081 367 1125 atque
393 1075 542 1125 penitus
576 1075 791 1126 impressum
827 1075 898 1113 Dei
925 1089 1075 1127 quoque
1101 1077 1225 1114 Patris
1252 1077 1497 1116 inscrutabile
1525 1091 1617 1116 con-

85 1140 210 1178 silium
247 1140 342 1177 illud
382 1139 492 1178 nobis
529 1140 628 1177 velut
665 1140 714 1177 ob
751 1141 881 1178 oculos
916 1140 1037 1192 ponit,
1072 1154 1146 1192 quo
1175 1141 1352 1180 nimirum
1387 1148 1491 1194 pater
1528 1143 1618 1182 deus

83 1209 230 1242 aeterna
269 1217 334 1242 sua
367 1203 432 1241 illa
470 1203 654 1255 nobisque
689 1217 843 1256 prorsus
871 1205 1051 1243 ineffabili
1079 1206 1319 1255 generatione
1354 1207 1472 1245 filium
1508 1221 1617 1246 suum

84 1269 321 1319 unigenitum
348 1282 394 1307 ex
422 1269 620 1320 semetipso
648 1263 789 1319 genuit,
816 1274 869 1317 ut,
899 1283 983 1308 cum
1009 1285 1128 1321 genus
1158 1272 1361 1310 humanum
1381 1286 1445 1324 per
1464 1287 1618 1323 genera-

83 1336 223 1373 tionem
252 1334 495 1386 multiplicari
521 1335 561 1372 in
586 1335 827 1373 matrimonio
853 1335 968 1373 insito
997 1339 1154 1375 naturae
1190 1350 1232 1374 eo
1261 1336 1394 1376 affectu
1422 1339 1621 1386 cernimus,

87 1412 132 1438 ex
169 1399 239 1437 Dei
270 1399 387 1450 ipsius
415 1399 653 1450 providentia
681 1405 792 1451 atque
820 1399 1072 1447 ordinatione,
1097 1405 1176 1439 tum
1204 1415 1292 1440 sane
1319 1403 1466 1441 Patrem
1497 1403 1617 1442 Deum

85 1464 210 1508 etiam,
238 1468 278 1501 ut
306 1468 478 1502 nostrum
508 1463 778 1515 Archetypum,
807 1478 918 1503 unam
948 1469 1061 1517 atque
1088 1466 1322 1506 individuam
1353 1467 1502 1506 divinae
1530 1482 1617 1507 suae

85 1528 304 1567 existentiae
325 1528 521 1566 monadem
538 1529 579 1567 in
597 1529 722 1580 plures
743 1543 921 1580 personas
939 1543 1003 1581 per
1019 1535 1206 1570 aeternam
1229 1545 1332 1570 suam
1346 1534 1531 1585 nobisque
1546 1535 1618 1572 mi-

87 1594 187 1632 nime
205 1594 467 1646 inquirendam
489 1593 766 1643 generationem
790 1594 954 1633 divinam
978 1594 1226 1646 multiplicare
1239 1596 1400 1635 voluisse
1411 1597 1617 1637 credamus,

137 1659 253 1698 Quod
299 1672 385 1698 vero
431 1659 479 1697 ad
521 1658 669 1697 divinae
705 1673 792 1709 erga
828 1673 898 1698 nos
941 1659 1320 1710 benigni-(582)tatis
1358 1661 1618 1701 adumbratio-

86 1737 170 1762 nem
207 1725 356 1769 attinet,
396 1737 476 1762 eam
514 1738 602 1762 sane
636 1724 746 1763 nobis
792 1738 812 1763 a
841 1724 958 1763 Paulo
986 1725 1172 1776 Apostolo
1198 1725 1238 1764 in
1266 1726 1497 1766 matrimonii
1535 1728 1618 1766 vin-

88 1789 172 1827 culo
200 1789 252 1827 ita
281 1788 582 1827 commendatam
610 1789 804 1834 habemus,
832 1793 874 1828 ut
912 1790 967 1827 vel
1005 1790 1121 1828 solius
1160 1790 1262 1828 illius
1299 1791 1451 1830 nomine
1487 1793 1618 1831 matri—

87 1853 256 1892 monium
283 1853 403 1905 ipsum
435 1853 610 1891 omnibus
638 1854 721 1892 aliis
748 1854 846 1893 vitae
873 1853 935 1892 hic
961 1858 1112 1893 nostrae
1146 1855 1347 1904 generibus
1382 1857 1516 1895 merito
1551 1871 1620 1895 an-

86 1917 214 1969 teponi
249 1918 381 1969 possit.
436 1918 534 1956 Dum
572 1918 672 1956 enim
710 1919 918 1969 Apostolus
963 1918 1244 1957 matrimonium
1283 1924 1453 1958 nostrum
1488 1925 1620 1972 typum

91 1982 276 2033 quendam
306 1982 566 2033 desponsionis
603 1995 682 2020 esse
711 1983 819 2021 docet
846 1982 944 2020 inter
973 1983 1163 2021 Christum
1193 1983 1399 2022 Dominum
1426 1988 1462 2022 et
1489 1985 1621 2023 Eccle-

91 2045 183 2083 siam
229 2045 358 2097 ipsius,
397 2046 508 2084 simul
554 2046 724 2097 equidem
770 2050 942 2091 testatur,
987 2047 1203 2085 adumbrari
1240 2049 1350 2086 nobis
1385 2048 1551 2100 adeoque
1587 2055 1623 2088 et

92 2122 159 2147 suo
196 2109 310 2147 modo
344 2110 503 2161 exprimi
538 2110 759 2148 admirabile
796 2110 890 2148 illud
918 2111 1136 2161 mysterium
1166 2112 1428 2162 desponsionis
1456 2114 1525 2151 filii
1552 2114 1622 2152 Dei

94 2186 179 2211 cum
208 2187 273 2211 sua
301 2173 470 2211 Ecclesia
498 2174 543 2211 ad
573 2175 729 2212 salutem
758 2175 871 2218 illius,
898 2175 936 2213 in
966 2188 1038 2226 qua
1068 2189 1157 2214 sane
1185 2176 1433 2227 desponsione
1451 2179 1620 2216 omnium

92 2237 372 2276 evidentissime
400 2238 509 2276 nobis
537 2239 702 2276 innotuit
730 2238 856 2276 divina
884 2252 973 2289 erga
998 2253 1117 2288 genus
1154 2240 1359 2278 humanum
1397 2242 1621 2282 benevolen-

91 2303 145 2340 tia
180 2314 224 2339 ac
249 2302 462 2352 propensio,
516 2302 842 2340 Quemadmodum
871 2302 970 2339 enim
998 2303 1120 2353 quivis
1157 2316 1316 2354 sponsus
1351 2318 1509 2356 sponsae
1536 2319 1624 2344 suae

92 2366 354 2415 adglutinatur
389 2365 585 2403 individuo
622 2366 694 2404 iam
736 2366 910 2418 deinceps
942 2380 1007 2418 per
1051 2380 1198 2406 omnem
1238 2369 1352 2406 vitam
1394 2371 1624 2409 matrimonii

95 2430 259 2475 vinculo,
295 2430 347 2467 ita
383 2443 532 2481 quoque
567 2430 667 2468 filius
695 2429 766 2469 Dei
795 2430 968 2468 universo
996 2444 1033 2469 se
1061 2432 1275 2470 mortalium
1304 2435 1431 2482 generi
1458 2435 1624 2485 adgluti-

96 2507 185 2532 nare
221 2494 398 2543 dignatus
434 2499 490 2532 est
524 2507 587 2545 per
616 2495 737 2532 earnis
766 2499 913 2533 nostrae
941 2496 1234 2545 assumptionem
1272 2497 1308 2534 in
1347 2511 1413 2535 sua
1448 2498 1625 2538 incarna-

94 2558 209 2596 tione.
263 2560 321 2596 Ac
349 2571 487 2604 rursus,
517 2558 831 2608 quemadmodum
869 2571 1041 2609 sponsus,
1069 2572 1228 2610 sponsae
1255 2574 1342 2599 suae
1368 2561 1624 2611 adglutinatus

97 2622 134 2660 et
162 2622 235 2660 sibi
264 2635 349 2660 cum
376 2623 440 2660 illa
468 2623 505 2660 et
532 2622 588 2659 illi
616 2635 738 2660 secum
769 2623 981 2661 communia
1010 2624 1088 2662 vult
1113 2637 1192 2662 esse
1211 2626 1348 2672 omnia,
1368 2631 1625 2678 praeterquam

98 2686 127 2724 si
164 2686 244 2737 ipsa
283 2687 448 2736 coniugii
485 2687 596 2724 fidem
637 2687 811 2725 adulterii
854 2689 1009 2739 perfidia
1047 2689 1159 2727 violet
1194 2694 1305 2742 atque
1342 2691 1538 2742 infringat,
1572 2693 1625 2731 ita

98 2754 134 2788 et
161 2751 261 2788 filius
290 2751 372 2793 Dei.
401 2752 575 2789 universo
601 2751 674 2788 iam
702 2753 919 2790 mortalium
946 2753 1075 2802 generi
1102 2756 1214 2802 (583)
1242 2768 1306 2805 per
1326 2769 1431 2793 suam
1451 2757 1625 2794 incarna-

94 2816 238 2853 tionem
273 2816 543 2865 adglutinatus‚
579 2829 727 2854 omnem
763 2809 863 2855 illius
901 2818 1147 2856 calamitatem
1183 2819 1256 2857 sibi
1285 2833 1367 2858 cum
1396 2820 1461 2858 illo
1489 2821 1563 2859 iam
1591 2825 1627 2859 et

99 2893 244 2918 omnem
282 2895 385 2919 suam
422 2882 509 2919 item
539 2881 896 2932 plenisuflicientiam
926 2883 978 2920 illi
1010 2895 1131 2920 secum
1171 2884 1334 2922 vicissim
1363 2885 1443 2923 vult
1472 2885 1625 2925 omnino
