<?xml version="1.0" encoding="UTF-8"?>
<!DOCTYPE html PUBLIC "-//W3C//DTD XHTML 1.0 Transitional//EN"
    "http://www.w3.org/TR/xhtml1/DTD/xhtml1-transitional.dtd">
<html xmlns="http://www.w3.org/1999/xhtml" xml:lang="en" lang="en">
 <head>
  <title>
</title>
<meta http-equiv="Content-Type" content="text/html;charset=utf-8" />
  <meta name='ocr-system' content='tesseract 3.04.00' />
  <meta name='ocr-capabilities' content='ocr_page ocr_carea ocr_par ocr_line ocrx_word'/>
</head>
<body>
  <div class='ocr_page' id='page_1' title='image "./operatameditaqua02lask_0602.png"; bbox 0 0 1830 3147; ppageno 0'>
   <div class='ocr_carea' id='block_1_1' title="bbox 158 109 962 157">
    <p class='ocr_par' dir='ltr' id='par_1_1' title="bbox 158 109 962 157">
     <span class='ocr_line' id='line_1_1' title="bbox 158 109 962 157; baseline 0.002 -12"><span class='ocrx_word' id='word_1_1' title='bbox 158 109 221 156; x_wconf 89' lang='lat' dir='ltr'>[A.</span> <span class='ocrx_word' id='word_1_2' title='bbox 249 110 293 146; x_wconf 88' lang='lat' dir='ltr'>D.</span> <span class='ocrx_word' id='word_1_3' title='bbox 319 110 430 157; x_wconf 79' lang='lat'>1544]</span> <span class='ocrx_word' id='word_1_4' title='bbox 896 111 962 147; x_wconf 78' lang='lat'>582</span> 
     </span>
    </p>
   </div>
   <div class='ocr_carea' id='block_1_2' title="bbox 161 219 1707 1990">
    <p class='ocr_par' dir='ltr' id='par_1_2' title="bbox 161 219 1707 1484">
     <span class='ocr_line' id='line_1_2' title="bbox 163 219 1704 270; baseline 0.003 -16"><span class='ocrx_word' id='word_1_5' title='bbox 163 219 396 255; x_wconf 83' lang='lat' dir='ltr'>ministerium</span> <span class='ocrx_word' id='word_1_6' title='bbox 433 231 546 255; x_wconf 88' lang='lat' dir='ltr'>meum</span> <span class='ocrx_word' id='word_1_7' title='bbox 578 231 707 266; x_wconf 91' lang='lat' dir='ltr'>ponere</span> <span class='ocrx_word' id='word_1_8' title='bbox 738 232 809 256; x_wconf 90' lang='lat' dir='ltr'>non</span> <span class='ocrx_word' id='word_1_9' title='bbox 844 232 958 267; x_wconf 88' lang='lat' dir='ltr'>posse,</span> <span class='ocrx_word' id='word_1_10' title='bbox 990 219 1058 256; x_wconf 87' lang='lat' dir='ltr'>nisi</span> <span class='ocrx_word' id='word_1_11' title='bbox 1084 220 1269 268; x_wconf 84' lang='lat' dir='ltr'>propellar.</span> <span class='ocrx_word' id='word_1_12' title='bbox 1319 222 1356 258; x_wconf 87' lang='lat' dir='ltr'>Si</span> <span class='ocrx_word' id='word_1_13' title='bbox 1383 234 1465 258; x_wconf 90' lang='lat' dir='ltr'>vero</span> <span class='ocrx_word' id='word_1_14' title='bbox 1492 222 1704 270; x_wconf 78' lang='lat' dir='ltr'>propelleret</span> 
     </span>
     <span class='ocr_line' id='line_1_3' title="bbox 164 279 1705 331; baseline 0.003 -16"><span class='ocrx_word' id='word_1_15' title='bbox 164 280 275 327; x_wconf 89' lang='lat' dir='ltr'>(quod</span> <span class='ocrx_word' id='word_1_16' title='bbox 301 279 462 327; x_wconf 84' lang='lat' dir='ltr'>equidem</span> <span class='ocrx_word' id='word_1_17' title='bbox 489 283 709 328; x_wconf 81' lang='lat' dir='ltr'>expectarem</span> <span class='ocrx_word' id='word_1_18' title='bbox 735 280 867 328; x_wconf 74' lang='lat' dir='ltr'>potius,</span> <span class='ocrx_word' id='word_1_19' title='bbox 893 292 998 327; x_wconf 88' lang='lat' dir='ltr'>quam</span> <span class='ocrx_word' id='word_1_20' title='bbox 1024 281 1109 317; x_wconf 90' lang='lat' dir='ltr'>mihi</span> <span class='ocrx_word' id='word_1_21' title='bbox 1126 281 1265 328; x_wconf 82' lang='lat' dir='ltr'>longam</span> <span class='ocrx_word' id='word_1_22' title='bbox 1286 282 1339 318; x_wconf 89' lang='lat' dir='ltr'>hic</span> <span class='ocrx_word' id='word_1_23' title='bbox 1358 295 1489 319; x_wconf 86' lang='lat' dir='ltr'>moram</span> <span class='ocrx_word' id='word_1_24' title='bbox 1502 283 1705 331; x_wconf 82' lang='lat' dir='ltr'>pollicerer)</span> 
     </span>
     <span class='ocr_line' id='line_1_4' title="bbox 163 341 1707 390; baseline 0.003 -14"><span class='ocrx_word' id='word_1_25' title='bbox 163 345 241 377; x_wconf 85' lang='lat' dir='ltr'>tum</span> <span class='ocrx_word' id='word_1_26' title='bbox 279 353 333 376; x_wconf 89' lang='lat' dir='ltr'>me</span> <span class='ocrx_word' id='word_1_27' title='bbox 368 353 438 377; x_wconf 88' lang='lat' dir='ltr'>non</span> <span class='ocrx_word' id='word_1_28' title='bbox 472 341 669 377; x_wconf 72' lang='lat' dir='ltr'>detrectare</span> <span class='ocrx_word' id='word_1_29' title='bbox 704 341 939 377; x_wconf 87' lang='lat' dir='ltr'>ministerium</span> <span class='ocrx_word' id='word_1_30' title='bbox 972 341 1065 389; x_wconf 88' lang='lat' dir='ltr'>apud</span> <span class='ocrx_word' id='word_1_31' title='bbox 1101 343 1225 390; x_wconf 90' lang='lat' dir='ltr'>ipsum,</span> <span class='ocrx_word' id='word_1_32' title='bbox 1266 343 1296 379; x_wconf 89' lang='lat' dir='ltr'>si</span> <span class='ocrx_word' id='word_1_33' title='bbox 1331 342 1486 379; x_wconf 90' lang='lat' dir='ltr'>viderem</span> <span class='ocrx_word' id='word_1_34' title='bbox 1519 343 1620 379; x_wconf 89' lang='lat' dir='ltr'>illum</span> <span class='ocrx_word' id='word_1_35' title='bbox 1657 344 1707 380; x_wconf 86' lang='lat' dir='ltr'>ita</span> 
     </span>
     <span class='ocr_line' id='line_1_5' title="bbox 163 402 1706 446; baseline 0.003 -9"><span class='ocrx_word' id='word_1_36' title='bbox 163 403 325 438; x_wconf 82' lang='lat' dir='ltr'>affectum</span> <span class='ocrx_word' id='word_1_37' title='bbox 361 415 446 446; x_wconf 85' lang='lat' dir='ltr'>esse,</span> <span class='ocrx_word' id='word_1_38' title='bbox 483 404 525 438; x_wconf 90' lang='lat' dir='ltr'>ut</span> <span class='ocrx_word' id='word_1_39' title='bbox 558 415 629 439; x_wconf 88' lang='lat' dir='ltr'>non</span> <span class='ocrx_word' id='word_1_40' title='bbox 664 402 783 438; x_wconf 84' lang='lat' dir='ltr'>habita</span> <span class='ocrx_word' id='word_1_41' title='bbox 814 402 996 439; x_wconf 89' lang='lat' dir='ltr'>hominum</span> <span class='ocrx_word' id='word_1_42' title='bbox 1029 403 1181 440; x_wconf 90' lang='lat' dir='ltr'>ullorum</span> <span class='ocrx_word' id='word_1_43' title='bbox 1216 404 1354 440; x_wconf 89' lang='lat' dir='ltr'>ratione</span> <span class='ocrx_word' id='word_1_44' title='bbox 1388 404 1486 440; x_wconf 87' lang='lat' dir='ltr'>verbi</span> <span class='ocrx_word' id='word_1_45' title='bbox 1520 418 1557 441; x_wconf 90' lang='lat' dir='ltr'>se</span> <span class='ocrx_word' id='word_1_46' title='bbox 1582 405 1706 441; x_wconf 84' lang='lat' dir='ltr'>Divini</span> 
     </span>
     <span class='ocr_line' id='line_1_6' title="bbox 163 463 1706 514; baseline 0.001 -14"><span class='ocrx_word' id='word_1_47' title='bbox 163 463 383 500; x_wconf 86' lang='lat' dir='ltr'>obedientiae</span> <span class='ocrx_word' id='word_1_48' title='bbox 409 463 446 499; x_wconf 89' lang='lat' dir='ltr'>in</span> <span class='ocrx_word' id='word_1_49' title='bbox 470 463 699 510; x_wconf 80' lang='lat' dir='ltr'>gubernanda</span> <span class='ocrx_word' id='word_1_50' title='bbox 723 463 881 500; x_wconf 82' lang='lat' dir='ltr'>Ecclesia</span> <span class='ocrx_word' id='word_1_51' title='bbox 906 464 1077 500; x_wconf 89' lang='lat' dir='ltr'>subiicere</span> <span class='ocrx_word' id='word_1_52' title='bbox 1103 464 1179 500; x_wconf 89' lang='lat' dir='ltr'>sine</span> <span class='ocrx_word' id='word_1_53' title='bbox 1203 466 1409 513; x_wconf 82' lang='lat' dir='ltr'>exceptione</span> <span class='ocrx_word' id='word_1_54' title='bbox 1427 465 1527 510; x_wconf 86' lang='lat' dir='ltr'>velit,</span> <span class='ocrx_word' id='word_1_55' title='bbox 1544 487 1592 494; x_wconf 89' lang='lat'>—</span> <span class='ocrx_word' id='word_1_56' title='bbox 1607 479 1706 514; x_wconf 89' lang='lat' dir='ltr'>prae-</span> 
     </span>
     <span class='ocr_line' id='line_1_7' title="bbox 162 524 1705 575; baseline 0.003 -16"><span class='ocrx_word' id='word_1_57' title='bbox 162 529 269 567; x_wconf 84' lang='lat' dir='ltr'>terea,</span> <span class='ocrx_word' id='word_1_58' title='bbox 302 524 331 559; x_wconf 87' lang='lat' dir='ltr'>si</span> <span class='ocrx_word' id='word_1_59' title='bbox 366 524 451 560; x_wconf 86' lang='lat' dir='ltr'>mihi</span> <span class='ocrx_word' id='word_1_60' title='bbox 483 528 698 571; x_wconf 87' lang='lat' dir='ltr'>potestatem</span> <span class='ocrx_word' id='word_1_61' title='bbox 726 525 856 561; x_wconf 85' lang='lat' dir='ltr'>faceret</span> <span class='ocrx_word' id='word_1_62' title='bbox 889 525 1042 572; x_wconf 89' lang='lat' dir='ltr'>ponendi</span> <span class='ocrx_word' id='word_1_63' title='bbox 1078 525 1324 570; x_wconf 89' lang='lat' dir='ltr'>ministerium,</span> <span class='ocrx_word' id='word_1_64' title='bbox 1357 526 1454 573; x_wconf 89' lang='lat' dir='ltr'>quod</span> <span class='ocrx_word' id='word_1_65' title='bbox 1485 527 1579 575; x_wconf 90' lang='lat' dir='ltr'>apud</span> <span class='ocrx_word' id='word_1_66' title='bbox 1605 527 1705 563; x_wconf 88' lang='lat' dir='ltr'>illum</span> 
     </span>
     <span class='ocr_line' id='line_1_8' title="bbox 162 585 1705 635; baseline 0.003 -15"><span class='ocrx_word' id='word_1_67' title='bbox 162 591 394 632; x_wconf 86' lang='lat' dir='ltr'>suscepturus</span> <span class='ocrx_word' id='word_1_68' title='bbox 421 598 542 629; x_wconf 88' lang='lat' dir='ltr'>essem,</span> <span class='ocrx_word' id='word_1_69' title='bbox 569 586 599 621; x_wconf 92' lang='lat' dir='ltr'>si</span> <span class='ocrx_word' id='word_1_70' title='bbox 625 585 766 632; x_wconf 87' lang='lat' dir='ltr'>quando</span> <span class='ocrx_word' id='word_1_71' title='bbox 792 585 830 621; x_wconf 88' lang='lat' dir='ltr'>in</span> <span class='ocrx_word' id='word_1_72' title='bbox 855 587 1005 634; x_wconf 84' lang='lat' dir='ltr'>patriam</span> <span class='ocrx_word' id='word_1_73' title='bbox 1031 598 1139 622; x_wconf 84' lang='lat' dir='ltr'>meam</span> <span class='ocrx_word' id='word_1_74' title='bbox 1166 599 1186 622; x_wconf 91' lang='lat' dir='ltr'>a</span> <span class='ocrx_word' id='word_1_75' title='bbox 1211 587 1311 634; x_wconf 81' lang='lat' dir='ltr'>Rege</span> <span class='ocrx_word' id='word_1_76' title='bbox 1337 601 1413 624; x_wconf 90' lang='lat' dir='ltr'>meo</span> <span class='ocrx_word' id='word_1_77' title='bbox 1447 587 1491 624; x_wconf 90' lang='lat' dir='ltr'>ad.</span> <span class='ocrx_word' id='word_1_78' title='bbox 1509 587 1705 635; x_wconf 85' lang='lat' dir='ltr'>legitimum</span> 
     </span>
     <span class='ocr_line' id='line_1_9' title="bbox 162 646 1705 695; baseline 0.002 -13"><span class='ocrx_word' id='word_1_79' title='bbox 162 649 198 682; x_wconf 87' lang='lat' dir='ltr'>ct</span> <span class='ocrx_word' id='word_1_80' title='bbox 225 646 466 681; x_wconf 85' lang='lat' dir='ltr'>Christianum</span> <span class='ocrx_word' id='word_1_81' title='bbox 491 647 670 683; x_wconf 79' lang='lat' dir='ltr'>Ecclesiae</span> <span class='ocrx_word' id='word_1_82' title='bbox 697 647 932 683; x_wconf 86' lang='lat' dir='ltr'>ministerium</span> <span class='ocrx_word' id='word_1_83' title='bbox 958 659 1115 683; x_wconf 87' lang='lat' dir='ltr'>vocarer.</span> <span class='ocrx_word' id='word_1_84' title='bbox 1157 647 1309 695; x_wconf 81' lang='lat' dir='ltr'>Reliqua</span> <span class='ocrx_word' id='word_1_85' title='bbox 1336 648 1453 685; x_wconf 88' lang='lat' dir='ltr'>omnia</span> <span class='ocrx_word' id='word_1_86' title='bbox 1480 662 1534 685; x_wconf 91' lang='lat' dir='ltr'>me</span> <span class='ocrx_word' id='word_1_87' title='bbox 1558 649 1705 686; x_wconf 86' lang='lat' dir='ltr'>arbitrio</span> 
     </span>
     <span class='ocr_line' id='line_1_10' title="bbox 163 706 1706 756; baseline 0.003 -15"><span class='ocrx_word' id='word_1_88' title='bbox 163 718 227 741; x_wconf 77' lang='lat' dir='ltr'>suo</span> <span class='ocrx_word' id='word_1_89' title='bbox 253 706 463 752; x_wconf 83' lang='lat' dir='ltr'>relinquere.</span> <span class='ocrx_word' id='word_1_90' title='bbox 513 706 707 742; x_wconf 81' lang='lat' dir='ltr'>Transmisi</span> <span class='ocrx_word' id='word_1_91' title='bbox 733 706 839 742; x_wconf 89' lang='lat' dir='ltr'>etiam</span> <span class='ocrx_word' id='word_1_92' title='bbox 865 706 908 743; x_wconf 90' lang='lat' dir='ltr'>ad</span> <span class='ocrx_word' id='word_1_93' title='bbox 933 706 1035 742; x_wconf 88' lang='lat' dir='ltr'>illum</span> <span class='ocrx_word' id='word_1_94' title='bbox 1060 707 1242 744; x_wconf 86' lang='lat' dir='ltr'>doctrinae</span> <span class='ocrx_word' id='word_1_95' title='bbox 1267 720 1362 744; x_wconf 79' lang='lat' dir='ltr'>meae</span> <span class='ocrx_word' id='word_1_96' title='bbox 1387 720 1570 752; x_wconf 88' lang='lat' dir='ltr'>summam,</span> <span class='ocrx_word' id='word_1_97' title='bbox 1596 709 1706 756; x_wconf 89' lang='lat' dir='ltr'>potis·</span> 
     </span>
     <span class='ocr_line' id='line_1_11' title="bbox 162 767 1700 815; baseline 0.003 -12"><span class='ocrx_word' id='word_1_98' title='bbox 162 767 288 803; x_wconf 84' lang='lat' dir='ltr'>simum</span> <span class='ocrx_word' id='word_1_99' title='bbox 323 768 365 804; x_wconf 86' lang='lat' dir='ltr'>de</span> <span class='ocrx_word' id='word_1_100' title='bbox 401 768 645 812; x_wconf 80' lang='lat' dir='ltr'>Sacramentis,</span> <span class='ocrx_word' id='word_1_101' title='bbox 681 781 724 805; x_wconf 90' lang='lat' dir='ltr'>ne</span> <span class='ocrx_word' id='word_1_102' title='bbox 758 769 844 815; x_wconf 89' lang='lat' dir='ltr'>quid</span> <span class='ocrx_word' id='word_1_103' title='bbox 880 768 979 804; x_wconf 89' lang='lat' dir='ltr'>illum</span> <span class='ocrx_word' id='word_1_104' title='bbox 1013 769 1171 805; x_wconf 87' lang='lat' dir='ltr'>celarem.</span> <span class='ocrx_word' id='word_1_105' title='bbox 1218 769 1277 807; x_wconf 85' lang='lat' dir='ltr'>Ad</span> <span class='ocrx_word' id='word_1_106' title='bbox 1302 782 1342 805; x_wconf 89' lang='lat' dir='ltr'>ea</span> <span class='ocrx_word' id='word_1_107' title='bbox 1367 782 1462 806; x_wconf 90' lang='lat' dir='ltr'>nunc</span> <span class='ocrx_word' id='word_1_108' title='bbox 1488 770 1606 806; x_wconf 85' lang='lat' dir='ltr'>omnia</span> <span class='ocrx_word' id='word_1_109' title='bbox 1631 782 1700 807; x_wconf 89' lang='lat' dir='ltr'>res-</span> 
     </span>
     <span class='ocr_line' id='line_1_12' title="bbox 163 829 1704 878; baseline 0.003 -15"><span class='ocrx_word' id='word_1_110' title='bbox 163 841 311 876; x_wconf 82' lang='lat' dir='ltr'>ponsum</span> <span class='ocrx_word' id='word_1_111' title='bbox 339 830 375 864; x_wconf 87' lang='lat' dir='ltr'>in</span> <span class='ocrx_word' id='word_1_112' title='bbox 402 829 503 865; x_wconf 86' lang='lat' dir='ltr'>horas</span> <span class='ocrx_word' id='word_1_113' title='bbox 528 832 686 877; x_wconf 80' lang='lat' dir='ltr'>expecto.</span> <span class='ocrx_word' id='word_1_114' title='bbox 738 830 816 866; x_wconf 84' lang='lat' dir='ltr'>Scio</span> <span class='ocrx_word' id='word_1_115' title='bbox 841 833 959 866; x_wconf 89' lang='lat' dir='ltr'>autem</span> <span class='ocrx_word' id='word_1_116' title='bbox 986 830 1079 877; x_wconf 88' lang='lat' dir='ltr'>apud</span> <span class='ocrx_word' id='word_1_117' title='bbox 1104 829 1204 866; x_wconf 86' lang='lat' dir='ltr'>illum</span> <span class='ocrx_word' id='word_1_118' title='bbox 1230 843 1375 878; x_wconf 80' lang='lat' dir='ltr'>regnare</span> <span class='ocrx_word' id='word_1_119' title='bbox 1403 831 1641 878; x_wconf 84' lang='lat' dir='ltr'>Capernaitas,</span> <span class='ocrx_word' id='word_1_120' title='bbox 1668 835 1704 868; x_wconf 89' lang='lat' dir='ltr'>et</span> 
     </span>
     <span class='ocr_line' id='line_1_13' title="bbox 164 890 1706 939; baseline 0.003 -14"><span class='ocrx_word' id='word_1_121' title='bbox 164 890 310 937; x_wconf 81' lang='lat' dir='ltr'>proinde</span> <span class='ocrx_word' id='word_1_122' title='bbox 344 891 418 927; x_wconf 87' lang='lat' dir='ltr'>fieri</span> <span class='ocrx_word' id='word_1_123' title='bbox 449 903 551 938; x_wconf 89' lang='lat' dir='ltr'>posse</span> <span class='ocrx_word' id='word_1_124' title='bbox 586 894 686 939; x_wconf 84' lang='lat' dir='ltr'>puto,</span> <span class='ocrx_word' id='word_1_125' title='bbox 730 895 771 927; x_wconf 90' lang='lat' dir='ltr'>ut</span> <span class='ocrx_word' id='word_1_126' title='bbox 806 890 907 927; x_wconf 82' lang='lat' dir='ltr'>facile</span> <span class='ocrx_word' id='word_1_127' title='bbox 940 903 995 927; x_wconf 88' lang='lat' dir='ltr'>me</span> <span class='ocrx_word' id='word_1_128' title='bbox 1027 890 1123 927; x_wconf 89' lang='lat' dir='ltr'>illinc</span> <span class='ocrx_word' id='word_1_129' title='bbox 1158 891 1223 927; x_wconf 91' lang='lat' dir='ltr'>sim</span> <span class='ocrx_word' id='word_1_130' title='bbox 1256 891 1490 928; x_wconf 76' lang='lat' dir='ltr'>liberaturus:</span> <span class='ocrx_word' id='word_1_131' title='bbox 1529 905 1610 928; x_wconf 87' lang='lat' dir='ltr'>nam</span> <span class='ocrx_word' id='word_1_132' title='bbox 1636 892 1706 929; x_wconf 89' lang='lat' dir='ltr'>illis</span> 
     </span>
     <span class='ocr_line' id='line_1_14' title="bbox 161 953 1705 1001; baseline 0.003 -14"><span class='ocrx_word' id='word_1_133' title='bbox 161 964 226 998; x_wconf 77' lang='lat' dir='ltr'>ego</span> <span class='ocrx_word' id='word_1_134' title='bbox 260 953 423 989; x_wconf 77' lang='lat' dir='ltr'>assentiri</span> <span class='ocrx_word' id='word_1_135' title='bbox 466 966 537 989; x_wconf 89' lang='lat' dir='ltr'>non</span> <span class='ocrx_word' id='word_1_136' title='bbox 571 965 725 1000; x_wconf 87' lang='lat' dir='ltr'>possum.</span> <span class='ocrx_word' id='word_1_137' title='bbox 777 953 866 989; x_wconf 89' lang='lat' dir='ltr'>Cum</span> <span class='ocrx_word' id='word_1_138' title='bbox 900 953 1011 999; x_wconf 82' lang='lat' dir='ltr'>igitur</span> <span class='ocrx_word' id='word_1_139' title='bbox 1045 956 1141 990; x_wconf 87' lang='lat' dir='ltr'>certo</span> <span class='ocrx_word' id='word_1_140' title='bbox 1177 953 1430 1001; x_wconf 85' lang='lat' dir='ltr'>propemodum</span> <span class='ocrx_word' id='word_1_141' title='bbox 1466 953 1614 998; x_wconf 86' lang='lat' dir='ltr'>videam,</span> <span class='ocrx_word' id='word_1_142' title='bbox 1650 968 1705 992; x_wconf 89' lang='lat' dir='ltr'>me</span> 
     </span>
     <span class='ocr_line' id='line_1_15' title="bbox 161 1014 1706 1063; baseline 0.001 -13"><span class='ocrx_word' id='word_1_143' title='bbox 161 1015 216 1050; x_wconf 86' lang='lat' dir='ltr'>hic</span> <span class='ocrx_word' id='word_1_144' title='bbox 248 1014 306 1050; x_wconf 84' lang='lat' dir='ltr'>diu</span> <span class='ocrx_word' id='word_1_145' title='bbox 342 1028 609 1063; x_wconf 86' lang='lat' dir='ltr'>permansurum</span> <span class='ocrx_word' id='word_1_146' title='bbox 643 1028 713 1051; x_wconf 88' lang='lat' dir='ltr'>non</span> <span class='ocrx_word' id='word_1_147' title='bbox 749 1027 834 1059; x_wconf 91' lang='lat' dir='ltr'>esse,</span> <span class='ocrx_word' id='word_1_148' title='bbox 872 1015 1067 1061; x_wconf 71' lang='lat' dir='ltr'>intelligam</span> <span class='ocrx_word' id='word_1_149' title='bbox 1094 1015 1191 1058; x_wconf 84' lang='lat' dir='ltr'>item,</span> <span class='ocrx_word' id='word_1_150' title='bbox 1218 1027 1320 1062; x_wconf 78' lang='lat' dir='ltr'>aegre</span> <span class='ocrx_word' id='word_1_151' title='bbox 1347 1015 1432 1051; x_wconf 90' lang='lat' dir='ltr'>mihi</span> <span class='ocrx_word' id='word_1_152' title='bbox 1457 1028 1536 1052; x_wconf 89' lang='lat' dir='ltr'>cum</span> <span class='ocrx_word' id='word_1_153' title='bbox 1563 1015 1706 1052; x_wconf 79' lang='lat' dir='ltr'>Prussis</span> 
     </span>
     <span class='ocr_line' id='line_1_16' title="bbox 163 1077 1707 1125; baseline 0.001 -12"><span class='ocrx_word' id='word_1_154' title='bbox 163 1077 198 1113; x_wconf 92' lang='lat' dir='ltr'>in</span> <span class='ocrx_word' id='word_1_155' title='bbox 234 1078 396 1114; x_wconf 84' lang='lat' dir='ltr'>doctrina</span> <span class='ocrx_word' id='word_1_156' title='bbox 428 1077 611 1114; x_wconf 85' lang='lat' dir='ltr'>conveniri</span> <span class='ocrx_word' id='word_1_157' title='bbox 646 1090 749 1125; x_wconf 85' lang='lat' dir='ltr'>posse</span> <span class='ocrx_word' id='word_1_158' title='bbox 783 1098 831 1105; x_wconf 91' lang='lat'><em>-</em></span> <span class='ocrx_word' id='word_1_159' title='bbox 855 1077 994 1113; x_wconf 87' lang='lat' dir='ltr'>etiamsi</span> <span class='ocrx_word' id='word_1_160' title='bbox 1019 1077 1055 1113; x_wconf 89' lang='lat' dir='ltr'>id</span> <span class='ocrx_word' id='word_1_161' title='bbox 1081 1078 1250 1113; x_wconf 85' lang='lat' dir='ltr'>affirmare</span> <span class='ocrx_word' id='word_1_162' title='bbox 1274 1077 1387 1113; x_wconf 87' lang='lat' dir='ltr'>adhuc</span> <span class='ocrx_word' id='word_1_163' title='bbox 1412 1090 1484 1114; x_wconf 91' lang='lat' dir='ltr'>non</span> <span class='ocrx_word' id='word_1_164' title='bbox 1510 1090 1635 1125; x_wconf 84' lang='lat' dir='ltr'>queam</span> <span class='ocrx_word' id='word_1_165' title='bbox 1660 1097 1707 1107; x_wconf 89' lang='lat'>—-</span> 
     </span>
     <span class='ocr_line' id='line_1_17' title="bbox 164 1139 1705 1187; baseline 0.001 -11"><span class='ocrx_word' id='word_1_166' title='bbox 164 1153 235 1176; x_wconf 89' lang='grc'>11011</span> <span class='ocrx_word' id='word_1_167' title='bbox 272 1140 322 1175; x_wconf 86' lang='lat' dir='ltr'>ita</span> <span class='ocrx_word' id='word_1_168' title='bbox 349 1139 499 1176; x_wconf 87' lang='lat' dir='ltr'>multum</span> <span class='ocrx_word' id='word_1_169' title='bbox 535 1139 655 1176; x_wconf 83' lang='lat' dir='ltr'>abesse</span> <span class='ocrx_word' id='word_1_170' title='bbox 680 1145 779 1186; x_wconf 89' lang='lat' dir='ltr'>puto,</span> <span class='ocrx_word' id='word_1_171' title='bbox 806 1139 893 1186; x_wconf 91' lang='lat' dir='ltr'>quin</span> <span class='ocrx_word' id='word_1_172' title='bbox 919 1142 1037 1175; x_wconf 91' lang='lat' dir='ltr'>tecum</span> <span class='ocrx_word' id='word_1_173' title='bbox 1064 1152 1138 1175; x_wconf 91' lang='lat' dir='ltr'>esse</span> <span class='ocrx_word' id='word_1_174' title='bbox 1163 1140 1305 1187; x_wconf 89' lang='lat' dir='ltr'>possim,</span> <span class='ocrx_word' id='word_1_175' title='bbox 1332 1140 1535 1187; x_wconf 87' lang='lat' dir='ltr'>praesertim</span> <span class='ocrx_word' id='word_1_176' title='bbox 1562 1140 1591 1176; x_wconf 89' lang='lat' dir='ltr'>si</span> <span class='ocrx_word' id='word_1_177' title='bbox 1616 1140 1705 1177; x_wconf 85' lang='lat' dir='ltr'>duae</span> 
     </span>
     <span class='ocr_line' id='line_1_18' title="bbox 161 1200 1700 1248; baseline 0.001 -12"><span class='ocrx_word' id='word_1_178' title='bbox 161 1201 241 1237; x_wconf 78' lang='lat' dir='ltr'>illae</span> <span class='ocrx_word' id='word_1_179' title='bbox 274 1201 495 1237; x_wconf 82' lang='lat' dir='ltr'>conditiones</span> <span class='ocrx_word' id='word_1_180' title='bbox 531 1201 623 1236; x_wconf 84' lang='lat' dir='ltr'>Duei</span> <span class='ocrx_word' id='word_1_181' title='bbox 656 1200 823 1236; x_wconf 82' lang='lat' dir='ltr'>Prussiae</span> <span class='ocrx_word' id='word_1_182' title='bbox 858 1201 1060 1248; x_wconf 85' lang='lat' dir='ltr'>propositae</span> <span class='ocrx_word' id='word_1_183' title='bbox 1092 1213 1111 1236; x_wconf 89' lang='lat' dir='ltr'>a</span> <span class='ocrx_word' id='word_1_184' title='bbox 1144 1201 1276 1237; x_wconf 88' lang='lat' dir='ltr'>nostris</span> <span class='ocrx_word' id='word_1_185' title='bbox 1312 1201 1537 1248; x_wconf 78' lang='lat' dir='ltr'>recipiantur.</span> <span class='ocrx_word' id='word_1_186' title='bbox 1587 1201 1700 1237; x_wconf 84' lang='lat' dir='ltr'>Mitto</span> 
     </span>
     <span class='ocr_line' id='line_1_19' title="bbox 165 1262 1701 1310; baseline 0 -12"><span class='ocrx_word' id='word_1_187' title='bbox 165 1262 208 1298; x_wconf 81' lang='lat' dir='ltr'>ad</span> <span class='ocrx_word' id='word_1_188' title='bbox 245 1266 281 1299; x_wconf 85' lang='lat' dir='ltr'>tc</span> <span class='ocrx_word' id='word_1_189' title='bbox 313 1263 494 1298; x_wconf 88' lang='lat' dir='ltr'>doctrinae</span> <span class='ocrx_word' id='word_1_190' title='bbox 530 1275 625 1298; x_wconf 86' lang='lat' dir='ltr'>meae</span> <span class='ocrx_word' id='word_1_191' title='bbox 659 1263 835 1310; x_wconf 86' lang='lat' dir='ltr'>epitomen</span> <span class='ocrx_word' id='word_1_192' title='bbox 854 1264 897 1308; x_wconf 68' lang='lat'>⁶),</span> <span class='ocrx_word' id='word_1_193' title='bbox 923 1265 966 1298; x_wconf 89' lang='lat' dir='ltr'>ut</span> <span class='ocrx_word' id='word_1_194' title='bbox 998 1275 1018 1297; x_wconf 88' lang='lat' dir='ltr'>a</span> <span class='ocrx_word' id='word_1_195' title='bbox 1045 1263 1192 1305; x_wconf 86' lang='lat' dir='ltr'>Bucero,</span> <span class='ocrx_word' id='word_1_196' title='bbox 1219 1266 1253 1298; x_wconf 89' lang='lat' dir='ltr'>et</span> <span class='ocrx_word' id='word_1_197' title='bbox 1281 1262 1357 1298; x_wconf 86' lang='lat' dir='ltr'>aliis</span> <span class='ocrx_word' id='word_1_198' title='bbox 1383 1263 1464 1299; x_wconf 86' lang='lat' dir='ltr'>istic</span> <span class='ocrx_word' id='word_1_199' title='bbox 1490 1262 1701 1298; x_wconf 79' lang='lat' dir='ltr'>excutiatur.</span> 
     </span>
     <span class='ocr_line' id='line_1_20' title="bbox 164 1323 1704 1371; baseline 0.001 -13"><span class='ocrx_word' id='word_1_200' title='bbox 164 1324 236 1360; x_wconf 86' lang='lat' dir='ltr'>Ubi</span> <span class='ocrx_word' id='word_1_201' title='bbox 274 1338 347 1360; x_wconf 81' lang='lat' dir='ltr'>eam</span> <span class='ocrx_word' id='word_1_202' title='bbox 382 1325 541 1361; x_wconf 87' lang='lat' dir='ltr'>Bucerus</span> <span class='ocrx_word' id='word_1_203' title='bbox 567 1324 706 1370; x_wconf 80' lang='lat' dir='ltr'>legerit,</span> <span class='ocrx_word' id='word_1_204' title='bbox 743 1326 819 1359; x_wconf 89' lang='lat' dir='ltr'>tum</span> <span class='ocrx_word' id='word_1_205' title='bbox 846 1323 985 1367; x_wconf 87' lang='lat' dir='ltr'>vellem,</span> <span class='ocrx_word' id='word_1_206' title='bbox 1012 1326 1053 1359; x_wconf 94' lang='lat' dir='ltr'>ut</span> <span class='ocrx_word' id='word_1_207' title='bbox 1079 1323 1121 1359; x_wconf 86' lang='lat' dir='ltr'>ad</span> <span class='ocrx_word' id='word_1_208' title='bbox 1149 1323 1393 1370; x_wconf 78' lang='lat' dir='ltr'>Bullingerum</span> <span class='ocrx_word' id='word_1_209' title='bbox 1421 1337 1565 1371; x_wconf 88' lang='lat' dir='ltr'>quoque</span> <span class='ocrx_word' id='word_1_210' title='bbox 1590 1329 1704 1360; x_wconf 87' lang='lat' dir='ltr'>trans·</span> 
     </span>
     <span class='ocr_line' id='line_1_21' title="bbox 164 1385 1705 1434; baseline 0.001 -12"><span class='ocrx_word' id='word_1_211' title='bbox 164 1387 368 1423; x_wconf 75' lang='lat' dir='ltr'>mitteretur</span> <span class='ocrx_word' id='word_1_212' title='bbox 402 1399 463 1434; x_wconf 87' lang='lat' dir='ltr'>per</span> <span class='ocrx_word' id='word_1_213' title='bbox 499 1386 693 1422; x_wconf 83' lang='lat' dir='ltr'>Gerardum</span> <span class='ocrx_word' id='word_1_214' title='bbox 723 1388 753 1434; x_wconf 91' lang='lat'>⁷)</span> <span class='ocrx_word' id='word_1_215' title='bbox 789 1388 962 1429; x_wconf 88' lang='lat' dir='ltr'>nostrum,</span> <span class='ocrx_word' id='word_1_216' title='bbox 999 1385 1137 1422; x_wconf 89' lang='lat' dir='ltr'>demum</span> <span class='ocrx_word' id='word_1_217' title='bbox 1174 1398 1268 1429; x_wconf 88' lang='lat' dir='ltr'>vero,</span> <span class='ocrx_word' id='word_1_218' title='bbox 1303 1389 1345 1422; x_wconf 87' lang='lat' dir='ltr'>ut</span> <span class='ocrx_word' id='word_1_219' title='bbox 1371 1386 1534 1434; x_wconf 87' lang='lat' dir='ltr'>Philippo</span> <span class='ocrx_word' id='word_1_220' title='bbox 1561 1399 1705 1434; x_wconf 87' lang='lat' dir='ltr'>quoque</span> 
     </span>
     <span class='ocr_line' id='line_1_22' title="bbox 165 1448 382 1484; baseline 0.005 -1"><span class='ocrx_word' id='word_1_221' title='bbox 165 1448 382 1484; x_wconf 78' lang='lat' dir='ltr'>exhibeatur.</span> 
     </span>
    </p>

    <p class='ocr_par' dir='ltr' id='par_1_3' title="bbox 162 1507 1706 1742">
     <span class='ocr_line' id='line_1_23' title="bbox 209 1507 1703 1556; baseline -0.001 -10"><span class='ocrx_word' id='word_1_222' title='bbox 209 1511 326 1547; x_wconf 83' lang='lat' dir='ltr'>Audio</span> <span class='ocrx_word' id='word_1_223' title='bbox 353 1514 455 1547; x_wconf 90' lang='lat' dir='ltr'>tuum</span> <span class='ocrx_word' id='word_1_224' title='bbox 488 1512 524 1546; x_wconf 87' lang='lat' dir='ltr'>et</span> <span class='ocrx_word' id='word_1_225' title='bbox 560 1509 688 1545; x_wconf 86' lang='lat' dir='ltr'>Bueeri</span> <span class='ocrx_word' id='word_1_226' title='bbox 714 1508 757 1544; x_wconf 88' lang='lat' dir='ltr'>ad</span> <span class='ocrx_word' id='word_1_227' title='bbox 782 1509 996 1556; x_wconf 85' lang='lat' dir='ltr'>Episcopum</span> <span class='ocrx_word' id='word_1_228' title='bbox 1016 1507 1262 1544; x_wconf 88' lang='lat' dir='ltr'>Coloniensem</span> <span class='ocrx_word' id='word_1_229' title='bbox 1280 1507 1473 1543; x_wconf 86' lang='lat' dir='ltr'>adventum</span> <span class='ocrx_word' id='word_1_230' title='bbox 1491 1507 1584 1555; x_wconf 88' lang='lat' dir='ltr'>apud</span> <span class='ocrx_word' id='word_1_231' title='bbox 1602 1507 1703 1544; x_wconf 88' lang='lat' dir='ltr'>illum</span> 
     </span>
     <span class='ocr_line' id='line_1_24' title="bbox 165 1569 1706 1621; baseline -0.002 -12"><span class='ocrx_word' id='word_1_232' title='bbox 165 1573 352 1621; x_wconf 83' lang='lat' dir='ltr'>expectari.</span> <span class='ocrx_word' id='word_1_233' title='bbox 403 1572 570 1608; x_wconf 85' lang='lat' dir='ltr'>Venirem</span> <span class='ocrx_word' id='word_1_234' title='bbox 604 1584 644 1607; x_wconf 87' lang='lat' dir='ltr'>eo</span> <span class='ocrx_word' id='word_1_235' title='bbox 677 1571 720 1607; x_wconf 81' lang='lat' dir='ltr'>ad</span> <span class='ocrx_word' id='word_1_236' title='bbox 747 1583 821 1614; x_wconf 91' lang='lat' dir='ltr'>vos,</span> <span class='ocrx_word' id='word_1_237' title='bbox 854 1571 883 1606; x_wconf 87' lang='lat' dir='ltr'>si</span> <span class='ocrx_word' id='word_1_238' title='bbox 909 1571 1033 1606; x_wconf 85' lang='lat' dir='ltr'>scirem</span> <span class='ocrx_word' id='word_1_239' title='bbox 1059 1573 1169 1606; x_wconf 89' lang='lat' dir='ltr'>eerto.</span> <span class='ocrx_word' id='word_1_240' title='bbox 1221 1569 1337 1615; x_wconf 76' lang='lat' dir='ltr'>Quare</span> <span class='ocrx_word' id='word_1_241' title='bbox 1363 1569 1391 1605; x_wconf 92' lang='lat' dir='ltr'>si</span> <span class='ocrx_word' id='word_1_242' title='bbox 1418 1569 1468 1605; x_wconf 89' lang='lat' dir='ltr'>ita</span> <span class='ocrx_word' id='word_1_243' title='bbox 1495 1572 1559 1613; x_wconf 88' lang='lat' dir='ltr'>est,</span> <span class='ocrx_word' id='word_1_244' title='bbox 1585 1569 1638 1606; x_wconf 84' lang='lat' dir='ltr'>fac</span> <span class='ocrx_word' id='word_1_245' title='bbox 1663 1573 1706 1606; x_wconf 87' lang='lat' dir='ltr'>ut</span> 
     </span>
     <span class='ocr_line' id='line_1_25' title="bbox 162 1631 1705 1682; baseline -0.002 -10"><span class='ocrx_word' id='word_1_246' title='bbox 162 1637 265 1672; x_wconf 85' lang='lat' dir='ltr'>sciam</span> <span class='ocrx_word' id='word_1_247' title='bbox 302 1647 443 1682; x_wconf 86' lang='lat' dir='ltr'>quaeso,</span> <span class='ocrx_word' id='word_1_248' title='bbox 478 1641 513 1669; x_wconf 90' lang='lat' dir='ltr'>et</span> <span class='ocrx_word' id='word_1_249' title='bbox 547 1632 602 1669; x_wconf 91' lang='lat' dir='ltr'>vel</span> <span class='ocrx_word' id='word_1_250' title='bbox 636 1645 696 1680; x_wconf 89' lang='lat' dir='ltr'>per</span> <span class='ocrx_word' id='word_1_251' title='bbox 739 1632 919 1680; x_wconf 85' lang='lat' dir='ltr'>proprium</span> <span class='ocrx_word' id='word_1_252' title='bbox 953 1632 1122 1667; x_wconf 88' lang='lat' dir='ltr'>nuncium</span> <span class='ocrx_word' id='word_1_253' title='bbox 1154 1631 1238 1667; x_wconf 82' lang='lat' dir='ltr'>mihi</span> <span class='ocrx_word' id='word_1_254' title='bbox 1263 1631 1378 1668; x_wconf 86' lang='lat' dir='ltr'>indica</span> <span class='ocrx_word' id='word_1_255' title='bbox 1404 1645 1475 1679; x_wconf 89' lang='lat' dir='ltr'>quo</span> <span class='ocrx_word' id='word_1_256' title='bbox 1502 1634 1538 1667; x_wconf 87' lang='lat' dir='ltr'>et</span> <span class='ocrx_word' id='word_1_257' title='bbox 1564 1632 1705 1679; x_wconf 87' lang='lat' dir='ltr'>quando</span> 
     </span>
     <span class='ocr_line' id='line_1_26' title="bbox 162 1692 1703 1742; baseline -0.001 -10"><span class='ocrx_word' id='word_1_258' title='bbox 162 1696 246 1733; x_wconf 85' lang='lat' dir='ltr'>mihi</span> <span class='ocrx_word' id='word_1_259' title='bbox 279 1696 322 1731; x_wconf 87' lang='lat' dir='ltr'>ad</span> <span class='ocrx_word' id='word_1_260' title='bbox 349 1708 421 1731; x_wconf 82' lang='lat' dir='ltr'>vos.</span> <span class='ocrx_word' id='word_1_261' title='bbox 448 1695 576 1741; x_wconf 86' lang='lat' dir='ltr'>Neque</span> <span class='ocrx_word' id='word_1_262' title='bbox 602 1693 703 1742; x_wconf 88' lang='lat' dir='ltr'>plura</span> <span class='ocrx_word' id='word_1_263' title='bbox 719 1706 824 1730; x_wconf 88' lang='lat' dir='ltr'>nunc.</span> <span class='ocrx_word' id='word_1_264' title='bbox 849 1693 950 1729; x_wconf 87' lang='lat' dir='ltr'>Vale.</span> <span class='ocrx_word' id='word_1_265' title='bbox 977 1692 1132 1728; x_wconf 83' lang='lat' dir='ltr'>Embdae</span> <span class='ocrx_word' id='word_1_266' title='bbox 1150 1692 1275 1728; x_wconf 84' lang='lat' dir='ltr'>ultima</span> <span class='ocrx_word' id='word_1_267' title='bbox 1294 1694 1448 1739; x_wconf 78' lang='lat' dir='ltr'>August.</span> <span class='ocrx_word' id='word_1_268' title='bbox 1474 1694 1580 1730; x_wconf 87' lang='lat' dir='ltr'>Anno</span> <span class='ocrx_word' id='word_1_269' title='bbox 1598 1694 1703 1730; x_wconf 76' lang='lat'>1544.</span> 
     </span>
    </p>

    <p class='ocr_par' dir='ltr' id='par_1_4' title="bbox 163 1753 1706 1990">
     <span class='ocr_line' id='line_1_27' title="bbox 211 1753 1705 1803; baseline -0.002 -10"><span class='ocrx_word' id='word_1_270' title='bbox 211 1758 300 1793; x_wconf 83' lang='lat' dir='ltr'>Post</span> <span class='ocrx_word' id='word_1_271' title='bbox 326 1756 474 1803; x_wconf 83' lang='lat' dir='ltr'>scriptas</span> <span class='ocrx_word' id='word_1_272' title='bbox 500 1755 621 1791; x_wconf 84' lang='lat' dir='ltr'>literas</span> <span class='ocrx_word' id='word_1_273' title='bbox 648 1754 763 1802; x_wconf 84' lang='lat' dir='ltr'>accepi</span> <span class='ocrx_word' id='word_1_274' title='bbox 790 1754 912 1790; x_wconf 86' lang='lat' dir='ltr'>literas</span> <span class='ocrx_word' id='word_1_275' title='bbox 938 1767 957 1789; x_wconf 88' lang='lat' dir='ltr'>a</span> <span class='ocrx_word' id='word_1_276' title='bbox 984 1754 1083 1789; x_wconf 87' lang='lat' dir='ltr'>Duce</span> <span class='ocrx_word' id='word_1_277' title='bbox 1109 1754 1286 1796; x_wconf 84' lang='lat' dir='ltr'>Prussiae,</span> <span class='ocrx_word' id='word_1_278' title='bbox 1314 1753 1430 1801; x_wconf 88' lang='lat' dir='ltr'>quise</span> <span class='ocrx_word' id='word_1_279' title='bbox 1447 1767 1509 1802; x_wconf 87' lang='lat' dir='ltr'>per</span> <span class='ocrx_word' id='word_1_280' title='bbox 1526 1755 1705 1802; x_wconf 88' lang='lat' dir='ltr'>proprium</span> 
     </span>
     <span class='ocr_line' id='line_1_28' title="bbox 163 1814 1706 1863; baseline -0.001 -9"><span class='ocrx_word' id='word_1_281' title='bbox 163 1818 331 1854; x_wconf 86' lang='lat' dir='ltr'>nuncium</span> <span class='ocrx_word' id='word_1_282' title='bbox 357 1830 459 1853; x_wconf 88' lang='lat' dir='ltr'>suum</span> <span class='ocrx_word' id='word_1_283' title='bbox 486 1817 528 1852; x_wconf 85' lang='lat' dir='ltr'>ad</span> <span class='ocrx_word' id='word_1_284' title='bbox 553 1829 630 1852; x_wconf 84' lang='lat' dir='ltr'>mea</span> <span class='ocrx_word' id='word_1_285' title='bbox 654 1816 738 1851; x_wconf 89' lang='lat' dir='ltr'>mihi</span> <span class='ocrx_word' id='word_1_286' title='bbox 765 1828 1018 1863; x_wconf 88' lang='lat' dir='ltr'>responsurum</span> <span class='ocrx_word' id='word_1_287' title='bbox 1045 1828 1121 1851; x_wconf 89' lang='lat' dir='ltr'>esse</span> <span class='ocrx_word' id='word_1_288' title='bbox 1146 1814 1281 1850; x_wconf 84' lang='lat' dir='ltr'>scribit.</span> <span class='ocrx_word' id='word_1_289' title='bbox 1331 1814 1403 1850; x_wconf 86' lang='lat' dir='ltr'>Alii</span> <span class='ocrx_word' id='word_1_290' title='bbox 1430 1817 1547 1852; x_wconf 88' lang='lat' dir='ltr'>tamen</span> <span class='ocrx_word' id='word_1_291' title='bbox 1573 1828 1706 1859; x_wconf 88' lang='lat' dir='ltr'>omneS,</span> 
     </span>
     <span class='ocr_line' id='line_1_29' title="bbox 165 1875 1704 1927; baseline -0.001 -12"><span class='ocrx_word' id='word_1_292' title='bbox 165 1881 227 1927; x_wconf 85' lang='lat' dir='ltr'>qui</span> <span class='ocrx_word' id='word_1_293' title='bbox 252 1879 344 1927; x_wconf 87' lang='lat' dir='ltr'>apud</span> <span class='ocrx_word' id='word_1_294' title='bbox 378 1878 479 1914; x_wconf 84' lang='lat' dir='ltr'>illum</span> <span class='ocrx_word' id='word_1_295' title='bbox 513 1880 609 1921; x_wconf 83' lang='lat' dir='ltr'>sunt,</span> <span class='ocrx_word' id='word_1_296' title='bbox 636 1877 807 1920; x_wconf 82' lang='lat' dir='ltr'>scribunt,</span> <span class='ocrx_word' id='word_1_297' title='bbox 843 1888 1014 1912; x_wconf 87' lang='lat' dir='ltr'>summam</span> <span class='ocrx_word' id='word_1_298' title='bbox 1049 1888 1125 1912; x_wconf 88' lang='lat' dir='ltr'>esse</span> <span class='ocrx_word' id='word_1_299' title='bbox 1151 1875 1222 1912; x_wconf 88' lang='lat' dir='ltr'>illic</span> <span class='ocrx_word' id='word_1_300' title='bbox 1248 1875 1440 1913; x_wconf 85' lang='lat' dir='ltr'>barbariem</span> <span class='ocrx_word' id='word_1_301' title='bbox 1467 1878 1503 1913; x_wconf 88' lang='lat' dir='ltr'>et</span> <span class='ocrx_word' id='word_1_302' title='bbox 1529 1876 1704 1914; x_wconf 87' lang='lat' dir='ltr'>Luthero-</span> 
     </span>
     <span class='ocr_line' id='line_1_30' title="bbox 165 1937 1383 1990; baseline -0.003 -12"><span class='ocrx_word' id='word_1_303' title='bbox 165 1941 371 1990; x_wconf 80' lang='lat' dir='ltr'>papismum,</span> <span class='ocrx_word' id='word_1_304' title='bbox 397 1946 439 1977; x_wconf 89' lang='lat' dir='ltr'>ut</span> <span class='ocrx_word' id='word_1_305' title='bbox 465 1953 537 1977; x_wconf 91' lang='lat' dir='ltr'>non</span> <span class='ocrx_word' id='word_1_306' title='bbox 562 1951 772 1987; x_wconf 80' lang='lat' dir='ltr'>magnopere</span> <span class='ocrx_word' id='word_1_307' title='bbox 798 1938 991 1986; x_wconf 85' lang='lat' dir='ltr'>optandum</span> <span class='ocrx_word' id='word_1_308' title='bbox 1016 1937 1101 1974; x_wconf 86' lang='lat' dir='ltr'>mihi</span> <span class='ocrx_word' id='word_1_309' title='bbox 1126 1938 1174 1973; x_wconf 87' lang='lat' dir='ltr'>sit</span> <span class='ocrx_word' id='word_1_310' title='bbox 1200 1937 1271 1973; x_wconf 89' lang='lat' dir='ltr'>illic</span> <span class='ocrx_word' id='word_1_311' title='bbox 1297 1950 1383 1974; x_wconf 88' lang='lat' dir='ltr'>esse.</span> 
     </span>
    </p>
   </div>
   <div class='ocr_carea' id='block_1_3' title="bbox 162 2081 1708 2346">
    <p class='ocr_par' dir='ltr' id='par_1_5' title="bbox 162 2081 1708 2346">
     <span class='ocr_line' id='line_1_31' title="bbox 209 2081 1708 2125; baseline -0.003 -9"><span class='ocrx_word' id='word_1_312' title='bbox 209 2087 233 2125; x_wconf 92' lang='lat'>¹)</span> <span class='ocrx_word' id='word_1_313' title='bbox 258 2086 395 2117; x_wconf 86' lang='lat' dir='ltr'>Ioannes</span> <span class='ocrx_word' id='word_1_314' title='bbox 411 2085 466 2116; x_wconf 86' lang='lat' dir='ltr'>ille</span> <span class='ocrx_word' id='word_1_315' title='bbox 482 2086 582 2116; x_wconf 85' lang='lat' dir='ltr'>frater</span> <span class='ocrx_word' id='word_1_316' title='bbox 598 2083 834 2125; x_wconf 83' lang='lat' dir='ltr'>Hardenbergii</span> <span class='ocrx_word' id='word_1_317' title='bbox 847 2083 945 2116; x_wconf 82' lang='lat' dir='ltr'>fuisse</span> <span class='ocrx_word' id='word_1_318' title='bbox 958 2082 1094 2119; x_wconf 81' lang='lat' dir='ltr'>videtur,</span> <span class='ocrx_word' id='word_1_319' title='bbox 1113 2081 1197 2124; x_wconf 86' lang='lat' dir='ltr'>quod</span> <span class='ocrx_word' id='word_1_320' title='bbox 1211 2081 1242 2112; x_wconf 89' lang='lat' dir='ltr'>in</span> <span class='ocrx_word' id='word_1_321' title='bbox 1258 2083 1368 2112; x_wconf 81' lang='lat' dir='ltr'>nostro</span> <span class='ocrx_word' id='word_1_322' title='bbox 1382 2081 1452 2112; x_wconf 89' lang='lat' dir='ltr'>loco</span> <span class='ocrx_word' id='word_1_323' title='bbox 1467 2081 1610 2119; x_wconf 89' lang='lat' dir='ltr'>dubium,</span> <span class='ocrx_word' id='word_1_324' title='bbox 1628 2081 1708 2112; x_wconf 84' lang='lat' dir='ltr'>satis</span> 
     </span>
     <span class='ocr_line' id='line_1_32' title="bbox 165 2136 1708 2182; baseline -0.003 -10"><span class='ocrx_word' id='word_1_325' title='bbox 165 2144 299 2182; x_wconf 80' lang='lat' dir='ltr'>apparet</span> <span class='ocrx_word' id='word_1_326' title='bbox 328 2151 364 2171; x_wconf 87' lang='lat' dir='ltr'>ex</span> <span class='ocrx_word' id='word_1_327' title='bbox 387 2151 436 2182; x_wconf 87' lang='lat' dir='ltr'>ep.</span> <span class='ocrx_word' id='word_1_328' title='bbox 461 2140 499 2171; x_wconf 85' lang='lat' dir='ltr'>ad</span> <span class='ocrx_word' id='word_1_329' title='bbox 525 2139 689 2171; x_wconf 82' lang='lat' dir='ltr'>Hardenb.</span> <span class='ocrx_word' id='word_1_330' title='bbox 712 2138 770 2170; x_wconf 72' lang='grc' dir='ltr'>ΝΟ.</span> <span class='ocrx_word' id='word_1_331' title='bbox 794 2139 835 2169; x_wconf 74' lang='lat'>23</span> <span class='ocrx_word' id='word_1_332' title='bbox 859 2138 964 2176; x_wconf 87' lang='lat' dir='ltr'>initio,</span> <span class='ocrx_word' id='word_1_333' title='bbox 990 2137 1043 2168; x_wconf 90' lang='lat' dir='ltr'>ubi</span> <span class='ocrx_word' id='word_1_334' title='bbox 1067 2137 1194 2168; x_wconf 85' lang='lat' dir='ltr'>scribit:</span> <span class='ocrx_word' id='word_1_335' title='bbox 1221 2137 1381 2168; x_wconf 69' lang='lat' dir='ltr'>Iohannes</span> <span class='ocrx_word' id='word_1_336' title='bbox 1403 2136 1454 2167; x_wconf 75' lang='lat' dir='ltr'>hic</span> <span class='ocrx_word' id='word_1_337' title='bbox 1476 2139 1560 2168; x_wconf 78' lang='lat' dir='ltr'>tuus.</span> <span class='ocrx_word' id='word_1_338' title='bbox 1604 2137 1632 2176; x_wconf 76' lang='lat'>²)</span> <span class='ocrx_word' id='word_1_339' title='bbox 1656 2137 1708 2168; x_wconf 88' lang='lat' dir='ltr'>Sc.</span> 
     </span>
     <span class='ocr_line' id='line_1_33' title="bbox 165 2190 1707 2234; baseline -0.003 -8"><span class='ocrx_word' id='word_1_340' title='bbox 165 2196 281 2233; x_wconf 79' lang='lat' dir='ltr'>Maria,</span> <span class='ocrx_word' id='word_1_341' title='bbox 304 2195 400 2226; x_wconf 85' lang='lat' dir='ltr'>vidua</span> <span class='ocrx_word' id='word_1_342' title='bbox 416 2194 573 2226; x_wconf 82' lang='lat' dir='ltr'>Ludovici</span> <span class='ocrx_word' id='word_1_343' title='bbox 591 2194 624 2225; x_wconf 88' lang='grc' dir='ltr'>ΙΙ</span> <span class='ocrx_word' id='word_1_344' title='bbox 645 2194 826 2233; x_wconf 70' lang='lat' dir='ltr'>Hungariae</span> <span class='ocrx_word' id='word_1_345' title='bbox 842 2193 937 2234; x_wconf 76' lang='lat' dir='ltr'>regis,</span> <span class='ocrx_word' id='word_1_346' title='bbox 961 2203 1040 2234; x_wconf 85' lang='lat' dir='ltr'>quae</span> <span class='ocrx_word' id='word_1_347' title='bbox 1058 2196 1133 2223; x_wconf 88' lang='lat' dir='ltr'>tunc</span> <span class='ocrx_word' id='word_1_348' title='bbox 1151 2191 1310 2222; x_wconf 85' lang='lat' dir='ltr'>Bruxellis</span> <span class='ocrx_word' id='word_1_349' title='bbox 1327 2191 1498 2233; x_wconf 88' lang='lat' dir='ltr'>imperium</span> <span class='ocrx_word' id='word_1_350' title='bbox 1515 2191 1573 2222; x_wconf 88' lang='lat' dir='ltr'>sub</span> <span class='ocrx_word' id='word_1_351' title='bbox 1590 2190 1707 2222; x_wconf 84' lang='lat' dir='ltr'>Carolo</span> 
     </span>
     <span class='ocr_line' id='line_1_34' title="bbox 164 2246 1707 2291; baseline -0.004 -8"><span class='ocrx_word' id='word_1_352' title='bbox 164 2252 312 2284; x_wconf 81' lang='lat' dir='ltr'>habebat.</span> <span class='ocrx_word' id='word_1_353' title='bbox 347 2252 373 2291; x_wconf 79' lang='grc'>3)</span> <span class='ocrx_word' id='word_1_354' title='bbox 398 2252 448 2284; x_wconf 82' lang='lat' dir='ltr'>Sc.</span> <span class='ocrx_word' id='word_1_355' title='bbox 471 2252 599 2282; x_wconf 86' lang='lat' dir='ltr'>Annam</span> <span class='ocrx_word' id='word_1_356' title='bbox 622 2250 841 2281; x_wconf 84' lang='lat' dir='ltr'>Comitissam.</span> <span class='ocrx_word' id='word_1_357' title='bbox 865 2250 893 2289; x_wconf 76' lang='lat'>4)</span> <span class='ocrx_word' id='word_1_358' title='bbox 917 2248 1094 2280; x_wconf 85' lang='lat' dir='ltr'>Drusillam</span> <span class='ocrx_word' id='word_1_359' title='bbox 1117 2247 1325 2289; x_wconf 81' lang='lat' dir='ltr'>Syssingham</span> <span class='ocrx_word' id='word_1_360' title='bbox 1348 2247 1512 2289; x_wconf 85' lang='lat' dir='ltr'>intelligit.</span> <span class='ocrx_word' id='word_1_361' title='bbox 1549 2247 1577 2285; x_wconf 84' lang='grc'>5)</span> <span class='ocrx_word' id='word_1_362' title='bbox 1602 2246 1707 2278; x_wconf 88' lang='lat' dir='ltr'>Huius</span> 
     </span>
     <span class='ocr_line' id='line_1_35' title="bbox 162 2303 1700 2346; baseline -0.004 -7"><span class='ocrx_word' id='word_1_363' title='bbox 162 2308 358 2340; x_wconf 82' lang='lat' dir='ltr'>visitationis</span> <span class='ocrx_word' id='word_1_364' title='bbox 380 2307 626 2339; x_wconf 85' lang='lat' dir='ltr'>annotationum</span> <span class='ocrx_word' id='word_1_365' title='bbox 649 2306 779 2338; x_wconf 82' lang='lat' dir='ltr'>scedula</span> <span class='ocrx_word' id='word_1_366' title='bbox 803 2306 880 2337; x_wconf 84' lang='lat' dir='ltr'>satis</span> <span class='ocrx_word' id='word_1_367' title='bbox 904 2304 1024 2346; x_wconf 75' lang='lat' dir='ltr'>alioqui</span> <span class='ocrx_word' id='word_1_368' title='bbox 1049 2315 1178 2336; x_wconf 82' lang='lat' dir='ltr'>corrosa</span> <span class='ocrx_word' id='word_1_369' title='bbox 1199 2306 1356 2345; x_wconf 85' lang='lat' dir='ltr'>superest.</span> <span class='ocrx_word' id='word_1_370' title='bbox 1395 2303 1445 2335; x_wconf 84' lang='lat' dir='ltr'>Cf.</span> <span class='ocrx_word' id='word_1_371' title='bbox 1470 2303 1643 2334; x_wconf 74' lang='lat' dir='ltr'>BENINGA.</span> <span class='ocrx_word' id='word_1_372' title='bbox 1669 2313 1700 2344; x_wconf 91' lang='lat' dir='ltr'>p.</span> 
     </span>
    </p>
   </div>
   <div class='ocr_carea' id='block_1_4' title="bbox 165 2352 1706 2846">
    <p class='ocr_par' dir='ltr' id='par_1_6' title="bbox 165 2352 1706 2846">
     <span class='ocr_line' id='line_1_36' title="bbox 165 2352 1307 2405; baseline -0.007 -7"><span class='ocrx_word' id='word_1_373' title='bbox 165 2365 238 2398; x_wconf 75' lang='lat'>788.</span> <span class='ocrx_word' id='word_1_374' title='bbox 281 2366 307 2405; x_wconf 74' lang='grc' dir='ltr'>ὓ)</span> <span class='ocrx_word' id='word_1_375' title='bbox 333 2365 383 2397; x_wconf 84' lang='lat' dir='ltr'>Sc.</span> <span class='ocrx_word' id='word_1_376' title='bbox 409 2365 494 2405; x_wconf 65' lang='lat' dir='ltr'>Epic.</span> <span class='ocrx_word' id='word_1_377' title='bbox 518 2364 630 2396; x_wconf 80' lang='lat' dir='ltr'>Doctr.</span> <span class='ocrx_word' id='word_1_378' title='bbox 654 2363 740 2395; x_wconf 82' lang='lat' dir='ltr'>Eccl.</span> <span class='ocrx_word' id='word_1_379' title='bbox 768 2363 821 2395; x_wconf 74' lang='lat' dir='ltr'>Fr.</span> <span class='ocrx_word' id='word_1_380' title='bbox 848 2362 901 2394; x_wconf 82' lang='lat' dir='ltr'>Or.</span> <span class='ocrx_word' id='word_1_381' title='bbox 945 2352 972 2401; x_wconf 51' lang='lat'>⁷⁶)</span> <span class='ocrx_word' id='word_1_382' title='bbox 999 2361 1073 2393; x_wconf 85' lang='lat' dir='ltr'>Ger.</span> <span class='ocrx_word' id='word_1_383' title='bbox 1101 2363 1168 2391; x_wconf 89' lang='lat' dir='ltr'>tom</span> <span class='ocrx_word' id='word_1_384' title='bbox 1194 2360 1307 2401; x_wconf 85' lang='lat' dir='ltr'>Kamp.</span> 
     </span>
     <span class='ocr_line' id='line_1_37' title="bbox 166 2548 1702 2599; baseline -0.007 -6"><span class='ocrx_word' id='word_1_385' title='bbox 166 2557 231 2593; x_wconf 66' lang='grc' dir='ltr'>ΝΟ.</span> <span class='ocrx_word' id='word_1_386' title='bbox 258 2557 315 2593; x_wconf 76' lang='lat'>22.</span> <span class='ocrx_word' id='word_1_387' title='bbox 339 2595 343 2599; x_wconf 65' lang='grc'><strong>,</strong></span> <span class='ocrx_word' id='word_1_388' title='bbox 933 2553 1341 2599; x_wconf 53' lang='grc'>[311113111111.1111111113,</span> <span class='ocrx_word' id='word_1_389' title='bbox 1359 2554 1481 2588; x_wconf 65' lang='lat' dir='ltr'>Gordus.</span> <span class='ocrx_word' id='word_1_390' title='bbox 1500 2563 1522 2587; x_wconf 81' lang='lat' dir='ltr'>s,</span> <span class='ocrx_word' id='word_1_391' title='bbox 1533 2563 1557 2587; x_wconf 79' lang='lat' dir='ltr'>a.</span> <span class='ocrx_word' id='word_1_392' title='bbox 1569 2548 1615 2586; x_wconf 72' lang='lat'>11¹³.</span> <span class='ocrx_word' id='word_1_393' title='bbox 1628 2550 1702 2595; x_wconf 48' lang='lat'>5022]</span> 
     </span>
     <span class='ocr_line' id='line_1_38' title="bbox 692 2675 1174 2712; baseline -0.004 -1"><span class='ocrx_word' id='word_1_394' title='bbox 692 2676 752 2711; x_wconf 85' lang='lat' dir='ltr'>Ar&gt;</span> <span class='ocrx_word' id='word_1_395' title='bbox 778 2675 900 2712; x_wconf 74' lang='lat' dir='ltr'>CONR.</span> <span class='ocrx_word' id='word_1_396' title='bbox 929 2675 1174 2712; x_wconf 56' lang='lat' dir='ltr'>Pmmeizmu</span> 
     </span>
     <span class='ocr_line' id='line_1_39' title="bbox 216 2791 1706 2846; baseline -0.006 -11"><span class='ocrx_word' id='word_1_397' title='bbox 216 2799 410 2844; x_wconf 83' lang='lat' dir='ltr'>Nunquam</span> <span class='ocrx_word' id='word_1_398' title='bbox 447 2797 611 2846; x_wconf 82' lang='lat' dir='ltr'>putabam</span> <span class='ocrx_word' id='word_1_399' title='bbox 644 2798 730 2842; x_wconf 86' lang='lat' dir='ltr'>fore,</span> <span class='ocrx_word' id='word_1_400' title='bbox 762 2796 829 2832; x_wconf 90' lang='lat' dir='ltr'>Vir</span> <span class='ocrx_word' id='word_1_401' title='bbox 854 2795 1086 2832; x_wconf 83' lang='lat' dir='ltr'>Doctissimc!</span> <span class='ocrx_word' id='word_1_402' title='bbox 1122 2799 1164 2831; x_wconf 86' lang='lat' dir='ltr'>ut</span> <span class='ocrx_word' id='word_1_403' title='bbox 1195 2795 1317 2831; x_wconf 85' lang='lat' dir='ltr'>literas</span> <span class='ocrx_word' id='word_1_404' title='bbox 1349 2793 1490 2829; x_wconf 87' lang='lat' dir='ltr'>omnino</span> <span class='ocrx_word' id='word_1_405' title='bbox 1523 2791 1613 2827; x_wconf 88' lang='lat' dir='ltr'>ullas</span> <span class='ocrx_word' id='word_1_406' title='bbox 1651 2791 1706 2827; x_wconf 87' lang='lat' dir='ltr'>vel</span> 
     </span>
    </p>
   </div>
   <div class='ocr_carea' id='block_1_5' title="bbox 168 2852 1708 2966">
    <p class='ocr_par' dir='ltr' id='par_1_7' title="bbox 168 2852 1708 2966">
     <span class='ocr_line' id='line_1_40' title="bbox 168 2852 1704 2905; baseline -0.005 -10"><span class='ocrx_word' id='word_1_407' title='bbox 168 2859 284 2895; x_wconf 85' lang='lat' dir='ltr'>darem</span> <span class='ocrx_word' id='word_1_408' title='bbox 311 2858 354 2894; x_wconf 85' lang='lat' dir='ltr'>ad</span> <span class='ocrx_word' id='word_1_409' title='bbox 379 2858 429 2894; x_wconf 88' lang='lat' dir='ltr'>Te</span> <span class='ocrx_word' id='word_1_410' title='bbox 455 2871 608 2905; x_wconf 86' lang='lat' dir='ltr'>unquam</span> <span class='ocrx_word' id='word_1_411' title='bbox 636 2857 719 2894; x_wconf 90' lang='lat' dir='ltr'>dum</span> <span class='ocrx_word' id='word_1_412' title='bbox 746 2857 829 2894; x_wconf 88' lang='lat' dir='ltr'>vivo</span> <span class='ocrx_word' id='word_1_413' title='bbox 857 2855 912 2892; x_wconf 83' lang='lat' dir='ltr'>vel</span> <span class='ocrx_word' id='word_1_414' title='bbox 937 2855 998 2892; x_wconf 89' lang='lat' dir='ltr'>abs</span> <span class='ocrx_word' id='word_1_415' title='bbox 1023 2856 1073 2893; x_wconf 86' lang='lat' dir='ltr'>Te</span> <span class='ocrx_word' id='word_1_416' title='bbox 1097 2856 1298 2904; x_wconf 86' lang='lat' dir='ltr'>acciperem.</span> <span class='ocrx_word' id='word_1_417' title='bbox 1342 2854 1418 2889; x_wconf 91' lang='lat' dir='ltr'>Iam</span> <span class='ocrx_word' id='word_1_418' title='bbox 1444 2852 1577 2889; x_wconf 87' lang='lat' dir='ltr'>dudum</span> <span class='ocrx_word' id='word_1_419' title='bbox 1611 2853 1704 2889; x_wconf 90' lang='lat' dir='ltr'>enim</span> 
     </span>
     <span class='ocr_line' id='line_1_41' title="bbox 171 2914 1708 2966; baseline -0.005 -8"><span class='ocrx_word' id='word_1_420' title='bbox 171 2921 221 2958; x_wconf 84' lang='lat' dir='ltr'>Te</span> <span class='ocrx_word' id='word_1_421' title='bbox 246 2934 326 2957; x_wconf 91' lang='lat' dir='ltr'>cum</span> <span class='ocrx_word' id='word_1_422' title='bbox 352 2919 495 2956; x_wconf 87' lang='lat' dir='ltr'>Christo</span> <span class='ocrx_word' id='word_1_423' title='bbox 523 2919 652 2963; x_wconf 87' lang='lat' dir='ltr'>vivere,</span> <span class='ocrx_word' id='word_1_424' title='bbox 677 2917 838 2966; x_wconf 86' lang='lat' dir='ltr'>deposita</span> <span class='ocrx_word' id='word_1_425' title='bbox 863 2917 977 2954; x_wconf 86' lang='lat' dir='ltr'>earnis</span> <span class='ocrx_word' id='word_1_426' title='bbox 1001 2919 1144 2954; x_wconf 85' lang='lat' dir='ltr'>nostrae</span> <span class='ocrx_word' id='word_1_427' title='bbox 1160 2916 1306 2960; x_wconf 84' lang='lat' dir='ltr'>sarcina,</span> <span class='ocrx_word' id='word_1_428' title='bbox 1323 2914 1576 2959; x_wconf 80' lang='lat' dir='ltr'>intellexeram,</span> <span class='ocrx_word' id='word_1_429' title='bbox 1601 2914 1708 2961; x_wconf 89' lang='lat' dir='ltr'>idque</span> 
     </span>
    </p>
   </div>
  </div>
 </body>
</html>
