1830 3147
1617 164 1690 203 279

140 274 283 320 temptis
318 273 404 310 aliis
439 273 633 318 Ecclmtis,
674 285 769 322 quae
808 274 954 311 interim
990 276 1174 312 contemni
1207 288 1231 312 a
1268 277 1372 314 nobis
1398 277 1471 314 Izac
1498 278 1537 313 in
1561 283 1672 324 parte

141 350 215 374 non
247 337 438 375 debebant.
494 338 545 374 At
571 351 655 375 vero
684 339 768 375 lzuic
795 340 951 376 istorum
979 341 1179 388 offensioni
1203 341 1236 378 e't
1262 343 1301 378 in
1327 343 1446 379 libello
1474 343 1555 390 ipso
1583 343 1676 390 fisic-

140 401 204 437 ubi
247 413 286 438 se
327 402 476 438 occasio
522 403 721 450 offerebat)
771 404 803 440 e't
837 405 876 440 in
909 404 994 453 ipsa
1023 405 1260 453 potissimum
1297 408 1466 444 liminari
1500 409 1675 456 Epistola

140 465 287 503 abunde
322 466 428 502 nobis
462 467 697 514 respondisse
733 469 911 513 videmur,
946 475 986 505 ut
1019 482 1095 506 non
1130 473 1179 506 sit
1213 483 1308 518 opus
1344 473 1466 509 multis
1502 473 1543 508 id
1578 485 1676 509 nunc

140 536 313 579 repetere,
351 543 480 579 nempe
516 544 583 568 uos
618 545 735 581 neque
774 539 982 583 contemptu
1010 536 1084 571 ullo
1111 536 1276 572 aliarum
1307 536 1581 581 Ecclesiarum‚
1606 551 1677 585 per

139 609 233 645 quas
269 609 335 633 nos
369 598 513 646 alioqui
545 598 585 634 in
613 599 820 636 divinorum
848 600 1054 647 coqnitione
1076 601 1289 648 profecisse
1317 602 1474 650 inqenue
1502 609 1534 639 et
1561 604 1675 640 liben-

135 667 190 699 ter
217 662 466 710 aquo-scimus,
494 676 612 712 neque
638 665 719 701 item
749 666 822 701 ullo
851 666 1016 702 novandi
1043 666 1249 714 quidquam
1277 668 1397 704 studio
1414 667 1545 715 eqisse,
1564 669 1673 716 quid-

137 726 228 774 quid
261 726 368 764 liuius
404 728 555 776 eqimus,
591 730 659 766 sed
687 731 813 778 potius
850 730 892 766 icl
926 737 1079 767 conatos
1108 743 1196 773 esse,
1237 737 1284 773 ut,
1320 732 1475 769 sublatis
1503 734 1671 770 omnibus

133 791 430 828 antichristianis
458 794 730 839 novationibus,
766 795 894 843 quoad
921 795 998 832 eius
1014 795 1108 841 fieri
1126 802 1266 844 posset,
1295 797 1349 832 (ecl
1369 797 1541 844 priscam
1569 799 1671 834 illam

126 856 346 904 primaevae
384 858 580 895 Ecclesiae
617 860 857 907 Apostolicae
890 860 1093 907 puritatem
1130 873 1242 909 quam
1275 861 1446 909 proxime
1475 863 1672 899 accedere-

134 933 226 964 mus,
256 921 579 970 per—(649)missa
617 923 761 960 interim
799 924 883 960 aliis
919 924 1101 961 Ecclesiis
1138 936 1206 960 sua
1240 925 1316 961 'hac
1353 926 1393 961 in
1422 931 1536 973 parte
1563 926 1674 962 liber-

132 991 205 1022 tate
241 993 275 1023 et
308 987 387 1024 sine
408 988 662 1036 praeiudiciis
690 989 788 1026 ullis.
843 989 908 1025 Ad
933 989 1026 1026 lzaec
1043 989 1161 1035 ficlem
1189 991 1312 1038 ipsam
1340 991 1546 1028 concrediti
1570 992 1675 1028 nobis

133 1054 327 1090 ministerii
352 1055 393 1090 id
421 1056 647 1102 postulasse,
688 1067 771 1091 cum
807 1055 880 1091 lzac
913 1055 1148 1102 potissimum
1176 1056 1321 1092 ratione
1350 1067 1444 1092 cura
1472 1056 1576 1093 nobis
1605 1069 1672 1092 no-

130 1124 231 1155 strae
259 1119 456 1156 Ecclesiae
485 1121 781 1164 committeretur,
810 1125 850 1156 ut
876 1120 914 1156 in
941 1121 1040 1157 illius
1068 1121 1280 1160 ministerio.
1310 1133 1383 1157 non
1412 1127 1487 1158 tam
1506 1123 1674 1170 equidem

129 1184 293 1221 aliarum
329 1183 591 1221 Ecclesiarum
628 1185 722 1221 ritus
761 1186 867 1229 ullos,
905 1197 1018 1233 quam
1055 1186 1160 1222 verbi
1195 1187 1313 1222 (lirini
1345 1189 1516 1235 requlam
1546 1189 1673 1236 potius

130 1255 242 1298 atque
269 1250 526 1297 Apostolicam
555 1250 843 1287 observationem
872 1263 1120 1299 sequeremur.
1150 1252 1324 1300 Denique
1353 1265 1436 1289 cum
1464 1260 1497 1290 et
1524 1266 1547 1290 a
1572 1256 1672 1302 lsseqe

128 1316 210 1362 ipso
246 1321 278 1352 et
313 1328 337 1352 a
370 1315 593 1363 praecipuis
631 1316 749 1364 ipsius
784 1316 1015 1353 ‚Proceribus
1052 1316 1209 1353 subinde
1238 1329 1480 1361 moneremur,
1519 1324 1559 1354 ut
1578 1331 1672 1366 per·

131 1381 242 1417 missa
279 1381 383 1417 nobis
421 1387 526 1418 tanta
564 1381 730 1418 libertate
767 1382 805 1417 in
832 1388 959 1418 nostro
988 1382 1192 1418 ministerio
1220 1389 1318 1419 recte
1347 1387 1379 1419 et
1401 1383 1571 1428 fideliter,
1598 1397 1672 1419 uon

128 1445 165 1481 in
202 1445 389 1482 hominum
425 1446 591 1493 ¹qratiam
627 1446 756 1488 ullam,
791 1446 859 1483 sed
894 1446 947 1482 acl
982 1447 1060 1483 Dei
1094 1447 1207 1484 solius
1245 1448 1408 1495 {flor-iam
1440 1459 1512 1496 per
1549 1449 1668 1485 cultus

127 1509 244 1557 ipsius
272 1511 574 1558 repurqationem
602 1516 800 1556 uteremur,
829 1517 861 1547 et
881 1523 1108 1556 caveremus,
1127 1524 1171 1548 ne
1192 1512 1283 1560 quid
1300 1513 1340 1548 in
1361 1511 1465 1547 nohis
1484 1524 1509 1548 a
1530 1514 1665 1549 nostris

129 1575 361 1611 adversariis
395 1581 508 1624 (quos
537 1576 705 1624 equidem
733 1577 864 1613 multos
892 1576 1132 1626 haberemus)
1168 1578 1349 1614 accusari
1374 1579 1503 1615 merito
1524 1586 1666 1627 posset.

179 1640 235 1676 Ne
263 1646 384 1676 autem
413 1641 612 1689 quisquam
637 1647 753 1689 putet,
790 1655 889 1677 vana
928 1648 1040 1691 atque
1077 1655 1100 1678 a
1131 1643 1235 1680 nobis
1264 1644 1422 1689 conficta
1450 1651 1540 1689 esse,
1569 1658 1665 1693 quae

125 1703 167 1739 (lc
200 1705 408 1750 permissae
444 1705 550 1741 nobis
587 1705 785 1742 Ecclesiae
815 1713 962 1743 nostrae
990 1708 1181 1756 nostrique
1214 1708 1250 1743 in
1280 1708 1346 1744 illa
1375 1709 1572 1746 ministerii
1597 1723 1658 1746 ru-

124 1769 220 1805 tione
266 1775 299 1806 et
346 1770 467 1818 Reqia
513 1771 596 1808 item
627 1772 766 1819 pictate
803 1772 977 1815 discimus,
1024 1772 1178 1820 Reqium
1215 1773 1337 1821 ipsum
1373 1773 1560 1810 institutae
1598 1788 1663 1811 no-

126 1840 227 1871 strae
272 1835 470 1872 Ecclesiae
515 1837 704 1885 nostrique
750 1837 788 1873 in
833 1838 897 1874 illa
934 1838 1130 1875 ministerii
1166 1840 1344 1887 Diploma
1382 1839 1663 1888 adiunqendum

123 1900 182 1936 liic
219 1912 296 1936 esse
330 1901 629 1945 existimavimus,
665 1903 767 1950 quod
801 1903 949 1951 alioqui
982 1904 1076 1940 satis
1112 1905 1318 1944 testabitur,
1354 1917 1435 1950 ποθ,
1470 1918 1588 1954 neque
1617 1908 1661 1943 cle

124 1964 240 2001 (livini
264 1964 373 2012 (650)
408 1966 446 2001 in
482 1966 707 2003 instituenda
742 1973 869 2004 nostra
906 1968 1082 2005 Ecclesia
1112 1969 1277 2015 beneficii
1303 1971 1569 2018 maqnituclina
1598 1984 1662 2008 ne-

126 2040 194 2076 ‘sue
229 2028 273 2065 (le
311 2030 426 2077 Reqio
463 2042 554 2077 crya
589 2043 714 2067 veram
750 2032 964 2079 reliqionem
998 2035 1296 2082 pereqriuosque
1336 2035 1499 2072 homines
1526 2037 1660 2079 studio,

126 2106 241 2141 neque
270 2095 314 2130 dc
344 2095 460 2131 nostri
486 2095 681 2132 ministerii
705 2097 928 2141 rationibus,
954 2109 1060 2134 secus
1090 2112 1202 2146 quam
1230 2113 1290 2136 res
1318 2112 1356 2136 se
1383 2101 1493 2136 hahet
1510 2102 1659 2138 dixisse.

125 2157 177 2193 Et
213 2157 364 2204 (liqnum
401 2159 544 2206 alioqui
571 2171 648 2195 esse
676 2160 937 2204 iudicavimus,
977 2167 1016 2197 ut
1044 2163 1166 2199 aedito
1195 2163 1262 2199 hoc
1290 2164 1506 2212 Diplomate
1535 2171 1660 2202 tantae

120 2222 270 2268 pietatis
306 2223 510 2270 exemplum
541 2223 755 2261 Oatlzolicae
784 2223 923 2261 Cltristi
949 2225 1146 2264 Ecclesiae
1173 2229 1497 2266 commendaretur
1524 2241 1571 2266 ac
1599 2243 1660 2267 re-

121 2288 242 2334 liquos
276 2286 379 2324 orbis
420 2286 628 2325 Christiani
654 2287 861 2337 Principes
889 2290 1068 2327 excitaret
1094 2291 1149 2328 ad
1177 2292 1289 2340 Reqz's
1313 2292 1545 2341 pientissimi
1572 2294 1656 2331 imi·

123 2352 312 2390 tationem.

359 2587 721 2629 EXEMPLUM
766 2590 1174 2632 DIPLOMATIS
1217 2594 1418 2634 REGII.

304 2728 680 2766 '‘EDUARDUS
709 2731 927 2777 SEXTUS,
955 2730 1043 2770 Dei
1068 2733 1233 2783 gratia
1263 2735 1475 2784 Angli‘ae
1503 2736 1654 2775 Fran-

251 2792 354 2830 ciae
389 2797 432 2831 et
472 2793 747 2833 Hiberniae
781 2795 900 2842 Rex,
936 2796 1059 2835 fidei
1095 2797 1327 2837 defensor
1364 2804 1410 2838 et
1444 2800 1495 2839 in
1522 2804 1653 2839 terra

250 2858 503 2897 Ecclesiae
531 2859 840 2909 Anglicanae
868 2865 912 2900 et
941 2862 1246 2903 Hibernicae
1275 2879 1541 2917 supremum
1569 2867 1653 2905 sub

251 2922 452 2963 Christo
489 2927 648 2977 caput.
