1830 3147
1574 114 1646 153 167

103 227 269 265 Domino
297 240 433 279 corpus
459 225 779 277 aggregationem,
813 238 924 276 quam
951 224 991 262 in
1018 227 1167 263 aeterna
1195 229 1261 263 tua
1286 224 1524 277 providentia
1549 225 1644 264 iam·

105 291 247 330 dudum
285 292 486 330 clementer
512 304 621 329 orsus
649 304 702 337 es,
737 290 782 328 ad
810 292 923 328 finem
952 303 1070 341 usque
1099 303 1320 328 conservare
1347 291 1388 328 in
1417 290 1528 328 nobis
1555 304 1646 328 nos-

104 371 176 409 que
211 357 252 395 in
290 362 387 395 certa
423 356 528 395 illius
555 356 629 394 fide
654 356 777 393 indies
804 355 924 405 magis
952 368 996 392 ac
1022 355 1143 404 magis
1170 369 1236 407 per
1264 356 1444 407 Spiritum
1474 360 1646 394 sanctum

103 427 210 461 tuum
239 423 439 461 obfirmare
467 422 647 472 digneris,
675 426 727 466 ut,
754 421 825 460 etsi
851 434 896 459 ex
925 421 1037 458 nobis
1064 420 1136 471 Ipsi
1165 421 1261 458 nihil
1281 422 1483 472 possimus,
1501 422 1648 459 fructus

103 493 228 527 tamen
256 492 408 527 nostrae
434 487 521 525 fidei
549 487 585 525 et
612 487 712 525 intra
741 499 810 524 nos
836 486 910 537 ipsi
935 499 1001 537 per
1028 486 1164 523 mentis
1191 480 1341 524 nostrae
1370 486 1646 538 affectuumque

106 559 319 592 nostrorum
371 553 656 591 renovationem
702 553 840 590 sentire
881 552 920 589 in
959 551 1100 590 nostris
1137 552 1315 589 cordibus
1352 552 1390 590 et
1425 566 1551 590 coram
1582 558 1648 590 tua

103 620 216 658 etiam
255 619 425 656 Ecclesia
453 632 518 670 per
547 618 742 656 charitatis
771 618 889 655 officia
919 617 1107 655 declarare
1134 621 1326 668 utcunque
1346 619 1546 669 possimus,
1573 632 1648 670 quo

106 698 243 723 nomen
279 688 386 722 tuum
423 684 656 721 adorandum
685 684 783 721 inter
812 696 882 720 nos
909 682 964 720 ita
993 682 1141 720 deinum
1171 696 1255 721 vere
1284 689 1453 721 sanctum
1484 697 1564 722 esse
1590 697 1649 721 re·

104 753 256 800 putetur
300 754 335 787 et
377 754 457 786 toto
505 751 617 797 (262)
662 748 753 786 orbe
798 753 983 786 terrarum
1028 747 1204 797 religiose
1241 749 1398 793 colatur,
1447 749 1512 799 qui
1548 750 1649 787 solus

103 815 247 866 alioqui
281 828 319 853 es
354 815 395 853 in
434 814 571 852 Divina
608 820 671 852 tua
699 814 821 853 triade
849 827 946 852 unus
975 826 1084 851 verus
1111 817 1226 865 atque
1253 818 1427 852 aeternus
1456 814 1557 853 Deus
1586 829 1649 853 su-

104 893 170 932 per
198 880 323 918 omnia
349 880 576 918 laudandus.
606 879 769 918 Amen”.

156 1010 283 1049 Finita
311 1011 381 1048 hac
407 1010 615 1060 gratiarum
645 1009 793 1047 actione
820 1009 1068 1048 Ecclesiastes
1096 1011 1250 1049 subiicit
1279 1011 1431 1049 brevem
1459 1012 1650 1062 quandam

105 1076 230 1114 adhuc
266 1076 575 1122 admonitionem,
611 1076 650 1114 in
680 1090 754 1126 qua
781 1076 1018 1126 explicantur
1045 1077 1223 1126 mysteria
1251 1076 1433 1127 quaedam
1462 1078 1577 1128 petita
1607 1091 1653 1115 ex

105 1142 377 1180 elementorum
415 1142 574 1186 Coenae,
610 1141 718 1191 panis
744 1140 900 1191 inquam
929 1145 964 1179 et
993 1141 1084 1187 vini,
1112 1141 1427 1188 consideratione,
1457 1147 1492 1180 et
1520 1142 1652 1179 admo-

107 1211 216 1245 netur
245 1207 414 1245 Ecclesia
444 1206 562 1245 debiti
591 1207 778 1257 officiique
807 1206 865 1243 sui
893 1220 979 1256 erga
1010 1206 1201 1244 Christum
1221 1220 1290 1258 pro
1311 1207 1502 1245 beneficiis
1519 1207 1650 1258 ipsius.

157 1339 512 1388 Argumentum
565 1336 924 1375 admonitionis
974 1339 1086 1387 post
1130 1337 1321 1374 Coenae
1367 1335 1652 1375 Dominicae

106 1403 610 1443 administrationem.

157 1536 394 1574 Admonetur
428 1535 611 1581 Ecclesia,
645 1538 688 1572 ut
722 1535 763 1572 in
799 1534 892 1586 ipsis
927 1535 1040 1572 etiam
1062 1534 1269 1572 -elementis
1306 1535 1464 1578 Coenae,
1492 1548 1588 1586 pane
1615 1540 1652 1574 et

106 1602 205 1647 vino,
241 1615 306 1639 sua
343 1600 520 1650 mysteria
559 1600 742 1646 observet,
772 1613 867 1650 quae
896 1599 1139 1648 cogitandum
1168 1599 1311 1650 alioqui
1340 1613 1416 1637 non
1445 1605 1513 1646 est,
1542 1601 1651 1638 Chri-

104 1671 203 1704 stum
241 1666 447 1703 Dominum
484 1670 623 1703 temere
659 1678 808 1702 mensae
837 1668 872 1701 et
902 1665 1048 1701 Coenae
1077 1678 1166 1702 suae
1192 1664 1422 1703 adhibuisse.
1477 1665 1522 1702 Id
1551 1666 1651 1721 quod

106 1744 151 1768 ex
197 1731 304 1768 Pauli
349 1731 486 1775 verbis,
532 1730 621 1767 dum
668 1730 713 1767 de
747 1743 844 1780 pane
881 1728 1061 1779 loquitur,
1101 1729 1211 1771 facile
1249 1729 1479 1780 deprehendi
1515 1736 1651 1781 potest.

104 1795 245 1833 Eadem
274 1808 360 1832 vero
388 1795 660 1846 propemodum
686 1794 727 1831 in
757 1794 836 1831 vini
864 1793 1176 1839 consideratione,
1203 1807 1299 1845 quae
1326 1799 1361 1832 ct
1388 1795 1428 1832 in
1456 1808 1564 1846 pane,
1582 1795 1651 1832 ob-

104 1860 244 1899 servari
280 1865 452 1911 possunt,
492 1861 523 1898 si
558 1860 718 1911 paucula
757 1859 939 1911 quaedam
979 1860 1091 1897 modo
1128 1860 1231 1898 iuxta
1271 1860 1449 1912 cuiusque
1477 1865 1649 1900 naturam

103 1926 479 1976 ad·(263)aptentur,
517 1930 568 1970 ut,
605 1939 700 1976 quae
737 1925 782 1963 de
821 1939 894 1962 uno
924 1925 1114 1969 dicuntur,
1143 1925 1188 1963 de
1217 1930 1375 1977 utroque
1404 1926 1503 1964 dicta
1534 1927 1652 1965 videri

103 1991 261 2040 possint.
318 1991 484 2040 Cumque
512 1990 651 2027 Paulus
679 1990 787 2040 panis
817 1990 1039 2039 mysterium
1066 1990 1304 2040 potissimum
1334 1991 1511 2041 attingat,
1540 1993 1650 2031 nobis

103 2055 215 2093 etiarn
245 2056 333 2093 satis
362 2056 442 2102 erit,
473 2055 504 2093 si
531 2055 636 2093 Pauli
667 2056 837 2106 exemplo
865 2056 905 2093 in
932 2055 1042 2107 panis
1071 2056 1257 2094 duntaxat
1286 2057 1586 2096 consideratione
1610 2072 1652 2096 ea

105 2122 356 2168 observemus,
385 2135 481 2172 quae
509 2126 544 2158 et
573 2121 686 2158 verbo
715 2121 786 2159 Dei
814 2126 1068 2159 consentanea
1095 2135 1175 2159 esse
1204 2126 1240 2160 et
1267 2121 1313 2159 ad
1336 2123 1526 2160 Ecclesiae
1547 2123 1649 2161 aedi-

104 2186 317 2225 ficationem
346 2186 500 2238 propius
526 2187 715 2237 pertinere
742 2186 932 2224 videntur.

155 2252 323 2289 Docetur
349 2264 438 2300 ergo
475 2251 660 2297 Ecclesia,
694 2251 806 2288 nobis
843 2264 907 2302 per
935 2251 1161 2288 elementum
1189 2251 1298 2302 panis
1325 2251 1366 2289 in
1396 2252 1542 2290 Coenae
1571 2251 1650 2290 Do-

104 2316 263 2353 minicae
309 2328 378 2352 usu
423 2315 625 2363 designari,
671 2328 749 2352 non
795 2314 985 2365 equidem·
1015 2315 1267 2352 substantiam
1304 2316 1424 2366 ipsam
1467 2318 1651 2356 naturalis

103 2381 245 2418 Christi
272 2380 451 2430 corporis,
480 2379 627 2416 sublata
654 2379 762 2430 panis
791 2379 1016 2424 substantia,
1043 2379 1105 2416 sed
1136 2385 1284 2417 coetum
1312 2381 1437 2431 ipsum
1458 2382 1649 2420 Ecclesiae

102 2446 239 2497 potius,
284 2445 350 2496 qui
395 2444 437 2481 ad
489 2445 634 2482 Cocnae
667 2444 994 2495 participationem
1034 2444 1222 2483 convenit.
1277 2445 1336 2482 Ita
1375 2447 1474 2483 enim
1511 2447 1650 2486 Paulus

103 2510 240 2548 diserte
276 2523 356 2554 nos,
395 2509 460 2559 qui
498 2509 543 2546 de
571 2522 645 2546 uno
674 2522 769 2559 pane
796 2508 956 2554 edimus,
984 2522 1099 2546 unum
1126 2523 1259 2560 panem
1290 2524 1369 2548 esse
1398 2511 1517 2549 docet.
1574 2513 1648 2550 Re-

102 2575 317 2625 felliturque
352 2587 505 2625 prorsus
544 2574 645 2611 hisce
677 2575 786 2611 Pauli
823 2575 946 2612 verbis
984 2578 1064 2612 tota
1102 2574 1275 2612 doctrina
1303 2575 1514 2626 Papisticae
1542 2580 1648 2614 tran-

103 2640 444 2678 substantiationis.
501 2640 616 2677 Cuius
653 2640 751 2677 enim
791 2653 853 2678 esu
891 2640 929 2678 id
964 2640 1087 2690 ipsum
1124 2654 1203 2678 esse
1240 2641 1413 2685 dicimur,
1440 2641 1541 2693 quod
1570 2642 1649 2680 edi-

105 2717 199 2749 mus,
234 2704 417 2754 equidem,
455 2703 556 2754 quod
586 2703 741 2748 edimus,
768 2704 808 2741 id
836 2717 916 2742 esse
943 2704 1055 2741 etiam
1083 2717 1122 2742 re
1151 2718 1233 2742 vera
1262 2710 1421 2756 oportet,
1449 2705 1551 2757 quod
1579 2719 1649 2743 nos

102 2782 168 2819 per
212 2781 314 2806 esum
362 2768 462 2805 illius
504 2782 584 2807 esse
622 2768 794 2815 dicimur,
830 2769 1014 2820 siquidem
1051 2769 1291 2807 ratiocinatio
1330 2771 1412 2821 ipsa
1448 2770 1650 2821 procedere

144 2898 227 2939 >De
250 2898 311 2930 hoc
333 2898 401 2940 lege
435 2898 664 2938 CYPRIANUM,
688 2899 767 2932 libro
794 2899 1011 2942 Epistolarum
1035 2900 1063 2933 1.
1086 2900 1234 2942 Epistola
1257 2901 1275 2932 6
1299 2900 1338 2932 ad
1361 2901 1525 2943 Illaqnum.
