1830 3147
280 104 283 108 ’
339 115 415 150 422
815 121 991 151 CATECH.
1018 122 1129 152 nect.
1157 122 1275 152 LoND.

55 244 147 276 Rom.
171 245 201 276 8.

49 287 155 331 Ephe.
183 287 211 320 1.

54 1154 158 1186 math.
181 1153 232 1187 27.
248 1183 257 1186 r

52 1198 154 1228 Marc.
178 1197 228 1229 15.

52 1239 130 1270 Luc.
154 1240 205 1271 23.

54 1282 143 1314 loan.
169 1281 217 1315 18.

55 1635 128 1667 Esa.
150 1633 211 1666 liii.

52 1678 144 1709 Rom.
168 1677 198 1709 4.

55 1720 144 1751 loan.
168 1720 197 1751 ].

54 1764 73 1794 2
98 1762 171 1793 Cor.
195 1762 223 1794 5.

53 1803 136 1835 Heb.
161 1804 188 1841 7,
216 1804 265 1834 10,

55 1847 156 1888 Ephe.
180 1846 207 1883 1,
232 1846 282 1878 11.

55 1888 162 1919 Colos.
186 1888 215 1926 l,
240 1889 289 1920 11.

55 1930 128 1962 Esa.
153 1930 203 1964 53.

56 1972 139 2003 Heb.
162 1973 192 2004 2.

58 2015 75 2045 1
100 2015 173 2046 Cor.
197 2015 248 2047 15.

55 2057 73 2089 l
98 2056 172 2089 Cor.
196 2057 225 2089 1.

61 2233 149 2263 Ioan.
173 2231 215 2263 vi.

59 2274 162 2305 Titus.
186 2273 222 2305 ii.

58 2315 178 2347 Collos.
201 2316 246 2347 II.

59 2358 76 2389 1
101 2358 169 2389 Pet.
193 2357 238 2389 ΙΙ.

61 2401 76 2431 l
102 2400 211 2431 Corin.
235 2400 264 2432 1.

58 2441 146 2473 Gala.
171 2442 201 2473 6.

57 2483 142 2515 Phil.
165 2484 194 2515 3.

58 2526 74 2556 1
100 2526 173 2556 Cor.
197 2525 225 2563 l,
249 2525 278 2556 2.

58 2567 151 2599 Rom.
175 2568 202 2604 3,
228 2568 257 2598 5.

62 2610 77 2639 1
103 2610 193 2641 Ioan.
216 2609 245 2646 2,
269 2609 300 2642 4.

57 2651 159 2692 Ephe.
181 2652 210 2682 2.

56 2692 152 2733 Esay.
177 2694 203 2730 5,
228 2692 258 2724 3.

57 2734 184 2766 Daniel.
208 2734 236 2765 9.

58 2776 152 2809 Zaeh.
176 2776 205 2814 3,
229 2776 280 2808 12.

60 2818 157 2850 Gene.
180 2818 211 2851 3.

58 2860 148 2895 Ioan.
171 2860 202 2894 3.

343 227 585 277 agnoscimus
613 227 692 265 eius
720 227 916 266 victoriam
944 241 1025 266 esse
1051 232 1234 276 nostram,
1261 242 1415 280 esseque
1443 242 1512 268 nos
1540 232 1752 282 assumptos

340 292 380 332 in
406 295 595 330 aeternam
624 291 839 331 coelestium
868 291 1085 330 divitiarum
1111 292 1228 344 ipsius
1257 293 1572 334 communionem.

916 553 1058 592 Interr.
1086 554 1173 595 147.

392 617 497 656 Quid
543 616 645 656 filius
681 616 764 665 Dei,
800 617 909 657 Iesus
947 618 1134 666 Christus,
1169 620 1359 670 praeterea
1392 617 1480 670 fecit
1515 616 1555 655 in
1590 615 1751 666 gratiam

341 682 536 720 nostram?

987 747 1101 799 Resp.

388 812 526 850 Passus
563 815 619 849 est
656 811 728 849 sub
765 811 909 849 Poncio
944 811 1081 858 Pilato,
1118 811 1333 859 crucifixus,
1368 815 1540 850 mortuus
1576 813 1681 862 (54a)
1716 816 1753 850 et

338 877 517 928 sepultus,
545 875 738 914 descendit
765 875 813 914 ad
838 876 995 916 inferos.

914 940 1054 980 Interr.
1084 942 1171 979 148.

390 1004 495 1045 Quid
525 1005 624 1043 hoe?

984 1070 1099 1121 Resp.

391 1135 511 1173 Credo
539 1139 651 1186 atque
680 1136 875 1180 confiteor,
903 1135 1031 1172 Iesum
1061 1133 1253 1172 Christum
1283 1146 1326 1171 eo
1354 1137 1532 1184 tempore,
1556 1145 1632 1184 quo
1651 1132 1752 1170 Pila-

338 1204 400 1239 tus
436 1204 658 1251 procurator
695 1199 864 1238 Caesaris
914 1199 1060 1237 Tiberii
1096 1204 1193 1236 esset
1228 1198 1417 1249 iudexque
1461 1197 1754 1247 Hierosolymae

339 1264 494 1309 sederet,
521 1264 747 1314 prehensum
775 1276 856 1301 esse
882 1271 994 1314 atque
1020 1275 1186 1313 passum,
1213 1262 1260 1300 ad
1286 1261 1498 1313 patibulum
1523 1260 1644 1299 crucis
1662 1273 1752 1299 eon-

339 1330 568 1376 demnatum,
608 1333 722 1380 atque
754 1328 806 1366 ita
834 1333 982 1379 turpem
1010 1327 1152 1366 obiisse
1180 1332 1352 1374 mortem,
1379 1340 1535 1379 esseque
1565 1326 1752 1378 sepultum

338 1394 444 1433 iuxta
470 1393 725 1432 narrationem
753 1393 1102 1443 Euangelistarum.

911 1458 1049 1497 Interr.
1080 1459 1164 1496 149.

390 1524 519 1563 Quare
546 1523 597 1561 ita
625 1522 779 1561 evenit?

986 1586 1100 1637 Resp.

391 1654 480 1692 Non
516 1656 668 1704 propter
694 1651 849 1703 propria
878 1653 970 1695 eius,
999 1651 1064 1689 sed
1090 1658 1244 1702 propter
1272 1653 1403 1689 nostra
1431 1650 1621 1701 totiusque
1648 1650 1753 1689 orbis

338 1722 503 1770 peccata,
530 1722 572 1755 ut
601 1720 731 1754 saneto
760 1716 866 1764 (541³)
896 1728 976 1760 suo,
1004 1715 1117 1752 unico
1145 1718 1257 1766 atque
1284 1718 1435 1752 aeterno
1463 1713 1647 1752 sacrificio
1663 1728 1752 1765 pec-

339 1788 462 1821 eatum
490 1782 665 1826 auferret,
690 1793 834 1832 nosque
862 1793 946 1817 cum
975 1780 1055 1818 Deo
1076 1779 1348 1818 reconciliaret.
1377 1779 1526 1817 Idcirco
1544 1779 1752 1830 peccatoris

339 1849 495 1886 omnino
530 1848 616 1884 loeo
654 1860 692 1884 se
730 1852 862 1883 eontra
896 1844 968 1882 Dei
1004 1846 1097 1882 iram
1136 1846 1257 1883 instar
1294 1844 1372 1883 veri
1398 1844 1616 1882 mediatoris
1644 1844 1752 1890 stitit,

339 1913 521 1952 satisfecit
560 1911 630 1949 Dei
656 1910 824 1949 iustitiae
851 1922 996 1960 nosque
1024 1909 1116 1948 adeo
1144 1909 1320 1947 liberavit
1347 1923 1368 1948 a
1395 1912 1562 1960 peceato,
1590 1909 1753 1956 diabolo,

339 1982 460 2017 morte
485 1982 599 2028 atque
627 1988 729 2014 oren.

916 2103 1055 2142 Interr.
1086 2105 1173 2141 150.

393 2174 456 2209 An
491 2170 607 2220 igitur
644 2169 785 2208 Christi
820 2168 1048 2214 obedientia,
1082 2167 1208 2219 passio
1248 2168 1369 2219 ipsius
1396 2171 1508 2220 atque
1537 2180 1637 2206 mors
1665 2181 1752 2206 vera

341 2235 437 2274 ratio
464 2239 532 2282 est,
559 2248 633 2285 qua
661 2237 791 2272 nostra
817 2236 966 2284 peraeta
993 2231 1041 2269 sit
1068 2231 1283 2270 restitutio?

986 2294 1100 2345 Resp.

391 2361 452 2397 Ita
488 2372 576 2397 sane
610 2371 730 2410 neque
756 2359 834 2396 ullo
871 2357 944 2395 alio
972 2357 1099 2404 modo,
1133 2357 1226 2395 adeo
1254 2360 1306 2404 ut,
1334 2357 1367 2395 si
1393 2356 1433 2396 in
1460 2356 1749 2395 fundamentum

340 2428 453 2475 atque
479 2423 694 2461 firmitatem
720 2422 809 2460 fidei
835 2426 987 2460 nostrae
1013 2421 1203 2472 inquirere
1232 2421 1402 2468 velimus,
1437 2422 1484 2460 ad
1513 2421 1610 2459 hanc
1636 2420 1748 2459 nobis

342 2487 613 2526 deveniendum
651 2486 700 2524 sit
736 2486 1058 2532 deliberationem,
1100 2485 1140 2522 in
1176 2498 1217 2523 ea
1256 2485 1437 2536 sapientia
1471 2495 1600 2522 nostra
1636 2488 1748 2536 atque

341 2554 445 2601 (55³)
482 2551 659 2601 gloriatio
694 2550 909 2602 reponenda
938 2550 1076 2594 omnis,
1108 2563 1181 2600 qua
1210 2549 1511 2587 reconciliaverit
1537 2561 1607 2587 nos
1634 2549 1749 2597 Deus,

343 2620 536 2667 peecatum
563 2615 772 2660 abstulerit,
800 2613 931 2651 vicerit
957 2613 1176 2657 Diabolum,
1203 2618 1362 2651 mortem
1382 2613 1612 2664 absorpserit
1628 2619 1748 2652 aeter-

343 2693 504 2731 namque
530 2679 805 2730 recuperaverit
831 2678 991 2728 gloriam
1018 2685 1131 2729 atque
1157 2678 1343 2730 salutem.⁴
