1830 3147
159 97 226 145 [A.
251 98 300 134 D.
326 97 438 144 1556]
895 98 965 136 728

160 218 234 242 rum
271 205 445 241 unionem.
499 204 718 243 Quaerebam
745 207 877 252 postea,
906 218 988 242 num
1015 206 1107 253 quod
1133 207 1312 245 visibiliter
1340 209 1500 246 Christus
1525 210 1697 247 Dominus

157 267 231 314 egit
264 266 300 302 in
335 278 396 302 sua
419 266 632 308 ascensione,
655 278 734 301 vere
759 267 863 302 etiam
889 268 1012 314 egerit,
1037 267 1101 303 hoc
1127 272 1194 311 est,
1220 281 1265 305 an
1290 282 1361 306 non
1386 281 1464 305 vere
1490 272 1592 307 etiam
1618 284 1696 308 cum

157 339 299 375 corpore
334 339 398 363 suo
435 327 471 363 in
507 328 644 363 visibile
675 328 809 364 coelum
847 328 946 365 illum
986 330 1165 375 profectus
1194 331 1251 374 sit,
1273 331 1564 380 quemadmodum
1599 333 1697 370 illum

160 387 326 435 Apostoli
349 400 370 422 a
394 399 430 423 se
455 388 490 423 in
516 387 627 424 altum
651 388 840 431 sublatum,
865 401 884 425 a
910 389 1002 425 nube
1028 393 1132 437 atque
1158 403 1200 427 ex
1225 397 1370 439 aspectu
1394 393 1558 439 ipsorum.
1586 393 1622 431 in
1641 408 1698 431 su-

159 450 264 486 blime
298 449 507 487 subductum
544 454 579 485 et
603 450 639 486 in
663 450 799 487 coelum
837 450 971 486 visibile
996 452 1272 498 proficiscentem
1298 455 1449 491 viderint
1473 455 1696 501 (-ebant)?

160 511 359 559 Respondit
374 522 454 547 vere
468 511 553 548 haec
572 512 687 548 omnia
712 512 952 549 accidisse
976 515 1070 557 (acta
1095 514 1198 549 etiam
1225 517 1331 561 esse).
1355 516 1447 553 Vere
1472 518 1610 565 inquam
1634 518 1700 566 igi-

161 578 217 609 tur
241 584 368 619 corpus
393 573 525 608 Christi
552 577 626 608 tum
652 574 694 608 de
721 573 799 610 loco
824 574 860 609 in
885 573 1000 611 locum
1024 574 1067 610 ab
1093 575 1170 610 imis
1196 576 1232 611 in
1257 577 1406 613 sublime
1434 577 1637 614 movebatur
1659 591 1699 615 ac

163 634 346 671 ferebatur.
398 633 490 669 Item
526 646 605 669 vere
638 634 740 670 etiam
768 646 911 682 corpore
936 648 1012 678 suo,
1035 636 1144 672 donec
1169 637 1212 672 ad
1239 638 1386 673 eundem
1416 638 1552 675 modum
1578 641 1698 678 redeat

162 698 377 742 expectatur.
413 696 599 733 Quatenus
626 707 718 743 ergo,
744 696 894 743 inquam,
919 709 998 733 vere
1023 709 1167 744 corpore
1192 702 1408 744 expectatur,
1433 699 1600 736 hactenus
1614 713 1697 736 sane

161 767 304 803 corpore
337 768 401 791 suo
435 757 491 791 liic
516 756 552 792 in
577 757 677 792 terris
703 768 784 792 vere
809 769 878 793 non
904 758 1012 794 adest.
1063 758 1162 794 Haec
1188 759 1277 796 enim
1305 759 1408 795 simul
1433 773 1502 796 non
1540 762 1701 798 consi-

156 820 355 860 sterent,
389 829 492 853 vere
525 829 715 866 corpore
742 822 799 865 ut
825 830 919 854 eum
944 819 1148 856 dicamus
1173 832 1253 856 suo
1279 821 1415 856 nobis
1442 822 1512 858 hio
1537 822 1698 859 adesse

158 882 204 913 et
246 890 354 914 vere
397 890 589 926 corpore
625 878 810 915 aliunde
853 880 1140 928 exspectari,
1177 881 1394 926 (consistere,
1435 894 1516 918 vere
1556 895 1699 930 corpore

159 940 279 976 adesse
317 944 353 976 et
390 951 468 976 vere
504 952 646 987 corpore
683 943 873 988 expectari)
922 943 992 978 Hic
1028 954 1130 978 vero
1168 955 1238 978 non
1283 943 1379 979 aliud
1412 945 1697 991 respondebatur,

158 1013 258 1048 quam
285 1001 505 1037 invisibiliter
528 1002 651 1037 adesse
677 1005 712 1038 et
737 1002 920 1039 visibiliter
943 1004 1150 1051 exspectari.
1183 1004 1251 1041 Sed
1267 1004 1404 1040 interim
1426 1017 1505 1041 vere
1522 1006 1625 1041 etiam
1646 1006 1699 1042 in-

157 1076 273 1111 quam.
308 1063 399 1099 Vere
417 1063 682 1110 responderunt,
701 1068 874 1111 quatenus
890 1065 1087 1102 visibiliter.
1123 1065 1243 1113 Atque
1259 1065 1307 1102 ibi
1324 1066 1385 1102 alii
1409 1067 1513 1103 etiam
1537 1079 1601 1103 sua
1626 1080 1698 1103 ar-

157 1127 381 1172 gumenta
416 1126 569 1171 proferre
607 1138 687 1160 sua
728 1138 929 1172 persona
965 1131 1166 1173 coeperunt.
1215 1127 1319 1163 Alius
1359 1128 1571 1174 producebat
1594 1128 1695 1168 illud.

156 1186 246 1233 Eph.
264 1190 297 1222 4,
327 1186 529 1222 uAscendit,
547 1198 651 1233 super
676 1198 794 1222 omnes
819 1187 934 1223 coelos
960 1192 999 1223 ut
1025 1188 1166 1234 impleat
1192 1188 1318 1224 omnia.
1370 1189 1472 1224 Alius
1498 1202 1541 1225 ex
1565 1190 1638 1225 Act
1664 1191 1696 1225 3.

155 1262 171 1280 n
188 1247 351 1294 Oportuit
363 1246 539 1282 Christum
556 1247 692 1283 coelum
707 1259 829 1295 capere
840 1253 860 1266 ”
886 1252 924 1284 ut
939 1248 1099 1284 videlicet
1125 1249 1285 1284 Christus
1307 1249 1458 1293 (coelum
1478 1249 1606 1296 capiat)
1627 1263 1697 1286 non

156 1307 303 1350 (coelum
330 1307 523 1351 Christum)
551 1308 687 1343 coelo
712 1309 939 1354 capiatur.
963 1309 1052 1344 Item
1066 1321 1109 1345 ex
1126 1310 1232 1346 Hebr.
1260 1310 1283 1343 4
1311 1324 1328 1341 u
1342 1309 1522 1346 Habemus
1548 1311 1695 1347 Pontifi-

159 1380 260 1404 neem
287 1369 346 1415 qui
374 1369 569 1415 penetravit
582 1368 698 1405 coelos
710 1373 743 1404 ”.
782 1369 962 1406 Postremo
989 1369 1184 1416 proferebat
1211 1382 1303 1405 unus
1329 1382 1370 1406 ex
1395 1370 1465 1407 illis
1491 1383 1533 1407 ex
1557 1372 1646 1408 Luc.
1673 1375 1696 1408 4

160 1429 332 1465 „coelum
345 1432 379 1466 et
393 1434 484 1466 terra
498 1430 727 1483 transibuntfi
752 1431 790 1466 si
803 1442 852 1478 cq
869 1443 889 1467 u
901 1443 919 1466 e
944 1432 1370 1479 argumentabatur(que):
1395 1432 1432 1468 Si
1451 1432 1611 1468 Christus
1626 1433 1698 1469 Do-

160 1491 274 1528 minus
313 1503 456 1539 corpore
491 1504 552 1528 suo
591 1495 643 1528 est
683 1492 718 1527 in
750 1496 847 1528 certo
882 1493 999 1538 aliquo
1034 1492 1123 1528 coeli
1149 1493 1236 1535 loco,
1272 1504 1355 1539 ergo
1398 1493 1699 1540 (col)liquescente

157 1553 256 1589 coelo
283 1552 363 1588 olim
390 1564 514 1599 corpus
539 1564 678 1600 quoque
704 1552 833 1589 Christi
859 1553 1085 1600 colliquescet
1112 1556 1147 1589 et
1165 1554 1277 1589 visum
1295 1558 1349 1590 est
1369 1553 1434 1591 hoc
1451 1558 1695 1602 argumentum

153 1614 230 1649 aliis
255 1613 305 1649 ita
331 1613 521 1659 plausibile,
563 1617 601 1649 ut
626 1615 655 1650 ei
684 1614 882 1661 responderi
908 1627 977 1650 non
1004 1627 1104 1661 posse
1130 1618 1306 1661 putarent.
1335 1615 1430 1651 Haec
1451 1627 1531 1651 vero
1549 1627 1626 1651 cum
1645 1616 1696 1652 vi·

154 1674 282 1716 derem,
309 1673 390 1715 dixi,
417 1686 468 1709 me
489 1676 542 1710 tot
556 1673 622 1710 iam
648 1674 834 1717 audivisse,
860 1678 899 1711 ut
924 1688 992 1711 non
1009 1675 1156 1722 amplius
1174 1675 1256 1711 milii
1277 1687 1341 1723 ego
1361 1688 1495 1712 sumere
1511 1676 1612 1712 velim
1626 1689 1695 1713 res-

158 1734 331 1781 pondendi
357 1735 582 1782 provinciam,
606 1734 667 1771 sed
694 1747 746 1771 me
772 1736 910 1771 iuterim
935 1735 978 1772 dc
1004 1748 1080 1772 mea
1105 1736 1263 1773 doctrina
1283 1742 1414 1773 certum
1441 1749 1516 1773 esse
1530 1749 1571 1773 ex
1590 1737 1695 1774 verbo

157 1795 237 1835 Dei.
267 1807 379 1842 neque
396 1809 448 1831 me
464 1796 577 1832 adhuc
594 1796 709 1832 videre
725 1797 914 1845 quidquam
930 1797 1023 1844 quod
1042 1797 1136 1833 illam
1152 1799 1188 1833 in
1205 1797 1346 1833 dubium
1364 1810 1485 1834 vocare
1502 1798 1572 1834 ullo
1591 1798 1694 1835 modo

155 1857 276 1903 possit.
307 1856 459 1892 Proinde
484 1856 577 1893 aliud
603 1870 674 1893 non
701 1869 891 1904 superesse,
916 1870 1019 1906 quam
1048 1862 1086 1893 ut
1110 1859 1223 1894 Deum
1247 1871 1393 1902 oremus,
1411 1862 1451 1894 ut
1470 1859 1544 1906 ipse
1566 1859 1694 1895 doctri—

154 1929 219 1952 nae
243 1917 385 1953 dissidia
410 1921 607 1964 componat.
632 1919 846 1963 (Caeterum)
876 1919 1044 1955 Iterum
1065 1932 1117 1955 me
1134 1931 1231 1955 orare
1251 1920 1344 1967 quod
1365 1920 1463 1956 initio
1483 1920 1638 1957 dicebam
1652 1923 1694 1957 ut

152 1981 286 2025 postea,
311 1977 370 2026 qui
395 1979 431 2014 in
455 1978 518 2014 hac
543 1980 780 2015 controversia
804 1979 847 2015 ab
865 1981 1075 2027 Augustana
1094 1980 1323 2016 Confessione
1340 1981 1487 2017 dicimur
1499 1981 1694 2025 dissentire,

157 2038 224 2074 loci
246 2039 344 2074 nobis
362 2039 398 2075 in
417 2038 477 2074 illa
497 2039 614 2075 eiusve
631 2040 806 2087 Apologia
826 2044 888 2076 aut
908 2042 996 2077 actis
1009 2041 1324 2089 Ratisponensibus
1334 2046 1696 2086 commonstrarentur‚

156 2100 214 2146 qui
240 2112 317 2136 cum
345 2104 463 2136 nostra
489 2100 649 2137 doctrina
673 2105 883 2149 pugnarent:
907 2102 1035 2150 alioqui
1061 2106 1196 2149 praeter
1221 2115 1321 2139 omne
1346 2107 1500 2139 nostrum
1526 2104 1696 2146 meritum,

157 2160 306 2209 denique
341 2165 376 2197 et
402 2166 536 2208 praeter
562 2175 696 2198 omnem
722 2164 947 2211 aequitatem,
976 2176 1039 2199 nos
1064 2176 1105 2199 eo
1131 2163 1341 2211 praeiudicio
1364 2167 1504 2211 gravari
1530 2166 1622 2213 quod
1648 2166 1692 2202 ab

160 2223 369 2269 Augustana
394 2223 619 2259 Confessione
643 2224 824 2260 dissentire
849 2226 1013 2266 dicamur,
1038 2237 1079 2261 ex
1104 2237 1172 2272 qua
1196 2225 1281 2261 nihil
1308 2226 1406 2262 nobis
1424 2227 1552 2273 opponi
1571 2228 1693 2274 possit.

162 2282 286 2330 Sicque
312 2287 366 2318 est
391 2283 544 2319 solutum
571 2283 782 2332 colloquium
809 2289 844 2320 et
869 2284 1065 2321 Consiliarii
1091 2286 1263 2333 Principis
1288 2287 1347 2334 qui
1364 2288 1508 2323 aderant
1524 2287 1696 2337 dicebant,

160 2356 196 2379 se
223 2344 377 2390 Principi
409 2356 472 2379 suo
506 2345 620 2381 omnia
657 2345 830 2382 relaturos
865 2358 952 2388 esse,

205 2405 377 2441 Postridie
411 2410 525 2441 autem
564 2418 630 2453 ego
668 2407 712 2443 ad
746 2407 929 2443 Brentium
964 2407 1087 2454 scripsi
1133 2408 1250 2444 literas
1291 2408 1432 2456 ipseque
1481 2421 1541 2456 per
1577 2409 1692 2445 literas

159 2466 240 2502 mihi
285 2468 475 2513 respondit,
520 2472 555 2502 et
594 2480 657 2514 ego
705 2479 842 2504 rursum
882 2468 990 2504 literis
1023 2469 1131 2515 ipsius
1166 2470 1328 2515 respondi
1364 2470 1504 2517 ipseque
1541 2470 1692 2516 acceptis

162 2527 329 2562 alteris
377 2527 486 2562 literis
521 2527 604 2562 ineis
638 2527 751 2564 nescio
786 2541 854 2576 quo
889 2534 942 2564 est
988 2530 1171 2575 profectus,
1205 2530 1253 2565 sie
1292 2533 1330 2564 ut
1362 2542 1473 2576 neque
1506 2530 1586 2565 mihi
1624 2542 1694 2565 res·

158 2586 328 2633 ponderit.
373 2598 485 2634 neque
527 2588 657 2631 (illurn)
691 2592 818 2637 *postea
866 2589 928 2624 sit
969 2589 1096 2624 visus
1143 2589 1328 2632 (viderim).
1378 2590 1443 2624 Die
1473 2602 1552 2625 vero
1591 2590 1693 2625 lunae

157 2647 382 2683 Pentecostes
432 2653 576 2684 vocatus
620 2650 662 2684 ad
709 2650 877 2696 Principis
927 2650 1162 2693 cinisium-ios,
1203 2663 1398 2697 responsum
1440 2651 1503 2686 hoc
1539 2650 1581 2685 ab
1624 2651 1692 2686 illis

164 2707 330 2751 Principis
358 2708 495 2743 nomine
530 2709 647 2755 accepi
684 2711 725 2751 ⁴),
764 2711 867 2757 quod,
908 2715 1127 2757 posteaquam
1167 2711 1256 2746 inter
1300 2723 1352 2746 me
1393 2714 1426 2745 et
1468 2722 1548 2745 suos
1581 2711 1691 2746 Theo·

162 2768 257 2813 logos
295 2779 362 2801 non
403 2769 515 2813 potuit
553 2770 749 2811 convenire,
783 2776 818 2805 et
850 2771 1014 2816 Princeps
1057 2771 1248 2807 doctrinam
1282 2782 1419 2807 suorum
1459 2771 1575 2805 eodem
1615 2772 1691 2807 loco

160 2826 282 2861 habeat
329 2838 408 2862 cum
454 2828 678 2864 Confessione
716 2831 937 2876 Augustum.
982 2843 1048 2865 non
1091 2832 1199 2877 possit
1242 2831 1405 2877 Princeps
1443 2842 1583 2866 causam
1627 2845 1686 2867 no-

155 2891 259 2924 stram
294 2900 358 2925 sno
391 2889 582 2936 patrocinio
618 2891 720 2933 tueri,
758 2903 867 2938 neque
893 2892 995 2928 eliani
1021 2896 1157 2927 nostras
1181 2892 1355 2928 Ecclesias
1379 2892 1686 2928 cmimeudationi·
