1830 3147
1543 128 1615 166 101

69 254 142 295 tur,
178 262 251 300 quo
287 251 397 300 pacto
435 245 579 284 ferendi
616 259 659 283 ac
703 259 777 284 non
805 244 929 297 polius
958 257 1022 296 pcr
1050 242 1477 282 excommunicationem
1508 253 1607 278 rese-

71 313 183 352 candi
211 317 299 352 sunt
332 326 353 350 a
388 311 531 362 reliquo
568 310 760 348 Ecclesiae
797 323 966 361 corpore,
1003 310 1079 361 qui,
1115 314 1155 348 ut
1192 309 1359 347 membra
1396 306 1537 346 Christi
1565 306 1605 344 in

69 378 148 417 eius
185 377 355 416 Ecclesia
382 375 576 428 baptizati,
607 375 800 413 Christum
828 374 1033 412 Dominum
1060 375 1259 425 ipsummet
1290 371 1513 411 contumelia
1542 370 1607 408 de-

71 444 210 481 stinata
245 441 422 487 afficiunt,
458 440 547 478 dum
586 440 794 478 Ecclesiam
820 439 939 491 ipsius
966 439 1234 490 publicumque
1262 439 1340 476 eius
1359 435 1610 475 ministerium

72 508 172 546 intra
209 520 288 545 sese
324 505 448 544 rident
493 517 537 543 ac
566 505 840 542 contemnunt?
895 504 968 542 Sed
996 504 1041 558 de
1068 504 1456 542 excommunicatione
1481 509 1612 555 postea

73 572 191 623 plura.
246 571 360 609 Nunc
397 570 487 608 satis
524 574 579 607 est
606 569 829 616 ostendisse,
855 582 1020 620 quonam
1046 568 1160 608 modo
1186 569 1293 620 pueri
1320 569 1358 606 in
1387 582 1453 606 sua
1481 567 1609 605 adole-

73 638 227 684 scentia,
263 637 295 675 si
332 637 407 674 sint
443 635 607 687 protervi
644 639 756 686 atque
781 635 1000 679 insolentes,
1036 639 1290 680 coerceantur,
1318 637 1366 678 et,
1392 633 1611 685 priusquam

72 702 119 741 ad
149 703 295 740 Cocnae
323 700 543 739 Dominicae
570 713 679 737 usum
707 699 966 748 admittantur,
994 703 1041 746 et,
1067 704 1314 751 posteaquam
1342 703 1428 736 sunt
1455 697 1610 735 admissi

72 767 160 814 iam,
185 770 337 819 propter
363 765 607 803 insolentiam
636 764 682 802 ab
711 765 776 802 illa
804 778 951 803 rursum
979 770 1187 803 arceantur.

127 830 276 871 Quodsi
312 830 376 882 qui
403 836 577 881 parentes
604 843 670 882 per
706 830 874 882 inopiam
903 834 1093 882 sumptum
1120 830 1160 868 in
1187 829 1328 868 liberos
1354 828 1612 867 instituendos

75 897 196 935 facere
233 909 310 934 non
347 895 506 946 possint,
545 894 802 934 Diaconorum
840 895 1048 933 ministerio
1095 895 1171 933 illis
1219 895 1463 938 succurritur,
1498 896 1613 934 modo

72 961 153 1000 illis
181 974 239 999 res
267 960 467 998 indicetur.

127 1027 253 1077 Atque
289 1025 379 1063 haec
412 1028 467 1063 est
504 1025 600 1062 ratio
635 1024 892 1063 catechizandi
927 1024 1220 1077 continendiquc
1255 1025 1295 1064 in
1323 1026 1443 1065 officio
1479 1040 1613 1079 pueros

77 1095 113 1129 et
149 1090 404 1128 adolescentes
440 1090 480 1127 in
518 1094 646 1128 nostra
681 1089 864 1137 Ecclesia,
890 1104 1003 1142 quam
1032 1104 1120 1128 sane
1147 1092 1312 1130 fructum
1341 1105 1419 1130 non
1446 1098 1614 1131 contem-

76 1155 243 1195 nendum
281 1159 317 1193 et
353 1155 428 1193 iam
464 1155 633 1193 videmus
669 1155 841 1194 attulisse
877 1160 914 1194 et
949 1156 1074 1194 adbuc
1109 1157 1312 1195 allaturum
1348 1171 1427 1196 esse
1453 1172 1518 1210 per
1546 1159 1617 1197 Dei

76 1221 235 1273 gratiam
269 1234 344 1259 non
383 1220 625 1263 dubitamus:
671 1221 801 1260 Restat
837 1221 925 1268 iam,
960 1227 1002 1260 ut
1037 1222 1082 1261 de
1118 1223 1231 1260 modo
1277 1237 1321 1262 ac
1365 1224 1512 1263 ratione
1537 1230 1614 1264 tam

80 1286 324 1326 Germanicae
351 1299 464 1338 quam
492 1285 661 1324 Gallicae
688 1287 1049 1339 Pro-(106)phetiae
1076 1287 1260 1328 dicamus.

505 1380 582 1429 [De
608 1380 845 1430 Prophetiis,
872 1393 967 1429 quae
993 1381 1202 1432 dicuntum]

173 1529 238 1568 De
273 1528 406 1567 modo
442 1535 495 1567 ac
529 1529 724 1568 ratione
759 1529 1059 1581 Prophetiae
1094 1532 1143 1571 in
1182 1533 1530 1575 Germanorum

539 1594 768 1632 Ecclesia
804 1595 976 1634 diebus
1010 1596 1161 1636 Iovis.

133 1685 244 1724 Ratio
279 1685 502 1737 Prophetiae
537 1686 577 1725 in
606 1686 884 1725 Germanorum
910 1688 1081 1727 Ecclesia
1120 1690 1212 1729 haec
1238 1696 1295 1730 est
1325 1692 1402 1731 visa
1429 1694 1509 1732 fore
1537 1709 1618 1733 ma·

82 1748 181 1787 xime
216 1748 319 1787 utilis
356 1749 426 1787 toti
463 1749 666 1796 Ecclesiae,
704 1754 743 1788 ut
779 1750 818 1788 in
854 1750 919 1789 illa
954 1756 1217 1791 excuterentur
1258 1758 1294 1793 et
1320 1757 1618 1808 approbarentur

80 1813 207 1852 omnia
241 1827 307 1865 per
342 1818 511 1852 mutuam
537 1816 706 1853 locorum
733 1815 762 1853 'e
798 1816 994 1868 scripturis
1032 1818 1283 1867 collationem,
1311 1835 1406 1872 quae
1433 1823 1474 1861 in
1501 1825 1617 1863 totius

81 1878 162 1916 eius
198 1878 445 1917 hebdomadis
482 1880 730 1918 concionibus
768 1880 884 1919 videri
910 1887 1085 1933 poterant
1121 1884 1179 1922 vel
1215 1898 1293 1924 non
1329 1891 1429 1926 recte
1457 1889 1514 1927 vel
1541 1903 1619 1928 non

83 1943 130 1982 ad
167 1944 317 1995 plenum
355 1944 509 1982 omnino
546 1945 662 1983 fuisse
704 1946 901 1997 explicata,
936 1952 1001 1985 aut
1045 1949 1344 2002 qualemcunque
1389 1953 1540 1991 tandem
1580 1955 1619 1992 in

84 2007 219 2046 animis
254 2008 470 2046 auditorum
509 2009 784 2048 dubitationem
819 2011 917 2049 forte
944 2011 1068 2050 adhuc
1094 2014 1346 2066 reliquissent.
1401 2018 1494 2056 Cum
1521 2019 1621 2057 enim

84 2086 270 2124 nusquam
313 2073 466 2111 aliunde
500 2074 585 2125 plus
618 2075 814 2113 imminere
849 2089 959 2127 posse
992 2077 1150 2128 periculi
1192 2084 1336 2118 constet
1368 2081 1408 2119 in
1445 2083 1620 2121 omnibus

86 2138 278 2184 Ecclesiis‚
315 2151 427 2189 quam
453 2151 498 2177 ex
527 2138 721 2177 doctrinae
756 2139 936 2187 dissidiis,
972 2141 1069 2179 nihil
1106 2156 1194 2181 sane
1230 2136 1491 2195 aeque'etiam
1530 2148 1620 2185 utile

85 2217 166 2242 esse
191 2206 316 2255 potest
342 2203 383 2241 in
410 2203 586 2241 omnibus
612 2204 808 2250 Ecclesiis,
833 2218 944 2256 quam
972 2211 1014 2243 ut
1040 2207 1229 2246 unanimis
1249 2209 1443 2249 doctrinae
1463 2224 1623 2250 consen-

88 2279 150 2305 sus
176 2266 216 2304 in
241 2265 317 2304 illis
352 2279 399 2303 ex
433 2266 548 2304 verbo
584 2265 655 2304 Dei
689 2267 906 2305 retineatur.
963 2267 1022 2305 Ad
1049 2281 1161 2320 quem
1187 2270 1360 2321 equidem
1385 2273 1622 2313 retinendum

87 2332 200 2380 atque
234 2328 346 2367 etiam
383 2327 560 2366 alendum
597 2329 660 2367 vix
696 2328 900 2380 quidquam
938 2330 1068 2369 haberi
1105 2333 1384 2385 excogitatique
1410 2340 1624 2386 potestant

88 2392 221 2430 melius
257 2395 321 2429 aut
358 2390 591 2428 commodius
630 2396 695 2429 aut
730 2391 842 2429 etiam
870 2393 1053 2431 efficacius
1082 2393 1152 2431 hac
1178 2395 1246 2433 tali
1271 2396 1423 2446 publica
1441 2398 1623 2449 do-(107)

91 2455 233 2494 cti-inae
263 2455 528 2493 Ministrorum
555 2455 831 2495 examinatione
858 2461 970 2509 atque
997 2458 1280 2510 approbatione.

140 2518 211 2556 Die
238 2518 342 2556 Iovis
369 2518 486 2568 igitur
513 2517 582 2556 sub
609 2519 724 2556 finem
752 2519 957 2567 concionis,
986 2535 1081 2572 quae
1118 2522 1208 2560 hora
1235 2525 1503 2575 propemodum
1525 2541 1625 2566 nona

91 2584 178 2619 ante
213 2580 407 2618 meridiem
443 2580 614 2625 habetur.
651 2581 897 2620 Ecclesiastes
924 2583 1004 2634 ipse
1033 2584 1203 2623 hortatur
1232 2586 1404 2625 Seniores
1433 2588 1624 2629 Ecclesiae

87 2647 124 2682 et
151 2657 279 2681 omnes
308 2656 382 2689 eos,
409 2644 474 2695 qui
501 2644 549 2681 ad
575 2645 838 2696 proponendas
865 2646 1097 2686 obiectiones
1130 2648 1316 2699 designati
1343 2656 1442 2696 sunt,
1468 2653 1514 2690 ad
1535 2667 1623 2705 pro-

87 2705 283 2744 ferendum
319 2705 359 2743 in
394 2706 560 2744 medium
596 2707 740 2758 aliquid
785 2721 870 2746 cum
915 2709 1020 2748 omni
1064 2710 1248 2749 modestia
1285 2717 1321 2750 et
1355 2715 1538 2763 gravitate
1575 2717 1623 2755 ad

89 2769 279 2808 Ecclesiae
324 2769 635 2818 aedificationem,
682 2785 754 2810 non
793 2778 915 2812 autem
952 2775 999 2812 ad
1035 2788 1170 2814 vanam
1210 2779 1511 2820 ostentationem.
1565 2783 1624 2820 Ac

89 2838 169 2872 tum
209 2834 376 2873 Ministri
412 2835 595 2874 rationem
633 2836 795 2875 reddunt
831 2837 1023 2877 doctrinae
1062 2853 1159 2886 suae,
1199 2841 1237 2879 in
1266 2842 1344 2880 eius
1375 2843 1621 2885 hebdomadis

89 2899 335 2938 concionibus
364 2900 535 2946 traditae,
562 2900 593 2939 si
621 2900 712 2953 quid
738 2902 916 2941 adversus
944 2903 1046 2942 illam
1074 2905 1287 2946 obiiciatur.
