1830 3147
215 132 280 179 [A.
304 132 353 168 D.
378 131 490 178 1545]
949 131 1017 165 598

214 241 276 278 N⁰.
301 241 358 276 32.
1098 238 1180 285 [Bihl.
1192 241 1271 274 Brem.
1291 242 1325 276 ei.
1338 241 1422 283 v11.p.
1436 241 1496 275 343.
1513 241 1604 274 Gerd.
1615 242 1662 274 llb.
1678 238 1754 284 537]

653 360 710 396 Ad
735 360 986 396 FRANCisCUM
1010 358 1240 396 815511161οΜ
1269 364 1314 404 ¹).

262 484 393 521 Levius
417 484 472 518 cst
495 493 608 517 meum
632 481 668 517 in
691 491 840 517 sororem
867 483 963 516 tuam
988 481 1137 517 officium
1158 481 1201 525 ²),
1234 480 1298 518 Vir
1323 480 1568 517 Ornatissime!
1595 492 1696 527 quam
1715 483 1756 515 ut

217 544 300 580 mihi
324 543 417 580 illius
441 542 580 578 nomine
603 531 721 577 tantas
745 541 875 588 gratias
900 552 1003 588 agere
1026 540 1192 577 debeatis.
1233 542 1316 578 Feci
1342 554 1408 577 non
1435 541 1528 589 quod
1555 540 1670 583 debui,
1694 540 1755 577 scd

218 604 312 652 quod
336 604 435 651 potui
461 615 523 651 pro
546 603 720 639 tenuitate
745 614 832 645 mea,
857 605 893 637 et
917 602 1054 649 gaudeo
1079 602 1114 638 id
1139 602 1237 639 vobis
1262 605 1400 650 gratum
1427 614 1515 639 esse.
1559 601 1656 638 Illud
1682 605 1759 637 tan·

218 668 293 702 tum
327 665 443 708 miror,
480 663 572 713 quod
605 664 680 711 ipsa
710 676 812 699 suum
847 663 910 700 1106
946 662 989 698 (16
1024 662 1136 699 reditu
1171 663 1215 699 ad
1248 676 1309 700 vos
1334 663 1514 699 consilium
1541 675 1595 698 me
1618 661 1754 699 celarit:

215 726 315 775 quasi
347 738 429 761 vero
461 737 526 772 ego
562 724 809 772 impedimento
842 724 894 760 illi
928 725 1070 760 futurus
1098 725 1231 766 fuerim,
1268 737 1338 772 quo
1363 725 1477 760 minus
1503 724 1539 760 id
1563 725 1703 766 faceret,
1727 723 1757 760 si

218 787 302 824 mihi
337 799 408 823 rem
444 786 675 834 exposuisset.
726 785 796 821 Hic
829 785 920 822 enim
944 788 1111 821 constans
1136 797 1253 821 rumor
1278 788 1343 826 est,
1369 797 1455 827 eam,
1481 787 1522 821 ut
1546 785 1625 821 hinc
1650 784 1758 820 abdu-

219 851 367 890 ceretur,
393 848 480 884 clam
507 847 615 895 (apud
641 859 713 888 vos,
738 847 875 894 opinor)
899 846 1012 894 egisse
1038 850 1073 883 et
1098 858 1250 883 curasse.
1282 847 1462 885 Quorsum
1480 858 1562 883 vero
1581 846 1759 882 attinebat

218 911 253 948 id
278 910 366 946 clam
391 910 514 957 agere?
548 921 613 957 ego
636 921 718 944 sane
744 911 784 944 ut
809 908 954 945 invitam
981 909 1015 944 in
1041 908 1144 944 aedes
1172 921 1266 945 meas
1291 921 1361 945 non
1387 908 1512 956 recepi,
1537 909 1587 945 ita
1611 908 1757 944 invitam

218 984 288 1008 non
324 970 429 1007 etiam
462 970 700 1007 detinuissem.
760 969 892 1017 Scripsi
921 969 964 1005 ad
1000 982 1074 1005 eam
1110 970 1173 1007 hac
1205 969 1248 1006 de
1281 981 1317 1006 re
1353 970 1540 1019 literasque
1576 969 1612 1006 in
1637 981 1758 1005 manus

217 1036 349 1069 vestras
382 1032 498 1073 mitto,
532 1034 571 1067 ut
604 1042 658 1066 me
690 1030 734 1066 ab
758 1030 919 1066 omnibus
945 1030 1211 1077 suspicionibus,
1235 1042 1321 1078 quas
1347 1030 1446 1066 vobis
1471 1030 1556 1066 haec
1581 1029 1688 1075 ipsius
1712 1029 1758 1065 si·

219 1094 364 1130 mulatio
388 1104 508 1141 parere
542 1095 673 1140 posset,
706 1091 798 1138 apud
825 1103 886 1127 vos
913 1090 1105 1127 liberarem.
1153 1091 1191 1127 Si
1215 1091 1267 1127 illi
1295 1091 1379 1127 bene
1405 1091 1463 1134 sit,
1486 1090 1568 1126 mihi
1592 1091 1628 1127 id
1653 1090 1758 1136 longe

217 1155 448 1203 gratissimum
475 1155 560 1190 erit:
589 1153 693 1189 modo
716 1165 759 1189 ne
785 1152 879 1189 dono
904 1153 1043 1189 divinae
1068 1153 1278 1200 cognitionis
1304 1153 1348 1189 ad
1374 1165 1470 1188 suam
1497 1153 1572 1200 ipsa
1596 1152 1757 1188 condem·

217 1217 391 1254 nationem
420 1228 480 1262 per
503 1215 688 1252 humanam
714 1214 919 1262 sapientiam
945 1214 1123 1250 abutatur.

268 1277 376 1316 Quod
400 1275 500 1312 vobis
535 1275 712 1311 ferendum
737 1287 807 1311 non
830 1287 906 1310 esse
932 1273 1113 1316 duxeritis,
1138 1278 1177 1309 ut
1202 1274 1287 1321 ipsa,
1306 1273 1594 1321 quemadmodum
1622 1272 1757 1315 scribis,

219 1339 286 1375 Vir
317 1338 554 1374 ornatissime!
590 1340 626 1373 et
664 1335 810 1383 praedae
844 1339 880 1371 et
914 1335 1064 1372 ludibrio
1098 1336 1266 1372 monacho
1298 1335 1533 1371 Aduardiensi
1564 1336 1672 1377 fieret,
1703 1347 1757 1371 1116

219 1413 302 1436 sane
334 1403 456 1436 autore
489 1398 578 1434 nulli
611 1397 779 1434 monacho
816 1409 965 1444 unquam
999 1399 1062 1433 aut
1098 1396 1244 1444 praedae
1269 1400 1332 1432 aut
1357 1396 1505 1432 ludibrio
1530 1397 1649 1432 futura
1673 1400 1758 1438 erat.

219 1472 342 1508 neque,
377 1460 405 1496 si
440 1458 522 1508 quid
553 1459 656 1495 huius
687 1458 879 1499 scivissem,
915 1460 950 1493 in
985 1457 1088 1494 aedes
1118 1458 1213 1494 illam
1239 1469 1333 1493 meas
1359 1469 1512 1505 unquam
1538 1457 1756 1503 recepissem.

219 1522 302 1558 Non
327 1520 476 1557 libenter
501 1521 591 1556 enim
615 1532 693 1556 cum
717 1519 844 1556 talibus
870 1518 1155 1556 consuetudinem
1180 1518 1300 1560 habeo,
1325 1531 1413 1566 quae
1439 1517 1588 1554 ludibrio
1606 1521 1642 1553 et
1659 1529 1758 1564 prae-

218 1583 283 1619 dae
316 1595 391 1619 esse
425 1581 560 1623 volunt,
585 1593 697 1629 neque
733 1592 798 1628 ego
831 1580 875 1616 de
908 1592 1025 1617 sorore
1058 1583 1129 1623 tua,
1165 1581 1230 1617 Vir
1262 1580 1405 1616 eximie!
1438 1579 1473 1615 id
1499 1591 1648 1626 unquam
1682 1590 1757 1615 sum

219 1644 431 1691 suspicatus,
469 1654 509 1678 30
544 1655 587 1678 116
621 1653 717 1678 1111110
749 1641 888 1689 quidem
923 1641 1091 1688 suspicari
1115 1653 1277 1688 possum:
1301 1641 1384 1688 quin
1411 1640 1527 1687 potius
1552 1640 1586 1675 id
1611 1640 1759 1686 ingenue

219 1706 341 1747 fateor,
374 1703 469 1741 illam
504 1715 639 1739 summa
672 1715 751 1739 cum
786 1701 958 1738 modestia
991 1702 1212 1749 integerrime
1245 1701 1555 1748 honestissimeque
1579 1700 1670 1748 apud
1695 1713 1759 1736 nos

223 1766 361 1802 vixisse.
414 1765 599 1801 Caeterum
633 1764 664 1800 si
695 1763 762 1799 sub
793 1763 955 1799 monachi
979 1763 1117 1798 nomine
1144 1763 1332 1798 Doctorem
1365 1761 1551 1798 Albertum
1576 1761 1756 1808 intelligis,

219 1828 278 1863 ille
304 1827 386 1863 mihi
411 1827 558 1874 amplius
585 1825 774 1862 monachus
798 1837 868 1861 non
894 1827 960 1867 est,
983 1825 1043 1860 sed
1064 1823 1213 1861 dilectus
1233 1824 1268 1859 in
1282 1823 1433 1859 Domino
1445 1823 1577 1858 amicus
1591 1828 1627 1858 et
1640 1824 1760 1859 frater.

226 1889 347 1930 Porro,
378 1889 407 1924 si
433 1887 516 1936 quid
541 1898 638 1923 soror
662 1890 725 1922 tua
750 1897 828 1922 cum
855 1885 917 1922 illo
941 1888 1044 1933 pacta
1069 1888 1136 1927 est,
1163 1884 1229 1920 hoc
1254 1896 1307 1920 me
1333 1885 1510 1921 nesciente
1535 1895 1686 1930 prorsus,
1714 1895 1758 1919 ne

221 1950 318 1986 dicas
362 1952 484 1984 autore
525 1951 589 1984 aut
621 1947 823 1984 consultore
859 1947 955 1987 fecit.
998 1959 1067 1994 qua
1101 1945 1143 1981 de
1176 1957 1212 1981 re
1244 1945 1289 1981 ad
1323 1945 1433 1992 ipsam
1467 1957 1602 1992 quoque
1630 1945 1761 1991 scripsi.

221 2012 301 2048 Hoc
336 2011 443 2058 igitur
474 2011 505 2045 si
539 2008 637 2045 vobis
669 2007 850 2044 ferendum
881 2020 952 2043 non
977 2019 1054 2043 esse
1080 2007 1224 2054 putatis,
1258 2018 1324 2053 ego
1348 2017 1431 2042 sane
1457 2009 1607 2041 vestrum
1633 2006 1669 2041 111
1694 2004 1759 2041 1130

221 2074 319 2120 parte
352 2070 534 2107 eonsilium
567 2073 608 2105 ut
644 2068 789 2117 probare
822 2081 893 2104 non
929 2081 1080 2115 possum,
1112 2068 1161 2104 ita
1193 2067 1386 2114 improbare
1418 2078 1510 2102 nunc
1536 2066 1639 2102 etiam
1664 2066 1760 2102 nolo.

222 2133 288 2169 Sed
323 2144 384 2179 per
407 2144 461 2168 me
487 2131 523 2167 id
547 2131 646 2167 vobis
674 2130 832 2178 equidem
857 2129 1011 2177 adeoque
1036 2132 1073 2164 et
1097 2129 1206 2165 sorori
1231 2130 1367 2163 vestrae
1392 2127 1467 2163 sine
1487 2126 1761 2163 dissimulatione

221 2194 293 2230 ulla
330 2195 443 2229 facere
479 2192 648 2229 licuisset.
705 2191 897 2238 Nunquam
931 2191 996 2226 hoc
1039 2203 1060 2226 a
1093 2201 1147 2226 me
1183 2191 1432 2237 impetraturus
1468 2191 1546 2224 erat
1581 2188 1762 2230 Albertus‚
1799 2213 1801 2215 -

221 2266 417 2302 quanquam
450 2253 592 2290 intimus
626 2252 674 2288 sit
706 2251 839 2288 amicus
876 2263 985 2292 meus,
1018 2253 1059 2286 ut
1081 2262 1235 2286 sororem
1262 2252 1414 2285 vestram
1438 2247 1596 2291 haberet,
1623 2248 1654 2284 si
1678 2247 1759 2295 quid

221 2316 278 2352 vel
311 2315 489 2351 minimum
522 2326 560 2350 se
592 2313 637 2350 ab
669 2313 731 2349 1110
764 2312 947 2349 abhorrere
980 2324 1077 2348 soror
1110 2314 1224 2347 vestra
1257 2310 1340 2346 mihi
1360 2310 1571 2351 indicasset,
1605 2321 1691 2356 quae
1725 2309 1760 2344 id

222 2377 325 2412 etiam
359 2374 441 2411 mihi
478 2385 604 2421 negare
639 2385 711 2409 non
744 2372 884 2420 poterit,
918 2383 953 2408 se
993 2383 1014 2407 a
1038 2382 1093 2406 me
1118 2382 1295 2418 nunquam
1320 2369 1363 2405 ad
1389 2369 1435 2412 id,
1460 2380 1503 2405 ne
1529 2381 1600 2404 uno
1623 2367 1757 2415 quidem

223 2436 341 2478 verbo,
373 2435 596 2472 sollicitatam
629 2446 715 2470 esse.
763 2434 870 2470 Nunc
894 2435 989 2482 opto,
1015 2435 1055 2468 ut
1080 2439 1230 2468 vestrum
1257 2430 1437 2467 consilium
1462 2433 1498 2466 et
1523 2429 1623 2465 vobis
1648 2431 1683 2463 et
1706 2439 1764 2463 so-

224 2498 292 2534 rori
316 2499 456 2533 vestrae
489 2495 577 2532 bene
602 2497 714 2532 cedat.
764 2494 880 2531 Aliter
906 2497 1022 2530 tamen
1046 2492 1219 2540 egissetis,
1243 2493 1271 2528 si
1296 2504 1350 2528 me
1372 2503 1509 2539 quoque
1533 2489 1651 2526 audire
1675 2500 1760 2535 pau·

223 2561 329 2607 lisper
353 2559 564 2595 voluissetis.

271 2620 380 2659 Quod
410 2619 453 2656 ad
489 2621 649 2666 sumptus
685 2618 721 2654 in
754 2627 906 2653 sororem
940 2617 1090 2652 vestram
1125 2615 1209 2651 sacti
1244 2613 1479 2661 pensationem
1512 2611 1657 2651 attinet,
1679 2623 1757 2657 ego,

224 2681 289 2717 Vir
319 2681 551 2717 ornatissime!
584 2691 662 2717 eum
700 2689 851 2715 sororem
885 2679 1036 2713 vestram
1071 2676 1270 2723 reciperem,
1305 2674 1347 2710 de
1382 2671 1559 2721 pensando
1584 2670 1666 2707 mihi
1691 2671 1757 2707 hoc

225 2744 366 2788 sumptu
388 2740 473 2777 nihil
497 2739 661 2787 cogitavi,
693 2750 804 2786 neque
828 2750 870 2774 eo
894 2737 1009 2773 animo
1033 2735 1126 2772 illam
1154 2747 1359 2782 receperam,
1388 2736 1428 2769 ut
1452 2731 1504 2767 vel
1533 2731 1576 2766 ab
1597 2731 1683 2777 ipsa,
1702 2731 1758 2766 vel

227 2815 248 2838 a
273 2801 371 2837 vobis
406 2801 590 2848 quidquam
618 2811 845 2846 reposcerem·
895 2798 1014 2836 Quare
1038 2810 1105 2844 ago
1129 2797 1264 2844 quidem
1291 2795 1420 2842 gratias
1442 2792 1651 2828 humanitati
1677 2794 1757 2828 tuac

226 2874 288 2909 pro
321 2873 362 2896 ea
395 2859 587 2895 voluntatis
622 2862 759 2895 vestrae
793 2870 873 2905 erga
906 2870 959 2893 me
997 2857 1240 2892 testificatione
1266 2853 1579 2900 humanitatemque
1604 2856 1757 2888 vestram

226 2921 376 2958 libenter
400 2919 601 2966 amplector,
628 2939 667 2945 —
693 2917 756 2953 sed
781 2917 873 2965 quod
898 2917 942 2954 ad
967 2918 1126 2963 sumptus
1142 2915 1375 2963 pensationcm
1395 2913 1535 2955 attinet,
1555 2913 1639 2949 satis
1656 2913 1754 2949 illum
