1830 3147
155 87 228 127 172

153 211 280 237 curam
317 201 353 236 et
389 196 660 247 gubernandae
697 201 734 235 et
772 195 1052 235 conservandae
1092 196 1285 236 Ecclesiae
1321 197 1586 236 demandatam
1614 211 1695 237 esse

153 267 314 302 constat.
372 263 512 300 Christi
540 263 640 300 enim
670 263 978 312 doc-(273)trina
1007 263 1052 301 de
1080 264 1159 300 solo
1190 265 1306 301 fratre
1333 263 1497 314 primum
1525 264 1693 302 omnium

151 329 328 381 privatim
363 327 602 365 admonendo
641 328 687 365 ad
724 341 787 366 eos
824 328 1008 365 duntaxat
1048 328 1222 378 pertinet,
1258 329 1324 379 qui
1364 341 1482 366 unum
1512 329 1696 367 duntaxat

152 395 327 445 aliquem,
355 406 432 431 non
461 397 587 431 autem
615 393 726 431 simul
755 394 906 439 multos,
934 393 1070 430 nedum
1099 398 1218 431 totam
1247 394 1459 432 Ecclesiam
1488 399 1552 432 aut
1580 394 1696 432 offen-

155 459 291 496 derunt
327 462 389 496 aut
428 458 468 496 in
506 458 708 497 discrimen
744 458 898 509 aliquod
926 457 1173 497 induxerunt.
1227 459 1277 496 Et
1304 460 1366 496 lex
1393 459 1474 510 ipsa
1503 459 1695 497 charitatis

153 523 224 561 hoc
260 524 441 574 postulat,
477 528 518 560 ut
553 523 670 561 totius
709 524 877 575 corporis
913 523 1124 574 pluriumve
1160 524 1254 562 adeo
1289 524 1546 562 membrorum
1584 526 1696 562 etiam

152 589 192 626 in
225 601 302 626 uno
340 588 544 639 eodemque
573 601 727 639 corpore
755 588 876 626 maior
905 601 1007 631 sane,
1034 601 1146 639 quam
1174 589 1286 626 unius
1315 589 1500 627 duntaxat
1526 588 1698 635 membri,

152 653 249 691 ratio
277 653 472 698 habeatur,
500 657 549 697 et,
585 652 904 703 quemadmodum
934 652 1107 690 Christus
1136 653 1292 704 ipsemet
1320 654 1429 691 docet
1451 655 1492 702 ¹),
1519 658 1698 705 praestat,

153 731 290 769 corpus
316 718 452 770 ipsum,
482 731 565 755 cum
595 719 825 768 reliquorum
853 718 1108 755 membrorum
1138 731 1319 769 compage
1347 720 1498 764 servari,
1525 732 1602 756 uno
1630 722 1696 757 aut

151 784 269 822 altero
305 784 475 821 membro
511 784 739 824 mutilatum.
774 797 888 834 quam
928 791 969 821 ut
995 789 1147 835 propter
1176 798 1293 822 unum
1321 784 1530 822 membrum
1561 797 1696 833 corpus

152 853 275 887 totum
303 848 455 900 eiusque
484 862 682 899 compages
712 848 954 900 dissipentur.

206 919 240 953 5.
295 914 486 960 Diximus,
514 915 750 952 Christianas
784 914 1000 952 istiusmodi
1028 915 1322 962 admonitiones,
1350 928 1445 966 quae
1472 915 1511 952 in
1542 928 1610 952 usu
1637 914 1696 952 di-

155 979 336 1031 sciplinae
374 979 568 1017 observari
606 979 779 1025 debcant,
817 993 862 1017 ex
899 980 1013 1017 verbo
1052 980 1121 1018 Dei
1157 980 1338 1031 petendas
1366 993 1459 1024 esse,
1486 984 1528 1017 ut
1555 979 1695 1017 intelli-

153 1058 300 1094 gamus,
327 1044 419 1082 satis
449 1057 526 1082 non
555 1058 645 1090 esse,
676 1045 707 1081 si
735 1044 897 1082 sciamus
927 1045 977 1091 id,
1009 1045 1052 1082 de
1080 1058 1153 1096 quo
1182 1046 1336 1082 fratrem
1366 1045 1540 1082 volumus
1566 1045 1698 1082 admo·

155 1124 256 1154 nere,
290 1123 374 1147 cum
413 1110 584 1148 doctrina
622 1110 725 1147 verbi
764 1110 894 1149 Divini
932 1124 1009 1148 non
1045 1124 1155 1162 posse
1184 1111 1401 1157 consistere,
1431 1111 1496 1148 sed
1524 1116 1697 1162 oportere

156 1178 267 1215 etiam
305 1182 455 1215 nostras
493 1176 772 1215 admonitiones
808 1177 965 1215 formari
1001 1191 1045 1215 ex
1082 1178 1196 1215 verbo
1236 1178 1318 1223 Dei,
1354 1181 1408 1223 ut,
1446 1177 1511 1228 qui
1547 1181 1603 1214 est
1630 1176 1699 1213 ad-

157 1243 383 1288 monendus,
421 1242 545 1280 videat
573 1256 611 1280 se
640 1256 716 1280 non
743 1248 821 1280 tam
850 1246 994 1286 nostra,
1023 1257 1135 1293 quam
1165 1243 1303 1280 Divina
1331 1243 1457 1294 potius
1486 1242 1701 1286 autoritate,

156 1308 363 1354 admoneri,
402 1308 725 1358 convincaturque
762 1308 801 1345 in
840 1308 951 1345 corde
981 1321 1061 1353 sno,
1088 1322 1163 1346 non
1194 1313 1269 1346 tam
1300 1321 1368 1345 nos
1395 1307 1433 1344 in
1463 1307 1604 1344 nostris
1634 1307 1700 1343 ad-

159 1373 446 1420 monitionibus,
475 1374 507 1411 si
535 1373 620 1411 illas
648 1373 806 1418 reiiciat,
834 1387 946 1424 quam
976 1373 1243 1422 Di-(274)vini
1271 1374 1375 1411 verbi
1402 1373 1529 1424 potius
1557 1372 1701 1423 Deique

158 1439 250 1476 adeo
278 1439 397 1489 ipsius
425 1439 668 1477 autoritatem
699 1439 901 1484 contemni,
919 1460 963 1467 —
989 1439 1026 1475 id
1056 1439 1157 1490 quod
1186 1439 1373 1489 equidem,
1401 1439 1467 1489 qui
1487 1439 1545 1476 vel
1562 1438 1700 1475 micum

159 1504 396 1543 Christianae
423 1504 561 1542 mentis
590 1504 744 1547 habent,
770 1504 881 1541 facile
908 1504 1133 1553 intelligent,
1162 1518 1182 1541 a
1210 1518 1249 1542 se
1267 1517 1378 1555 quam
1398 1503 1617 1552 longissime
1633 1502 1703 1540 ab·

159 1582 238 1607 esse
265 1574 440 1621 oportere
465 1591 516 1597 —
544 1574 580 1607 et
607 1582 702 1620 quae
731 1582 800 1606 nos
828 1568 1037 1615 offendunt,
1064 1583 1109 1607 ex
1139 1570 1253 1606 verbo
1283 1569 1354 1607 Dei
1382 1569 1573 1618 arguenda
1602 1573 1702 1614 sunt,

159 1649 218 1681 ne,
255 1635 286 1673 si
326 1635 481 1672 verbum
518 1634 589 1672 Dei
626 1647 702 1672 non
739 1635 988 1686 proferamus,
1023 1640 1176 1686 peccata
1204 1635 1368 1686 peccatis
1397 1648 1617 1685 erroresque
1644 1647 1696 1671 er⁴

158 1700 310 1738 roribus
339 1704 570 1737 commutare
596 1699 735 1750 potius,
763 1713 874 1749 quam
906 1700 1092 1750 corrigere
1122 1701 1215 1738 velle
1243 1700 1361 1737 videri
1389 1700 1578 1750 possimus
1599 1701 1643 1748 2).

211 1769 246 1804 62
302 1766 492 1809 Diximus,
530 1765 764 1803 Christianus
799 1765 1015 1802 istiusmodi
1053 1765 1331 1802 admonitiones
1358 1765 1456 1802 inter
1491 1765 1627 1802 fratres
1661 1765 1701 1801 in

161 1831 303 1870 Christi
339 1830 509 1869 Ecclesia
545 1830 802 1868 observandas
831 1843 923 1875 esse,
958 1834 1000 1867 ut
1033 1830 1305 1879 intelligamus,
1334 1843 1441 1867 usum
1470 1829 1702 1880 disciplinae,

160 1896 477 1949 quemadmodum
515 1909 578 1934 eos
616 1908 692 1933 non
731 1895 1005 1946 complectitur,
1042 1895 1107 1946 qui
1144 1900 1232 1933 sunt
1268 1899 1372 1933 extra
1402 1891 1623 1938 Ecclesiam,
1651 1895 1703 1932 ita

160 1976 309 2001 rursum
345 1962 392 2000 ad
429 1975 558 1999 omnes
596 1961 765 2005 omnino,
801 1961 866 2011 qui
903 1961 1014 1998 modo
1049 1974 1117 2012 pro
1148 1961 1324 1998 membris
1355 1961 1545 1998 Ecclesiae
1573 1961 1704 1998 haberi

162 2029 306 2074 volunt,
351 2027 550 2078 pertinere,
595 2039 714 2076 neque
758 2039 973 2077 quenquam
1008 2026 1163 2063 omnino
1200 2026 1240 2063 in
1277 2026 1446 2064 Ecclesia
1484 2030 1548 2063 aut
1582 2039 1708 2077 posse,
1752 2024 1757 2029 ’

161 2099 225 2131 aut
262 2093 396 2131 debere
433 2105 471 2129 se
507 2091 669 2129 eximere
705 2104 860 2141 quoquo
898 2091 1009 2128 modo
1039 2091 1085 2128 ab
1114 2105 1187 2129 usu
1215 2091 1451 2142 disciplinae,
1478 2104 1704 2142 quoeunque

161 2158 313 2196 tandem
350 2157 389 2194 in
426 2157 492 2193 illa
529 2156 740 2193 ministerio
779 2156 974 2204 fungatur,
1009 2160 1073 2193 aut
1110 2169 1335 2206 quacunque
1371 2156 1556 2206 dignitate
1591 2157 1703 2193 etiam

162 2223 257 2260 alios
299 2221 511 2259 antecellat.
569 2220 759 2258 Nimirum
807 2220 1000 2258 vinculum
1039 2220 1230 2257 societatis
1264 2220 1552 2258 Ecclesiasticae
1587 2220 1705 2268 adigit

164 2301 294 2325 omnes
330 2287 371 2325 in
407 2286 578 2324 Ecclesia
616 2286 697 2323 sine
732 2286 809 2324 ulla
839 2286 1060 2337 cuiusquam
1090 2285 1310 2337 exceptione
1339 2286 1385 2323 ad
1414 2291 1582 2323 mutuam
1610 2285 1703 2323 alio-

164 2366 244 2390 rum
281 2365 349 2402 pro
385 2351 468 2389 aliis
507 2364 634 2388 curam
671 2363 715 2387 ac
753 2351 1060 2397 sollicitudinem,
1096 2364 1208 2401 quam
1245 2350 1357 2388 nobis
1386 2363 1515 2387 omnes
1542 2350 1702 2387 invicem

164 2421 342 2468 tanquam
390 2417 501 2455 unius
547 2417 715 2467 corporis
765 2416 932 2453 membra
978 2416 1083 2453 iuxta
1119 2416 1228 2453 Pauli
1265 2415 1476 2453 doctrinam
1515 2415 1704 2461 debemus,

164 2480 312 2518 etiamsi
347 2480 419 2517 alia
457 2479 677 2528 a-(275)1iis
712 2479 812 2516 inter
839 2492 908 2516 nos
937 2479 1050 2528 longe
1076 2479 1350 2531 praestantiora
1380 2492 1459 2516 esse
1488 2491 1562 2515 non
1592 2478 1704 2515 dubi-

164 2548 298 2580 temus.
353 2545 478 2593 Atque
521 2542 582 2580 hic
627 2555 717 2580 sane
762 2555 801 2579 se
837 2542 964 2593 prodit
1001 2543 1123 2593 Papae
1160 2542 1324 2580 Romani
1360 2547 1396 2579 et
1429 2541 1703 2592 Episcoporum

166 2621 318 2646 suorum
357 2608 524 2644 omnium
559 2621 580 2644 a
617 2621 702 2645 vera
741 2607 882 2644 Christi
921 2606 1091 2644 Ecclesia
1120 2607 1295 2652 desectio,
1321 2606 1422 2657 quod
1451 2619 1529 2643 sese
1557 2607 1604 2643 ab
1634 2619 1703 2644 usu

166 2672 388 2723 disciplinae
432 2671 721 2709 Ecclesiasticae
758 2675 889 2708 contra
925 2671 1081 2708 verbum
1118 2671 1189 2709 Dei
1224 2675 1454 2714 exemerunt,
1489 2670 1704 2721 abolitaque

167 2737 358 2774 Ecclesiae
402 2749 467 2786 per
504 2736 679 2774 Seniores
715 2736 866 2774 illarum
902 2735 1178 2785 gubernatione
1212 2740 1324 2786 atque
1353 2748 1430 2772 usu
1465 2735 1517 2772 ita
1555 2735 1704 2773 demum

213 2865 237 2904 ¹)
261 2863 378 2896 Matth.
403 2864 430 2901 5,
456 2864 505 2895 18.
548 2864 649 2895 Marc.
673 2864 701 2895 9.
1024 2863 1051 2903 2)
1078 2864 1093 2894 1
1118 2864 1191 2896 Cor.
1215 2864 1243 2896 6.
