<?xml version="1.0" encoding="UTF-8"?>
<!DOCTYPE html PUBLIC "-//W3C//DTD XHTML 1.0 Transitional//EN"
    "http://www.w3.org/TR/xhtml1/DTD/xhtml1-transitional.dtd">
<html xmlns="http://www.w3.org/1999/xhtml" xml:lang="en" lang="en">
 <head>
  <title>
</title>
<meta http-equiv="Content-Type" content="text/html;charset=utf-8" />
  <meta name='ocr-system' content='tesseract 3.04.00' />
  <meta name='ocr-capabilities' content='ocr_page ocr_carea ocr_par ocr_line ocrx_word'/>
</head>
<body>
  <div class='ocr_page' id='page_1' title='image "./operatameditaqua02lask_0245.png"; bbox 0 0 1830 3147; ppageno 0'>
   <div class='ocr_carea' id='block_1_1' title="bbox 1527 102 1599 141">
    <p class='ocr_par' dir='ltr' id='par_1_1' title="bbox 1527 102 1599 141">
     <span class='ocr_line' id='line_1_1' title="bbox 1527 102 1599 141; baseline 0.056 -4"><span class='ocrx_word' id='word_1_1' title='bbox 1527 102 1599 141; x_wconf 78' lang='grc'>227</span> 
     </span>
    </p>
   </div>
   <div class='ocr_carea' id='block_1_2' title="bbox 62 212 1630 2967">
    <p class='ocr_par' dir='ltr' id='par_1_2' title="bbox 62 212 1596 393">
     <span class='ocr_line' id='line_1_2' title="bbox 65 212 1596 265; baseline -0.002 -13"><span class='ocrx_word' id='word_1_2' title='bbox 65 213 190 252; x_wconf 89' lang='lat' dir='ltr'>nidem</span> <span class='ocrx_word' id='word_1_3' title='bbox 229 213 406 265; x_wconf 85' lang='lat' dir='ltr'><strong>erupisse,</strong></span> <span class='ocrx_word' id='word_1_4' title='bbox 441 216 477 250; x_wconf 90' lang='lat' dir='ltr'>et</span> <span class='ocrx_word' id='word_1_5' title='bbox 514 216 655 263; x_wconf 77' lang='lat' dir='ltr'>pugnat</span> <span class='ocrx_word' id='word_1_6' title='bbox 691 217 880 263; x_wconf 81' lang='lat' dir='ltr'>praeterea</span> <span class='ocrx_word' id='word_1_7' title='bbox 918 212 1009 249; x_wconf 87' lang='lat' dir='ltr'>haec</span> <span class='ocrx_word' id='word_1_8' title='bbox 1044 212 1130 249; x_wconf 87' lang='lat' dir='ltr'>talis</span> <span class='ocrx_word' id='word_1_9' title='bbox 1167 212 1437 261; x_wconf 80' lang='lat' dir='ltr'>gubernandae</span> <span class='ocrx_word' id='word_1_10' title='bbox 1463 212 1596 249; x_wconf 89' lang='lat' dir='ltr'>Eccle-</span> 
     </span>
     <span class='ocr_line' id='line_1_3' title="bbox 63 276 1596 327; baseline -0.002 -11"><span class='ocrx_word' id='word_1_11' title='bbox 63 279 139 316; x_wconf 84' lang='lat' dir='ltr'>siae</span> <span class='ocrx_word' id='word_1_12' title='bbox 178 277 277 316; x_wconf 88' lang='lat' dir='ltr'>inter</span> <span class='ocrx_word' id='word_1_13' title='bbox 314 276 513 315; x_wconf 89' lang='lat' dir='ltr'>Ministros</span> <span class='ocrx_word' id='word_1_14' title='bbox 549 276 645 314; x_wconf 88' lang='lat' dir='ltr'>ratio</span> <span class='ocrx_word' id='word_1_15' title='bbox 684 289 765 314; x_wconf 87' lang='lat' dir='ltr'>cum</span> <span class='ocrx_word' id='word_1_16' title='bbox 804 276 945 314; x_wconf 82' lang='lat' dir='ltr'>Christi</span> <span class='ocrx_word' id='word_1_17' title='bbox 980 276 1099 327; x_wconf 87' lang='lat' dir='ltr'>ipsius</span> <span class='ocrx_word' id='word_1_18' title='bbox 1135 276 1288 327; x_wconf 88' lang='lat' dir='ltr'>eiusque</span> <span class='ocrx_word' id='word_1_19' title='bbox 1324 277 1596 327; x_wconf 83' lang='lat' dir='ltr'>Apostolorum</span> 
     </span>
     <span class='ocr_line' id='line_1_4' title="bbox 62 341 672 393; baseline 0 -13"><span class='ocrx_word' id='word_1_20' title='bbox 62 343 234 381; x_wconf 88' lang='lat' dir='ltr'>doctrina</span> <span class='ocrx_word' id='word_1_21' title='bbox 263 346 372 393; x_wconf 85' lang='lat' dir='ltr'>atque</span> <span class='ocrx_word' id='word_1_22' title='bbox 400 341 672 380; x_wconf 87' lang='lat' dir='ltr'>observatione.</span> 
     </span>
    </p>

    <p class='ocr_par' dir='ltr' id='par_1_3' title="bbox 63 405 1602 1092">
     <span class='ocr_line' id='line_1_5' title="bbox 115 405 1598 456; baseline -0.003 -10"><span class='ocrx_word' id='word_1_23' title='bbox 115 408 261 446; x_wconf 84' lang='lat' dir='ltr'>Deinde</span> <span class='ocrx_word' id='word_1_24' title='bbox 297 406 479 451; x_wconf 86' lang='lat' dir='ltr'>Ministri,</span> <span class='ocrx_word' id='word_1_25' title='bbox 514 406 688 445; x_wconf 88' lang='lat' dir='ltr'>Seniores</span> <span class='ocrx_word' id='word_1_26' title='bbox 725 411 762 444; x_wconf 90' lang='lat' dir='ltr'>et</span> <span class='ocrx_word' id='word_1_27' title='bbox 798 406 960 445; x_wconf 89' lang='lat' dir='ltr'>Diaconi</span> <span class='ocrx_word' id='word_1_28' title='bbox 996 418 1139 451; x_wconf 88' lang='lat' dir='ltr'>omnes,</span> <span class='ocrx_word' id='word_1_29' title='bbox 1166 405 1230 443; x_wconf 87' lang='lat' dir='ltr'>alii</span> <span class='ocrx_word' id='word_1_30' title='bbox 1258 419 1325 456; x_wconf 89' lang='lat' dir='ltr'>pro</span> <span class='ocrx_word' id='word_1_31' title='bbox 1354 406 1439 444; x_wconf 85' lang='lat' dir='ltr'>aliis</span> <span class='ocrx_word' id='word_1_32' title='bbox 1468 405 1598 443; x_wconf 90' lang='lat' dir='ltr'>sedulo</span> 
     </span>
     <span class='ocr_line' id='line_1_6' title="bbox 65 470 1599 523; baseline -0.003 -12"><span class='ocrx_word' id='word_1_33' title='bbox 65 477 152 511; x_wconf 89' lang='lat' dir='ltr'>sunt</span> <span class='ocrx_word' id='word_1_34' title='bbox 197 472 350 511; x_wconf 81' lang='lat' dir='ltr'>solliciti</span> <span class='ocrx_word' id='word_1_35' title='bbox 395 471 532 523; x_wconf 91' lang='lat' dir='ltr'>aliique</span> <span class='ocrx_word' id='word_1_36' title='bbox 569 472 726 509; x_wconf 88' lang='lat' dir='ltr'>aliorum</span> <span class='ocrx_word' id='word_1_37' title='bbox 771 472 868 509; x_wconf 89' lang='lat' dir='ltr'>inter</span> <span class='ocrx_word' id='word_1_38' title='bbox 908 484 987 509; x_wconf 90' lang='lat' dir='ltr'>sese</span> <span class='ocrx_word' id='word_1_39' title='bbox 1033 484 1157 508; x_wconf 87' lang='lat' dir='ltr'>curam</span> <span class='ocrx_word' id='word_1_40' title='bbox 1202 470 1242 508; x_wconf 90' lang='lat' dir='ltr'>in</span> <span class='ocrx_word' id='word_1_41' title='bbox 1288 484 1330 508; x_wconf 88' lang='lat' dir='ltr'>eo</span> <span class='ocrx_word' id='word_1_42' title='bbox 1375 471 1599 522; x_wconf 85' lang='lat' dir='ltr'>peculiarem</span> 
     </span>
     <span class='ocr_line' id='line_1_7' title="bbox 65 535 1599 588; baseline -0.001 -13"><span class='ocrx_word' id='word_1_43' title='bbox 65 537 217 583; x_wconf 90' lang='lat' dir='ltr'>habent,</span> <span class='ocrx_word' id='word_1_44' title='bbox 244 542 297 583; x_wconf 89' lang='lat' dir='ltr'>ut,</span> <span class='ocrx_word' id='word_1_45' title='bbox 325 536 356 574; x_wconf 85' lang='lat' dir='ltr'>si</span> <span class='ocrx_word' id='word_1_46' title='bbox 383 537 545 588; x_wconf 79' lang='lat' dir='ltr'>aliquem</span> <span class='ocrx_word' id='word_1_47' title='bbox 572 537 671 575; x_wconf 85' lang='lat' dir='ltr'>inter</span> <span class='ocrx_word' id='word_1_48' title='bbox 699 551 737 575; x_wconf 89' lang='lat' dir='ltr'>se</span> <span class='ocrx_word' id='word_1_49' title='bbox 764 536 915 574; x_wconf 87' lang='lat' dir='ltr'>videant</span> <span class='ocrx_word' id='word_1_50' title='bbox 940 536 979 574; x_wconf 90' lang='lat' dir='ltr'>in</span> <span class='ocrx_word' id='word_1_51' title='bbox 1006 536 1242 587; x_wconf 79' lang='lat' dir='ltr'>praestandis</span> <span class='ocrx_word' id='word_1_52' title='bbox 1271 535 1348 573; x_wconf 89' lang='lat' dir='ltr'>suis</span> <span class='ocrx_word' id='word_1_53' title='bbox 1376 536 1505 574; x_wconf 88' lang='lat' dir='ltr'>officiis</span> <span class='ocrx_word' id='word_1_54' title='bbox 1534 549 1599 574; x_wconf 91' lang='lat' dir='ltr'>ne-</span> 
     </span>
     <span class='ocr_line' id='line_1_8' title="bbox 63 600 1599 652; baseline 0 -14"><span class='ocrx_word' id='word_1_55' title='bbox 63 601 327 652; x_wconf 81' lang='lat' dir='ltr'>gligentiorem</span> <span class='ocrx_word' id='word_1_56' title='bbox 353 623 404 630; x_wconf 94' lang='lat'>—</span> <span class='ocrx_word' id='word_1_57' title='bbox 432 602 509 639; x_wconf 89' lang='lat' dir='ltr'>sive</span> <span class='ocrx_word' id='word_1_58' title='bbox 537 601 638 652; x_wconf 88' lang='lat' dir='ltr'>quod</span> <span class='ocrx_word' id='word_1_59' title='bbox 667 602 713 639; x_wconf 86' lang='lat' dir='ltr'>ad</span> <span class='ocrx_word' id='word_1_60' title='bbox 734 601 932 639; x_wconf 86' lang='lat' dir='ltr'>ministerii</span> <span class='ocrx_word' id='word_1_61' title='bbox 953 601 1117 652; x_wconf 89' lang='lat' dir='ltr'>suscepti</span> <span class='ocrx_word' id='word_1_62' title='bbox 1136 601 1382 652; x_wconf 84' lang='lat' dir='ltr'>functionem,</span> <span class='ocrx_word' id='word_1_63' title='bbox 1402 601 1478 639; x_wconf 88' lang='lat' dir='ltr'>sive</span> <span class='ocrx_word' id='word_1_64' title='bbox 1497 600 1599 652; x_wconf 87' lang='lat' dir='ltr'>quod</span> 
     </span>
     <span class='ocr_line' id='line_1_9' title="bbox 64 664 1596 716; baseline 0 -14"><span class='ocrx_word' id='word_1_65' title='bbox 64 665 112 702; x_wconf 91' lang='lat' dir='ltr'>ad</span> <span class='ocrx_word' id='word_1_66' title='bbox 139 664 237 703; x_wconf 86' lang='lat' dir='ltr'>vitae</span> <span class='ocrx_word' id='word_1_67' title='bbox 264 664 407 715; x_wconf 85' lang='lat' dir='ltr'>alioqui</span> <span class='ocrx_word' id='word_1_68' title='bbox 427 665 751 702; x_wconf 81' lang='lat' dir='ltr'>conversationem</span> <span class='ocrx_word' id='word_1_69' title='bbox 772 666 907 702; x_wconf 85' lang='lat' dir='ltr'>attinet</span> <span class='ocrx_word' id='word_1_70' title='bbox 925 687 975 695; x_wconf 83' lang='lat'>-—</span> <span class='ocrx_word' id='word_1_71' title='bbox 990 665 1169 714; x_wconf 82' lang='lat' dir='ltr'>gradibus</span> <span class='ocrx_word' id='word_1_72' title='bbox 1188 665 1487 703; x_wconf 84' lang='lat' dir='ltr'>admonitionum</span> <span class='ocrx_word' id='word_1_73' title='bbox 1509 678 1596 716; x_wconf 86' lang='lat' dir='ltr'>pro-</span> 
     </span>
     <span class='ocr_line' id='line_1_10' title="bbox 66 729 1600 781; baseline 0.001 -15"><span class='ocrx_word' id='word_1_74' title='bbox 66 729 169 766; x_wconf 86' lang='lat' dir='ltr'>tinus</span> <span class='ocrx_word' id='word_1_75' title='bbox 205 729 304 780; x_wconf 86' lang='lat' dir='ltr'>apud</span> <span class='ocrx_word' id='word_1_76' title='bbox 343 729 450 766; x_wconf 90' lang='lat' dir='ltr'>illum</span> <span class='ocrx_word' id='word_1_77' title='bbox 479 733 645 768; x_wconf 87' lang='lat' dir='ltr'>utantur.</span> <span class='ocrx_word' id='word_1_78' title='bbox 701 732 934 780; x_wconf 88' lang='lat' dir='ltr'>Caveturque</span> <span class='ocrx_word' id='word_1_79' title='bbox 961 729 1084 767; x_wconf 83' lang='lat' dir='ltr'>modis</span> <span class='ocrx_word' id='word_1_80' title='bbox 1113 729 1301 776; x_wconf 87' lang='lat' dir='ltr'>omnibus,</span> <span class='ocrx_word' id='word_1_81' title='bbox 1330 743 1376 767; x_wconf 89' lang='lat' dir='ltr'>ne</span> <span class='ocrx_word' id='word_1_82' title='bbox 1404 731 1600 781; x_wconf 88' lang='lat' dir='ltr'>quisquam</span> 
     </span>
     <span class='ocr_line' id='line_1_11' title="bbox 66 791 1600 844; baseline 0.001 -15"><span class='ocrx_word' id='word_1_83' title='bbox 66 805 85 829; x_wconf 88' lang='lat' dir='ltr'>e</span> <span class='ocrx_word' id='word_1_84' title='bbox 123 791 385 830; x_wconf 88' lang='lat' dir='ltr'>Ministrorum</span> <span class='ocrx_word' id='word_1_85' title='bbox 424 792 591 830; x_wconf 90' lang='lat' dir='ltr'>omnium</span> <span class='ocrx_word' id='word_1_86' title='bbox 632 796 737 830; x_wconf 89' lang='lat' dir='ltr'>coetu</span> <span class='ocrx_word' id='word_1_87' title='bbox 776 806 796 830; x_wconf 90' lang='lat' dir='ltr'>a</span> <span class='ocrx_word' id='word_1_88' title='bbox 824 793 968 844; x_wconf 85' lang='lat' dir='ltr'>reliqua</span> <span class='ocrx_word' id='word_1_89' title='bbox 1008 792 1191 838; x_wconf 79' lang='lat' dir='ltr'>Ecclesia,</span> <span class='ocrx_word' id='word_1_90' title='bbox 1217 796 1282 830; x_wconf 89' lang='lat' dir='ltr'>aut</span> <span class='ocrx_word' id='word_1_91' title='bbox 1310 793 1506 844; x_wconf 81' lang='lat' dir='ltr'>quibusvis</span> <span class='ocrx_word' id='word_1_92' title='bbox 1535 793 1600 829; x_wconf 88' lang='lat' dir='ltr'>ad-</span> 
     </span>
     <span class='ocr_line' id='line_1_12' title="bbox 67 855 1600 907; baseline -0.001 -15"><span class='ocrx_word' id='word_1_93' title='bbox 67 855 243 893; x_wconf 81' lang='lat' dir='ltr'>versariis</span> <span class='ocrx_word' id='word_1_94' title='bbox 270 855 439 902; x_wconf 86' lang='lat' dir='ltr'>omnino,</span> <span class='ocrx_word' id='word_1_95' title='bbox 465 855 578 893; x_wconf 88' lang='lat' dir='ltr'>ullius</span> <span class='ocrx_word' id='word_1_96' title='bbox 606 855 660 892; x_wconf 89' lang='lat' dir='ltr'>rei</span> <span class='ocrx_word' id='word_1_97' title='bbox 687 855 820 893; x_wconf 88' lang='lat' dir='ltr'>merito</span> <span class='ocrx_word' id='word_1_98' title='bbox 847 858 958 904; x_wconf 82' lang='lat'>(514)</span> <span class='ocrx_word' id='word_1_99' title='bbox 986 856 1111 894; x_wconf 90' lang='lat' dir='ltr'>notari</span> <span class='ocrx_word' id='word_1_100' title='bbox 1139 856 1355 894; x_wconf 88' lang='lat' dir='ltr'>accusarive</span> <span class='ocrx_word' id='word_1_101' title='bbox 1381 855 1514 907; x_wconf 81' lang='lat' dir='ltr'>possit,</span> <span class='ocrx_word' id='word_1_102' title='bbox 1541 855 1600 892; x_wconf 90' lang='lat' dir='ltr'>cui</span> 
     </span>
     <span class='ocr_line' id='line_1_13' title="bbox 66 916 1602 969; baseline 0 -15"><span class='ocrx_word' id='word_1_103' title='bbox 66 929 144 954; x_wconf 89' lang='lat' dir='ltr'>non</span> <span class='ocrx_word' id='word_1_104' title='bbox 179 916 254 954; x_wconf 90' lang='lat' dir='ltr'>iam</span> <span class='ocrx_word' id='word_1_105' title='bbox 292 921 400 955; x_wconf 88' lang='lat' dir='ltr'>antea</span> <span class='ocrx_word' id='word_1_106' title='bbox 437 917 580 968; x_wconf 83' lang='lat' dir='ltr'>alioqui</span> <span class='ocrx_word' id='word_1_107' title='bbox 622 917 829 955; x_wconf 89' lang='lat' dir='ltr'>remedium</span> <span class='ocrx_word' id='word_1_108' title='bbox 871 918 970 955; x_wconf 90' lang='lat' dir='ltr'>inter</span> <span class='ocrx_word' id='word_1_109' title='bbox 1014 918 1214 956; x_wconf 89' lang='lat' dir='ltr'>Ministros</span> <span class='ocrx_word' id='word_1_110' title='bbox 1250 918 1352 969; x_wconf 87' lang='lat' dir='ltr'>ipsos</span> <span class='ocrx_word' id='word_1_111' title='bbox 1390 917 1602 956; x_wconf 77' lang='lat' dir='ltr'>adhibitum</span> 
     </span>
     <span class='ocr_line' id='line_1_14' title="bbox 67 978 1602 1031; baseline 0.001 -15"><span class='ocrx_word' id='word_1_112' title='bbox 67 978 183 1017; x_wconf 89' lang='lat' dir='ltr'>fuisse</span> <span class='ocrx_word' id='word_1_113' title='bbox 213 983 371 1024; x_wconf 85' lang='lat' dir='ltr'>constet,</span> <span class='ocrx_word' id='word_1_114' title='bbox 399 979 475 1017; x_wconf 90' lang='lat' dir='ltr'>sive</span> <span class='ocrx_word' id='word_1_115' title='bbox 502 993 568 1030; x_wconf 89' lang='lat' dir='ltr'>per</span> <span class='ocrx_word' id='word_1_116' title='bbox 594 979 761 1030; x_wconf 88' lang='lat' dir='ltr'>privatas</span> <span class='ocrx_word' id='word_1_117' title='bbox 790 980 901 1017; x_wconf 87' lang='lat' dir='ltr'>unius</span> <span class='ocrx_word' id='word_1_118' title='bbox 929 980 1027 1031; x_wconf 89' lang='lat' dir='ltr'>apud</span> <span class='ocrx_word' id='word_1_119' title='bbox 1055 981 1225 1027; x_wconf 87' lang='lat' dir='ltr'>alterum,</span> <span class='ocrx_word' id='word_1_120' title='bbox 1255 980 1332 1018; x_wconf 91' lang='lat' dir='ltr'>sive</span> <span class='ocrx_word' id='word_1_121' title='bbox 1350 993 1415 1031; x_wconf 90' lang='lat' dir='ltr'>per</span> <span class='ocrx_word' id='word_1_122' title='bbox 1433 980 1602 1031; x_wconf 88' lang='lat' dir='ltr'>publicas</span> 
     </span>
     <span class='ocr_line' id='line_1_15' title="bbox 64 1040 756 1092; baseline 0.001 -14"><span class='ocrx_word' id='word_1_123' title='bbox 64 1040 104 1079; x_wconf 90' lang='lat' dir='ltr'>in</span> <span class='ocrx_word' id='word_1_124' title='bbox 135 1044 241 1079; x_wconf 90' lang='lat' dir='ltr'>coetu</span> <span class='ocrx_word' id='word_1_125' title='bbox 269 1041 436 1092; x_wconf 88' lang='lat' dir='ltr'>ipsorum</span> <span class='ocrx_word' id='word_1_126' title='bbox 465 1041 756 1080; x_wconf 80' lang='lat' dir='ltr'>admonitiones.</span> 
     </span>
    </p>

    <p class='ocr_par' dir='ltr' id='par_1_4' title="bbox 67 1102 1630 2393">
     <span class='ocr_line' id='line_1_16' title="bbox 117 1102 1606 1155; baseline 0.001 -15"><span class='ocrx_word' id='word_1_127' title='bbox 117 1102 310 1141; x_wconf 89' lang='lat' dir='ltr'>Postremo</span> <span class='ocrx_word' id='word_1_128' title='bbox 345 1103 459 1140; x_wconf 87' lang='lat' dir='ltr'>iidem</span> <span class='ocrx_word' id='word_1_129' title='bbox 496 1103 608 1140; x_wconf 87' lang='lat' dir='ltr'>etiam</span> <span class='ocrx_word' id='word_1_130' title='bbox 647 1103 817 1140; x_wconf 88' lang='lat' dir='ltr'>Ministri</span> <span class='ocrx_word' id='word_1_131' title='bbox 853 1106 889 1141; x_wconf 91' lang='lat' dir='ltr'>et</span> <span class='ocrx_word' id='word_1_132' title='bbox 926 1103 1101 1141; x_wconf 87' lang='lat' dir='ltr'>Seniores</span> <span class='ocrx_word' id='word_1_133' title='bbox 1137 1104 1376 1155; x_wconf 87' lang='lat' dir='ltr'>potissimum</span> <span class='ocrx_word' id='word_1_134' title='bbox 1414 1104 1606 1152; x_wconf 73' lang='lat' dir='ltr'>Ecclesiae</span> 
     </span>
     <span class='ocr_line' id='line_1_17' title="bbox 70 1169 1610 1221; baseline 0 -15"><span class='ocrx_word' id='word_1_135' title='bbox 70 1182 199 1207; x_wconf 87' lang='lat' dir='ltr'>omnes</span> <span class='ocrx_word' id='word_1_136' title='bbox 236 1169 275 1206; x_wconf 89' lang='lat' dir='ltr'>in</span> <span class='ocrx_word' id='word_1_137' title='bbox 313 1169 386 1207; x_wconf 95' lang='lat' dir='ltr'>hoc</span> <span class='ocrx_word' id='word_1_138' title='bbox 421 1169 494 1207; x_wconf 90' lang='lat' dir='ltr'>toti</span> <span class='ocrx_word' id='word_1_139' title='bbox 522 1169 740 1220; x_wconf 86' lang='lat' dir='ltr'>assiduique</span> <span class='ocrx_word' id='word_1_140' title='bbox 769 1174 869 1216; x_wconf 91' lang='lat' dir='ltr'>sunt,</span> <span class='ocrx_word' id='word_1_141' title='bbox 895 1174 938 1207; x_wconf 89' lang='lat' dir='ltr'>ut</span> <span class='ocrx_word' id='word_1_142' title='bbox 966 1170 1062 1207; x_wconf 85' lang='grc'>1111111</span> <span class='ocrx_word' id='word_1_143' title='bbox 1100 1170 1254 1208; x_wconf 87' lang='lat' dir='ltr'>omnino</span> <span class='ocrx_word' id='word_1_144' title='bbox 1289 1171 1610 1221; x_wconf 81' lang='lat' dir='ltr'>praetermittatur</span> 
     </span>
     <span class='ocr_line' id='line_1_18' title="bbox 67 1234 1608 1287; baseline 0.001 -15"><span class='ocrx_word' id='word_1_145' title='bbox 67 1234 164 1286; x_wconf 90' lang='lat' dir='ltr'>apud</span> <span class='ocrx_word' id='word_1_146' title='bbox 205 1238 324 1273; x_wconf 80' lang='lat' dir='ltr'>totam</span> <span class='ocrx_word' id='word_1_147' title='bbox 359 1235 581 1280; x_wconf 83' lang='lat' dir='ltr'>Ecclesiam,</span> <span class='ocrx_word' id='word_1_148' title='bbox 617 1235 719 1286; x_wconf 89' lang='lat' dir='ltr'>quod</span> <span class='ocrx_word' id='word_1_149' title='bbox 755 1235 800 1272; x_wconf 88' lang='lat' dir='ltr'>ad</span> <span class='ocrx_word' id='word_1_150' title='bbox 839 1235 1137 1286; x_wconf 87' lang='lat' dir='ltr'>promovendum</span> <span class='ocrx_word' id='word_1_151' title='bbox 1174 1236 1458 1287; x_wconf 84' lang='lat' dir='ltr'>urgendumque</span> <span class='ocrx_word' id='word_1_152' title='bbox 1486 1236 1608 1273; x_wconf 87' lang='lat' dir='ltr'>modis</span> 
     </span>
     <span class='ocr_line' id='line_1_19' title="bbox 69 1300 1609 1352; baseline 0.001 -15"><span class='ocrx_word' id='word_1_153' title='bbox 69 1300 245 1338; x_wconf 89' lang='lat' dir='ltr'>omnibus</span> <span class='ocrx_word' id='word_1_154' title='bbox 301 1300 521 1352; x_wconf 88' lang='lat' dir='ltr'>disciplinae</span> <span class='ocrx_word' id='word_1_155' title='bbox 557 1314 667 1338; x_wconf 90' lang='lat' dir='ltr'>usum</span> <span class='ocrx_word' id='word_1_156' title='bbox 704 1300 892 1352; x_wconf 90' lang='lat' dir='ltr'>pertinere</span> <span class='ocrx_word' id='word_1_157' title='bbox 928 1314 1081 1352; x_wconf 90' lang='lat' dir='ltr'>quoquo</span> <span class='ocrx_word' id='word_1_158' title='bbox 1117 1302 1230 1339; x_wconf 80' lang='lat' dir='ltr'>inodo</span> <span class='ocrx_word' id='word_1_159' title='bbox 1267 1301 1408 1348; x_wconf 85' lang='lat' dir='ltr'>vident,</span> <span class='ocrx_word' id='word_1_160' title='bbox 1444 1301 1609 1351; x_wconf 81' lang='lat' dir='ltr'>dantque</span> 
     </span>
     <span class='ocr_line' id='line_1_20' title="bbox 68 1366 1610 1417; baseline 0 -14"><span class='ocrx_word' id='word_1_161' title='bbox 68 1379 217 1404; x_wconf 89' lang='lat' dir='ltr'>omnem</span> <span class='ocrx_word' id='word_1_162' title='bbox 254 1379 418 1417; x_wconf 85' lang='lat' dir='ltr'>operam,</span> <span class='ocrx_word' id='word_1_163' title='bbox 454 1379 500 1404; x_wconf 92' lang='lat' dir='ltr'>ne</span> <span class='ocrx_word' id='word_1_164' title='bbox 536 1366 626 1417; x_wconf 87' lang='lat' dir='ltr'>quid</span> <span class='ocrx_word' id='word_1_165' title='bbox 663 1366 703 1404; x_wconf 89' lang='lat' dir='ltr'>in</span> <span class='ocrx_word' id='word_1_166' title='bbox 739 1366 900 1404; x_wconf 84' lang='lat' dir='ltr'>fratrum</span> <span class='ocrx_word' id='word_1_167' title='bbox 937 1367 1104 1405; x_wconf 87' lang='lat' dir='ltr'>omnium</span> <span class='ocrx_word' id='word_1_168' title='bbox 1143 1367 1182 1405; x_wconf 91' lang='lat' dir='ltr'>in</span> <span class='ocrx_word' id='word_1_169' title='bbox 1220 1367 1389 1405; x_wconf 85' lang='lat' dir='ltr'>Ecclesia</span> <span class='ocrx_word' id='word_1_170' title='bbox 1427 1367 1610 1417; x_wconf 83' lang='lat' dir='ltr'>lapsibus,</span> 
     </span>
     <span class='ocr_line' id='line_1_21' title="bbox 68 1432 1609 1484; baseline 0.001 -14"><span class='ocrx_word' id='word_1_171' title='bbox 68 1436 132 1470; x_wconf 90' lang='lat' dir='ltr'>aut</span> <span class='ocrx_word' id='word_1_172' title='bbox 168 1432 254 1471; x_wconf 92' lang='lat' dir='ltr'>odio</span> <span class='ocrx_word' id='word_1_173' title='bbox 284 1433 504 1484; x_wconf 87' lang='lat' dir='ltr'>cuiusquam</span> <span class='ocrx_word' id='word_1_174' title='bbox 531 1437 783 1484; x_wconf 79' lang='lat' dir='ltr'>exasperetur,</span> <span class='ocrx_word' id='word_1_175' title='bbox 812 1438 877 1471; x_wconf 89' lang='lat' dir='ltr'>aut</span> <span class='ocrx_word' id='word_1_176' title='bbox 904 1447 1053 1472; x_wconf 90' lang='lat' dir='ltr'>rursum</span> <span class='ocrx_word' id='word_1_177' title='bbox 1082 1448 1208 1472; x_wconf 85' lang='lat' dir='ltr'>amore</span> <span class='ocrx_word' id='word_1_178' title='bbox 1237 1435 1312 1472; x_wconf 92' lang='lat' dir='ltr'>ullo</span> <span class='ocrx_word' id='word_1_179' title='bbox 1342 1434 1609 1479; x_wconf 86' lang='lat' dir='ltr'>dissimuletur,</span> 
     </span>
     <span class='ocr_line' id='line_1_22' title="bbox 68 1496 1608 1548; baseline 0.001 -14"><span class='ocrx_word' id='word_1_180' title='bbox 68 1498 106 1535; x_wconf 88' lang='lat' dir='ltr'>in</span> <span class='ocrx_word' id='word_1_181' title='bbox 143 1497 324 1535; x_wconf 82' lang='lat' dir='ltr'>faciendis</span> <span class='ocrx_word' id='word_1_182' title='bbox 361 1496 633 1548; x_wconf 86' lang='lat' dir='ltr'>recipiendisve</span> <span class='ocrx_word' id='word_1_183' title='bbox 669 1498 1007 1545; x_wconf 84' lang='lat' dir='ltr'>admonitionibus,</span> <span class='ocrx_word' id='word_1_184' title='bbox 1045 1499 1107 1536; x_wconf 86' lang='lat' dir='ltr'>sed</span> <span class='ocrx_word' id='word_1_185' title='bbox 1145 1504 1186 1536; x_wconf 88' lang='lat' dir='ltr'>ut</span> <span class='ocrx_word' id='word_1_186' title='bbox 1215 1512 1343 1536; x_wconf 84' lang='lat' dir='ltr'>omues</span> <span class='ocrx_word' id='word_1_187' title='bbox 1372 1499 1539 1536; x_wconf 85' lang='lat' dir='ltr'>omnium</span> <span class='ocrx_word' id='word_1_188' title='bbox 1569 1499 1608 1536; x_wconf 91' lang='lat' dir='ltr'>in</span> 
     </span>
     <span class='ocr_line' id='line_1_23' title="bbox 69 1562 1608 1602; baseline 0 -3"><span class='ocrx_word' id='word_1_189' title='bbox 69 1562 239 1600; x_wconf 84' lang='lat' dir='ltr'>Ecclesia</span> <span class='ocrx_word' id='word_1_190' title='bbox 277 1563 434 1602; x_wconf 84' lang='lat' dir='ltr'>fratrum</span> <span class='ocrx_word' id='word_1_191' title='bbox 473 1563 751 1601; x_wconf 83' lang='lat' dir='ltr'>admonitiones</span> <span class='ocrx_word' id='word_1_192' title='bbox 787 1564 1038 1601; x_wconf 80' lang='lat' dir='ltr'>instituantur</span> <span class='ocrx_word' id='word_1_193' title='bbox 1074 1564 1112 1601; x_wconf 88' lang='lat' dir='ltr'>in</span> <span class='ocrx_word' id='word_1_194' title='bbox 1152 1564 1334 1602; x_wconf 81' lang='lat' dir='ltr'>charitate</span> <span class='ocrx_word' id='word_1_195' title='bbox 1379 1568 1415 1601; x_wconf 87' lang='lat' dir='ltr'>et</span> <span class='ocrx_word' id='word_1_196' title='bbox 1457 1563 1608 1601; x_wconf 78' lang='lat' dir='ltr'>lenitate</span> 
     </span>
     <span class='ocr_line' id='line_1_24' title="bbox 71 1627 1609 1678; baseline -0.001 -14"><span class='ocrx_word' id='word_1_197' title='bbox 71 1627 285 1665; x_wconf 87' lang='lat' dir='ltr'>Christiana</span> <span class='ocrx_word' id='word_1_198' title='bbox 316 1627 395 1665; x_wconf 90' lang='lat' dir='ltr'>sine</span> <span class='ocrx_word' id='word_1_199' title='bbox 421 1627 509 1665; x_wconf 90' lang='lat' dir='ltr'>ullis</span> <span class='ocrx_word' id='word_1_200' title='bbox 538 1628 694 1665; x_wconf 89' lang='lat' dir='ltr'>omnino</span> <span class='ocrx_word' id='word_1_201' title='bbox 722 1628 878 1678; x_wconf 84' lang='lat' dir='ltr'>privatis</span> <span class='ocrx_word' id='word_1_202' title='bbox 908 1628 1102 1666; x_wconf 85' lang='lat' dir='ltr'>affectibus</span> <span class='ocrx_word' id='word_1_203' title='bbox 1133 1628 1254 1665; x_wconf 88' lang='lat' dir='ltr'>ullove</span> <span class='ocrx_word' id='word_1_204' title='bbox 1292 1628 1401 1665; x_wconf 77' lang='lat' dir='ltr'>etiam</span> <span class='ocrx_word' id='word_1_205' title='bbox 1429 1627 1609 1678; x_wconf 86' lang='lat' dir='ltr'>peculiari</span> 
     </span>
     <span class='ocr_line' id='line_1_25' title="bbox 71 1692 1609 1744; baseline 0.001 -15"><span class='ocrx_word' id='word_1_206' title='bbox 71 1696 241 1743; x_wconf 87' lang='lat' dir='ltr'>respectu</span> <span class='ocrx_word' id='word_1_207' title='bbox 278 1705 535 1743; x_wconf 87' lang='lat' dir='ltr'>personarum,</span> <span class='ocrx_word' id='word_1_208' title='bbox 574 1692 887 1744; x_wconf 85' lang='lat' dir='ltr'>quemadmodum</span> <span class='ocrx_word' id='word_1_209' title='bbox 925 1693 963 1730; x_wconf 90' lang='lat' dir='ltr'>id</span> <span class='ocrx_word' id='word_1_210' title='bbox 991 1693 1065 1730; x_wconf 87' lang='lat' dir='ltr'>iam</span> <span class='ocrx_word' id='word_1_211' title='bbox 1095 1697 1204 1730; x_wconf 88' lang='lat' dir='ltr'>antea</span> <span class='ocrx_word' id='word_1_212' title='bbox 1233 1706 1382 1744; x_wconf 86' lang='lat' dir='ltr'>quoque</span> <span class='ocrx_word' id='word_1_213' title='bbox 1410 1693 1447 1730; x_wconf 89' lang='lat' dir='ltr'>in</span> <span class='ocrx_word' id='word_1_214' title='bbox 1478 1697 1609 1744; x_wconf 88' lang='lat' dir='ltr'>quarta</span> 
     </span>
     <span class='ocr_line' id='line_1_26' title="bbox 69 1756 1604 1809; baseline 0.001 -16"><span class='ocrx_word' id='word_1_215' title='bbox 69 1756 314 1794; x_wconf 87' lang='lat' dir='ltr'>adnotatione</span> <span class='ocrx_word' id='word_1_216' title='bbox 352 1770 461 1807; x_wconf 89' lang='lat' dir='ltr'>super</span> <span class='ocrx_word' id='word_1_217' title='bbox 499 1757 719 1808; x_wconf 86' lang='lat' dir='ltr'>disciplinae</span> <span class='ocrx_word' id='word_1_218' title='bbox 757 1757 979 1795; x_wconf 83' lang='lat' dir='ltr'>diffinitione</span> <span class='ocrx_word' id='word_1_219' title='bbox 1025 1758 1252 1809; x_wconf 84' lang='lat' dir='ltr'>explicatum</span> <span class='ocrx_word' id='word_1_220' title='bbox 1301 1758 1472 1802; x_wconf 88' lang='lat' dir='ltr'>habetur,</span> <span class='ocrx_word' id='word_1_221' title='bbox 1517 1771 1604 1808; x_wconf 69' lang='lat' dir='ltr'>pag.</span> 
     </span>
     <span class='ocr_line' id='line_1_27' title="bbox 73 1820 1630 1872; baseline 0.001 -15"><span class='ocrx_word' id='word_1_222' title='bbox 73 1821 145 1861; x_wconf 82' lang='grc'>272</span> <span class='ocrx_word' id='word_1_223' title='bbox 175 1821 301 1870; x_wconf 67' lang='lat' dir='ltr'>(leuius</span> <span class='ocrx_word' id='word_1_224' title='bbox 329 1820 384 1858; x_wconf 85' lang='lat' dir='ltr'>ed.</span> <span class='ocrx_word' id='word_1_225' title='bbox 411 1835 448 1872; x_wconf 87' lang='lat' dir='ltr'>p.</span> <span class='ocrx_word' id='word_1_226' title='bbox 478 1823 583 1869; x_wconf 84' lang='lat'>171).</span> <span class='ocrx_word' id='word_1_227' title='bbox 637 1821 784 1872; x_wconf 88' lang='lat' dir='ltr'>Nempe</span> <span class='ocrx_word' id='word_1_228' title='bbox 812 1826 866 1866; x_wconf 89' lang='lat' dir='ltr'>ut,</span> <span class='ocrx_word' id='word_1_229' title='bbox 904 1822 968 1872; x_wconf 90' lang='lat' dir='ltr'>qui</span> <span class='ocrx_word' id='word_1_230' title='bbox 995 1822 1110 1859; x_wconf 91' lang='lat' dir='ltr'>ullius</span> <span class='ocrx_word' id='word_1_231' title='bbox 1138 1822 1264 1872; x_wconf 87' lang='lat' dir='ltr'>lapsus</span> <span class='ocrx_word' id='word_1_232' title='bbox 1295 1822 1448 1859; x_wconf 90' lang='lat' dir='ltr'>nomine</span> <span class='ocrx_word' id='word_1_233' title='bbox 1477 1822 1630 1859; x_wconf 87' lang='lat' dir='ltr'>admo--</span> 
     </span>
     <span class='ocr_line' id='line_1_28' title="bbox 69 1886 1607 1939; baseline 0.001 -15"><span class='ocrx_word' id='word_1_234' title='bbox 69 1889 218 1933; x_wconf 86' lang='lat' dir='ltr'>nentur,</span> <span class='ocrx_word' id='word_1_235' title='bbox 245 1886 474 1936; x_wconf 77' lang='lat' dir='ltr'>intelligant,</span> <span class='ocrx_word' id='word_1_236' title='bbox 501 1887 596 1925; x_wconf 90' lang='lat' dir='ltr'>nihil</span> <span class='ocrx_word' id='word_1_237' title='bbox 624 1888 724 1939; x_wconf 90' lang='lat' dir='ltr'>apud</span> <span class='ocrx_word' id='word_1_238' title='bbox 753 1902 791 1927; x_wconf 91' lang='lat' dir='ltr'>se</span> <span class='ocrx_word' id='word_1_239' title='bbox 819 1891 928 1938; x_wconf 84' lang='lat'>(515)</span> <span class='ocrx_word' id='word_1_240' title='bbox 956 1889 1059 1926; x_wconf 90' lang='lat' dir='ltr'>aliud</span> <span class='ocrx_word' id='word_1_241' title='bbox 1088 1889 1217 1939; x_wconf 89' lang='lat' dir='ltr'>quaeri</span> <span class='ocrx_word' id='word_1_242' title='bbox 1238 1890 1414 1927; x_wconf 86' lang='lat' dir='ltr'>omnibus</span> <span class='ocrx_word' id='word_1_243' title='bbox 1434 1889 1607 1927; x_wconf 85' lang='lat' dir='ltr'>admoni-</span> 
     </span>
     <span class='ocr_line' id='line_1_29' title="bbox 67 1951 1607 2006; baseline 0.002 -17"><span class='ocrx_word' id='word_1_244' title='bbox 67 1951 238 1990; x_wconf 89' lang='lat' dir='ltr'>tionibus</span> <span class='ocrx_word' id='word_1_245' title='bbox 266 1952 433 1998; x_wconf 82' lang='lat' dir='ltr'>omniuo,</span> <span class='ocrx_word' id='word_1_246' title='bbox 460 1967 572 2004; x_wconf 89' lang='lat' dir='ltr'>quam</span> <span class='ocrx_word' id='word_1_247' title='bbox 601 1967 705 1991; x_wconf 88' lang='lat' dir='ltr'>suam</span> <span class='ocrx_word' id='word_1_248' title='bbox 732 1954 1030 2005; x_wconf 87' lang='lat' dir='ltr'>resipiscentiam</span> <span class='ocrx_word' id='word_1_249' title='bbox 1059 1956 1192 2006; x_wconf 90' lang='lat' dir='ltr'>suique</span> <span class='ocrx_word' id='word_1_250' title='bbox 1231 1955 1532 1993; x_wconf 88' lang='lat' dir='ltr'>lucrifactionem</span> <span class='ocrx_word' id='word_1_251' title='bbox 1561 1955 1607 1992; x_wconf 88' lang='lat' dir='ltr'>ad</span> 
     </span>
     <span class='ocr_line' id='line_1_30' title="bbox 72 2016 1609 2070; baseline 0.003 -17"><span class='ocrx_word' id='word_1_252' title='bbox 72 2016 186 2054; x_wconf 89' lang='lat' dir='ltr'>vitam</span> <span class='ocrx_word' id='word_1_253' title='bbox 233 2021 435 2064; x_wconf 87' lang='lat' dir='ltr'>aeternam,</span> <span class='ocrx_word' id='word_1_254' title='bbox 480 2031 592 2068; x_wconf 87' lang='lat' dir='ltr'>reque</span> <span class='ocrx_word' id='word_1_255' title='bbox 630 2019 711 2069; x_wconf 86' lang='lat' dir='ltr'>ipsa</span> <span class='ocrx_word' id='word_1_256' title='bbox 757 2019 921 2064; x_wconf 89' lang='lat' dir='ltr'>videant,</span> <span class='ocrx_word' id='word_1_257' title='bbox 966 2020 1048 2057; x_wconf 88' lang='lat' dir='ltr'>illas</span> <span class='ocrx_word' id='word_1_258' title='bbox 1094 2032 1171 2057; x_wconf 92' lang='lat' dir='ltr'>non</span> <span class='ocrx_word' id='word_1_259' title='bbox 1216 2020 1380 2066; x_wconf 81' lang='lat' dir='ltr'>aliunde,</span> <span class='ocrx_word' id='word_1_260' title='bbox 1415 2033 1524 2070; x_wconf 89' lang='lat' dir='ltr'>quam</span> <span class='ocrx_word' id='word_1_261' title='bbox 1564 2033 1609 2057; x_wconf 81' lang='lat' dir='ltr'>ex</span> 
     </span>
     <span class='ocr_line' id='line_1_31' title="bbox 71 2084 1607 2136; baseline 0.003 -18"><span class='ocrx_word' id='word_1_262' title='bbox 71 2093 174 2119; x_wconf 85' lang='lat' dir='ltr'>mero</span> <span class='ocrx_word' id='word_1_263' title='bbox 211 2095 336 2120; x_wconf 88' lang='lat' dir='ltr'>amore</span> <span class='ocrx_word' id='word_1_264' title='bbox 372 2096 416 2121; x_wconf 86' lang='lat' dir='ltr'>ae</span> <span class='ocrx_word' id='word_1_265' title='bbox 450 2084 575 2121; x_wconf 89' lang='lat' dir='ltr'>studio</span> <span class='ocrx_word' id='word_1_266' title='bbox 614 2097 652 2121; x_wconf 91' lang='lat' dir='ltr'>se</span> <span class='ocrx_word' id='word_1_267' title='bbox 679 2085 942 2122; x_wconf 87' lang='lat' dir='ltr'>lucrifaciendi</span> <span class='ocrx_word' id='word_1_268' title='bbox 971 2089 1005 2123; x_wconf 89' lang='lat' dir='ltr'>et</span> <span class='ocrx_word' id='word_1_269' title='bbox 1042 2098 1087 2122; x_wconf 87' lang='lat' dir='ltr'>ex</span> <span class='ocrx_word' id='word_1_270' title='bbox 1123 2086 1267 2136; x_wconf 81' lang='lat' dir='ltr'>peccati</span> <span class='ocrx_word' id='word_1_271' title='bbox 1305 2085 1607 2124; x_wconf 85' lang='lat' dir='ltr'>condolescentia</span> 
     </span>
     <span class='ocr_line' id='line_1_32' title="bbox 73 2147 1606 2201; baseline 0.003 -18"><span class='ocrx_word' id='word_1_272' title='bbox 73 2159 116 2184; x_wconf 89' lang='lat' dir='ltr'>ac</span> <span class='ocrx_word' id='word_1_273' title='bbox 153 2147 477 2186; x_wconf 82' lang='lat' dir='ltr'>commiseratione</span> <span class='ocrx_word' id='word_1_274' title='bbox 512 2148 722 2199; x_wconf 88' lang='lat' dir='ltr'>provenire.</span> <span class='ocrx_word' id='word_1_275' title='bbox 777 2149 949 2200; x_wconf 85' lang='lat' dir='ltr'>Denique</span> <span class='ocrx_word' id='word_1_276' title='bbox 977 2154 1018 2188; x_wconf 91' lang='lat' dir='ltr'>ut</span> <span class='ocrx_word' id='word_1_277' title='bbox 1045 2151 1085 2188; x_wconf 90' lang='lat' dir='ltr'>in</span> <span class='ocrx_word' id='word_1_278' title='bbox 1115 2151 1226 2189; x_wconf 88' lang='lat' dir='ltr'>corde</span> <span class='ocrx_word' id='word_1_279' title='bbox 1252 2151 1324 2201; x_wconf 88' lang='lat' dir='ltr'>ipsi</span> <span class='ocrx_word' id='word_1_280' title='bbox 1353 2164 1419 2188; x_wconf 92' lang='lat' dir='ltr'>suo</span> <span class='ocrx_word' id='word_1_281' title='bbox 1449 2151 1606 2188; x_wconf 89' lang='lat' dir='ltr'>convin-</span> 
     </span>
     <span class='ocr_line' id='line_1_33' title="bbox 72 2212 1608 2267; baseline 0.003 -19"><span class='ocrx_word' id='word_1_282' title='bbox 72 2215 217 2259; x_wconf 88' lang='lat' dir='ltr'>cantur,</span> <span class='ocrx_word' id='word_1_283' title='bbox 246 2212 320 2250; x_wconf 90' lang='lat' dir='ltr'>alio</span> <span class='ocrx_word' id='word_1_284' title='bbox 348 2226 424 2251; x_wconf 92' lang='lat' dir='ltr'>non</span> <span class='ocrx_word' id='word_1_285' title='bbox 455 2217 622 2264; x_wconf 89' lang='lat' dir='ltr'>spectare</span> <span class='ocrx_word' id='word_1_286' title='bbox 648 2218 770 2252; x_wconf 85' lang='lat' dir='ltr'>totum</span> <span class='ocrx_word' id='word_1_287' title='bbox 798 2215 1018 2266; x_wconf 78' lang='lat' dir='ltr'>disciplinae</span> <span class='ocrx_word' id='word_1_288' title='bbox 1045 2229 1165 2262; x_wconf 87' lang='lat' dir='ltr'>usum,</span> <span class='ocrx_word' id='word_1_289' title='bbox 1195 2230 1306 2267; x_wconf 88' lang='lat' dir='ltr'>quam</span> <span class='ocrx_word' id='word_1_290' title='bbox 1333 2220 1376 2253; x_wconf 92' lang='lat' dir='ltr'>ut</span> <span class='ocrx_word' id='word_1_291' title='bbox 1394 2216 1515 2265; x_wconf 78' lang='lat' dir='ltr'>gloria</span> <span class='ocrx_word' id='word_1_292' title='bbox 1538 2215 1608 2253; x_wconf 89' lang='lat' dir='ltr'>Dei</span> 
     </span>
     <span class='ocr_line' id='line_1_34' title="bbox 72 2276 1608 2331; baseline 0.003 -18"><span class='ocrx_word' id='word_1_293' title='bbox 72 2276 113 2314; x_wconf 87' lang='lat' dir='ltr'>in</span> <span class='ocrx_word' id='word_1_294' title='bbox 149 2277 310 2315; x_wconf 89' lang='lat' dir='ltr'>fratrum</span> <span class='ocrx_word' id='word_1_295' title='bbox 346 2278 516 2328; x_wconf 90' lang='lat' dir='ltr'>lapsibus</span> <span class='ocrx_word' id='word_1_296' title='bbox 552 2292 616 2329; x_wconf 89' lang='lat' dir='ltr'>per</span> <span class='ocrx_word' id='word_1_297' title='bbox 651 2278 819 2330; x_wconf 88' lang='lat' dir='ltr'>ipsorum</span> <span class='ocrx_word' id='word_1_298' title='bbox 857 2279 1154 2330; x_wconf 85' lang='lat' dir='ltr'>resipiscentiam</span> <span class='ocrx_word' id='word_1_299' title='bbox 1191 2279 1456 2331; x_wconf 88' lang='lat' dir='ltr'>Ecclesiaeque</span> <span class='ocrx_word' id='word_1_300' title='bbox 1493 2280 1608 2318; x_wconf 88' lang='lat' dir='ltr'>totius</span> 
     </span>
     <span class='ocr_line' id='line_1_35' title="bbox 73 2340 586 2393; baseline 0.006 -16"><span class='ocrx_word' id='word_1_301' title='bbox 73 2340 284 2380; x_wconf 85' lang='lat' dir='ltr'>aedificatio</span> <span class='ocrx_word' id='word_1_302' title='bbox 311 2346 586 2393; x_wconf 86' lang='lat' dir='ltr'>promoveatur.</span> 
     </span>
    </p>

    <p class='ocr_par' dir='ltr' id='par_1_5' title="bbox 74 2405 1615 2914">
     <span class='ocr_line' id='line_1_36' title="bbox 122 2405 1609 2460; baseline 0.003 -17"><span class='ocrx_word' id='word_1_303' title='bbox 122 2405 177 2444; x_wconf 90' lang='lat' dir='ltr'>Ut</span> <span class='ocrx_word' id='word_1_304' title='bbox 214 2419 301 2444; x_wconf 91' lang='lat' dir='ltr'>vero</span> <span class='ocrx_word' id='word_1_305' title='bbox 340 2406 511 2445; x_wconf 84' lang='lat' dir='ltr'>Ministri</span> <span class='ocrx_word' id='word_1_306' title='bbox 548 2420 591 2445; x_wconf 93' lang='lat' dir='ltr'>ac</span> <span class='ocrx_word' id='word_1_307' title='bbox 629 2407 802 2446; x_wconf 87' lang='lat' dir='ltr'>Seniores</span> <span class='ocrx_word' id='word_1_308' title='bbox 839 2409 978 2460; x_wconf 87' lang='lat' dir='ltr'>pariter</span> <span class='ocrx_word' id='word_1_309' title='bbox 1014 2422 1144 2447; x_wconf 89' lang='lat' dir='ltr'>omnes</span> <span class='ocrx_word' id='word_1_310' title='bbox 1173 2410 1346 2447; x_wconf 88' lang='lat' dir='ltr'>suumin</span> <span class='ocrx_word' id='word_1_311' title='bbox 1375 2410 1609 2460; x_wconf 83' lang='lat' dir='ltr'>praestandis</span> 
     </span>
     <span class='ocr_line' id='line_1_37' title="bbox 74 2471 1608 2524; baseline 0.001 -14"><span class='ocrx_word' id='word_1_312' title='bbox 74 2471 177 2510; x_wconf 89' lang='lat' dir='ltr'>hisce</span> <span class='ocrx_word' id='word_1_313' title='bbox 213 2471 388 2510; x_wconf 88' lang='lat' dir='ltr'>omnibus</span> <span class='ocrx_word' id='word_1_314' title='bbox 416 2471 590 2517; x_wconf 87' lang='lat' dir='ltr'>officium,</span> <span class='ocrx_word' id='word_1_315' title='bbox 618 2472 742 2523; x_wconf 88' lang='lat' dir='ltr'>quoad</span> <span class='ocrx_word' id='word_1_316' title='bbox 771 2473 850 2511; x_wconf 88' lang='lat' dir='ltr'>eius</span> <span class='ocrx_word' id='word_1_317' title='bbox 877 2473 957 2511; x_wconf 90' lang='lat' dir='ltr'>fieri</span> <span class='ocrx_word' id='word_1_318' title='bbox 985 2478 1120 2524; x_wconf 87' lang='lat' dir='ltr'>potest,</span> <span class='ocrx_word' id='word_1_319' title='bbox 1147 2478 1372 2512; x_wconf 88' lang='lat' dir='ltr'>attestentur</span> <span class='ocrx_word' id='word_1_320' title='bbox 1409 2479 1445 2512; x_wconf 92' lang='lat' dir='ltr'>et</span> <span class='ocrx_word' id='word_1_321' title='bbox 1484 2474 1608 2512; x_wconf 88' lang='lat' dir='ltr'>decla-</span> 
     </span>
     <span class='ocr_line' id='line_1_38' title="bbox 75 2536 1609 2590; baseline 0.002 -16"><span class='ocrx_word' id='word_1_322' title='bbox 75 2540 171 2582; x_wconf 86' lang='lat' dir='ltr'>rent,</span> <span class='ocrx_word' id='word_1_323' title='bbox 205 2540 321 2587; x_wconf 80' lang='lat' dir='ltr'>utque</span> <span class='ocrx_word' id='word_1_324' title='bbox 357 2536 418 2573; x_wconf 91' lang='lat' dir='ltr'>hic</span> <span class='ocrx_word' id='word_1_325' title='bbox 456 2540 555 2574; x_wconf 88' lang='lat' dir='ltr'>certo</span> <span class='ocrx_word' id='word_1_326' title='bbox 592 2550 659 2574; x_wconf 90' lang='lat' dir='ltr'>suo</span> <span class='ocrx_word' id='word_1_327' title='bbox 697 2537 828 2575; x_wconf 88' lang='lat' dir='ltr'>ordine</span> <span class='ocrx_word' id='word_1_328' title='bbox 857 2551 899 2574; x_wconf 88' lang='lat' dir='ltr'>ac</span> <span class='ocrx_word' id='word_1_329' title='bbox 937 2537 1110 2576; x_wconf 82' lang='lat' dir='ltr'>decenter</span> <span class='ocrx_word' id='word_1_330' title='bbox 1146 2539 1273 2576; x_wconf 83' lang='lat' dir='ltr'>onmia</span> <span class='ocrx_word' id='word_1_331' title='bbox 1307 2540 1413 2584; x_wconf 88' lang='lat' dir='ltr'>fiant,</span> <span class='ocrx_word' id='word_1_332' title='bbox 1447 2539 1609 2590; x_wconf 88' lang='lat' dir='ltr'>primum</span> 
     </span>
     <span class='ocr_line' id='line_1_39' title="bbox 75 2600 1609 2653; baseline 0.003 -16"><span class='ocrx_word' id='word_1_333' title='bbox 75 2600 225 2651; x_wconf 87' lang='lat' dir='ltr'>publice</span> <span class='ocrx_word' id='word_1_334' title='bbox 262 2613 387 2638; x_wconf 82' lang='lat' dir='ltr'>coram</span> <span class='ocrx_word' id='word_1_335' title='bbox 423 2604 503 2639; x_wconf 84' lang='lat' dir='ltr'>tota</span> <span class='ocrx_word' id='word_1_336' title='bbox 541 2601 710 2638; x_wconf 87' lang='lat' dir='ltr'>Ecclesia</span> <span class='ocrx_word' id='word_1_337' title='bbox 746 2615 875 2640; x_wconf 91' lang='lat' dir='ltr'>omnes</span> <span class='ocrx_word' id='word_1_338' title='bbox 911 2604 1051 2653; x_wconf 88' lang='lat' dir='ltr'>pariter</span> <span class='ocrx_word' id='word_1_339' title='bbox 1086 2606 1286 2648; x_wconf 86' lang='lat' dir='ltr'>testantur,</span> <span class='ocrx_word' id='word_1_340' title='bbox 1314 2617 1352 2641; x_wconf 89' lang='lat' dir='ltr'>se</span> <span class='ocrx_word' id='word_1_341' title='bbox 1380 2617 1457 2641; x_wconf 92' lang='lat' dir='ltr'>non</span> <span class='ocrx_word' id='word_1_342' title='bbox 1484 2604 1609 2642; x_wconf 86' lang='lat' dir='ltr'>minus</span> 
     </span>
     <span class='ocr_line' id='line_1_40' title="bbox 77 2665 1610 2720; baseline 0.004 -19"><span class='ocrx_word' id='word_1_343' title='bbox 77 2665 170 2702; x_wconf 89' lang='lat' dir='ltr'>velle</span> <span class='ocrx_word' id='word_1_344' title='bbox 198 2665 349 2703; x_wconf 90' lang='lat' dir='ltr'>subesse</span> <span class='ocrx_word' id='word_1_345' title='bbox 377 2665 597 2717; x_wconf 85' lang='lat' dir='ltr'>disciplinae</span> <span class='ocrx_word' id='word_1_346' title='bbox 624 2666 921 2713; x_wconf 81' lang='lat' dir='ltr'>Ecclesiasticae‚</span> <span class='ocrx_word' id='word_1_347' title='bbox 949 2682 1060 2719; x_wconf 89' lang='lat' dir='ltr'>quam</span> <span class='ocrx_word' id='word_1_348' title='bbox 1088 2668 1266 2706; x_wconf 86' lang='lat' dir='ltr'>minimus</span> <span class='ocrx_word' id='word_1_349' title='bbox 1295 2669 1455 2720; x_wconf 90' lang='lat' dir='ltr'>quisque</span> <span class='ocrx_word' id='word_1_350' title='bbox 1471 2669 1511 2707; x_wconf 89' lang='lat' dir='ltr'>in</span> <span class='ocrx_word' id='word_1_351' title='bbox 1530 2673 1610 2707; x_wconf 87' lang='lat' dir='ltr'>tota</span> 
     </span>
     <span class='ocr_line' id='line_1_41' title="bbox 77 2728 1611 2784; baseline 0.003 -18"><span class='ocrx_word' id='word_1_352' title='bbox 77 2728 261 2777; x_wconf 87' lang='lat' dir='ltr'>Ecclesia,</span> <span class='ocrx_word' id='word_1_353' title='bbox 288 2735 324 2767; x_wconf 92' lang='lat' dir='ltr'>et</span> <span class='ocrx_word' id='word_1_354' title='bbox 358 2734 491 2781; x_wconf 88' lang='lat' dir='ltr'>petunt</span> <span class='ocrx_word' id='word_1_355' title='bbox 528 2744 548 2768; x_wconf 90' lang='lat' dir='ltr'>a</span> <span class='ocrx_word' id='word_1_356' title='bbox 584 2735 663 2768; x_wconf 86' lang='lat' dir='ltr'>tota</span> <span class='ocrx_word' id='word_1_357' title='bbox 694 2731 873 2779; x_wconf 87' lang='lat' dir='ltr'>Ecclesia,</span> <span class='ocrx_word' id='word_1_358' title='bbox 900 2738 952 2778; x_wconf 89' lang='lat' dir='ltr'>ut,</span> <span class='ocrx_word' id='word_1_359' title='bbox 980 2733 1011 2770; x_wconf 89' lang='lat' dir='ltr'>si</span> <span class='ocrx_word' id='word_1_360' title='bbox 1047 2733 1245 2783; x_wconf 87' lang='lat' dir='ltr'>quisquam</span> <span class='ocrx_word' id='word_1_361' title='bbox 1280 2733 1319 2771; x_wconf 92' lang='lat' dir='ltr'>in</span> <span class='ocrx_word' id='word_1_362' title='bbox 1356 2734 1432 2771; x_wconf 92' lang='lat' dir='ltr'>illis</span> <span class='ocrx_word' id='word_1_363' title='bbox 1468 2733 1611 2784; x_wconf 85' lang='lat' dir='ltr'>aliquid</span> 
     </span>
     <span class='ocr_line' id='line_1_42' title="bbox 77 2795 1613 2849; baseline 0.003 -17"><span class='ocrx_word' id='word_1_364' title='bbox 77 2795 213 2840; x_wconf 86' lang='lat' dir='ltr'>videat,</span> <span class='ocrx_word' id='word_1_365' title='bbox 247 2795 285 2833; x_wconf 91' lang='lat' dir='ltr'>in</span> <span class='ocrx_word' id='word_1_366' title='bbox 323 2808 397 2846; x_wconf 91' lang='lat' dir='ltr'>quo</span> <span class='ocrx_word' id='word_1_367' title='bbox 434 2796 693 2834; x_wconf 87' lang='lat' dir='ltr'>admonendos</span> <span class='ocrx_word' id='word_1_368' title='bbox 729 2810 809 2836; x_wconf 89' lang='lat' dir='ltr'>esse</span> <span class='ocrx_word' id='word_1_369' title='bbox 845 2802 962 2849; x_wconf 88' lang='lat' dir='ltr'>putet,</span> <span class='ocrx_word' id='word_1_370' title='bbox 998 2811 1061 2836; x_wconf 88' lang='lat' dir='ltr'>eos</span> <span class='ocrx_word' id='word_1_371' title='bbox 1089 2798 1129 2836; x_wconf 89' lang='lat' dir='ltr'>in</span> <span class='ocrx_word' id='word_1_372' title='bbox 1159 2798 1340 2837; x_wconf 87' lang='lat' dir='ltr'>charitate</span> <span class='ocrx_word' id='word_1_373' title='bbox 1367 2804 1403 2837; x_wconf 92' lang='lat' dir='ltr'>et</span> <span class='ocrx_word' id='word_1_374' title='bbox 1437 2799 1613 2837; x_wconf 88' lang='lat' dir='ltr'>libertate</span> 
     </span>
     <span class='ocr_line' id='line_1_43' title="bbox 80 2856 1615 2914; baseline 0.002 -18"><span class='ocrx_word' id='word_1_375' title='bbox 80 2859 292 2898; x_wconf 86' lang='lat' dir='ltr'>Christiana</span> <span class='ocrx_word' id='word_1_376' title='bbox 331 2856 545 2906; x_wconf 77' lang='lat' dir='ltr'>admoneat,</span> <span class='ocrx_word' id='word_1_377' title='bbox 581 2875 700 2913; x_wconf 85' lang='lat' dir='ltr'>neque</span> <span class='ocrx_word' id='word_1_378' title='bbox 736 2863 774 2900; x_wconf 86' lang='lat' dir='ltr'>id</span> <span class='ocrx_word' id='word_1_379' title='bbox 810 2864 886 2901; x_wconf 92' lang='lat' dir='ltr'>ullo</span> <span class='ocrx_word' id='word_1_380' title='bbox 916 2857 1027 2901; x_wconf 88' lang='lat' dir='ltr'>modo</span> <span class='ocrx_word' id='word_1_381' title='bbox 1055 2865 1341 2914; x_wconf 83' lang='lat' dir='ltr'>praetermittat.</span> <span class='ocrx_word' id='word_1_382' title='bbox 1395 2864 1441 2901; x_wconf 85' lang='lat' dir='ltr'>Id</span> <span class='ocrx_word' id='word_1_383' title='bbox 1470 2864 1615 2901; x_wconf 78' lang='lat' dir='ltr'>faciunt.</span> 
     </span>
    </p>

    <p class='ocr_par' dir='ltr' id='par_1_6' title="bbox 1392 2929 1463 2967">
     <span class='ocr_line' id='line_1_44' title="bbox 1392 2929 1463 2967; baseline -0.014 0"><span class='ocrx_word' id='word_1_384' title='bbox 1392 2929 1463 2967; x_wconf 73' lang='lat'>15*</span> 
     </span>
    </p>
   </div>
  </div>
 </body>
</html>
