1830 3147
61 503 153 535 Colo.
178 502 206 534 2.

62 546 174 576 Roma.
198 546 228 574 4.

65 588 162 618 Geue.
183 587 232 623 12,
256 585 306 617 22.

72 961 172 994 Marc.
196 962 225 993 9.

73 1006 148 1036 Luc.
173 1003 201 1037 7.

72 1048 163 1078 Rom.
188 1047 236 1077 10.

73 1090 194 1120 (juloss.
220 1090 247 1119 1.

75 1132 89 1162 1
117 1131 224 1162 Corin.
250 1131 277 1161 1.

72 1173 160 1204 loun.
185 1174 233 1204 14.

75 1215 174 1246 Math.
201 1216 249 1245 11.

82 1789 98 1820 1
124 1789 196 1820 Cor.
222 1787 270 1818 12.
315 1814 321 1818 .

82 1832 98 1862 1
124 1831 198 1862 Cor.
223 1830 272 1861 12.

341 119 417 163 404
819 125 992 156 cATE'cH.
1024 126 1132 156 Ech.
1161 125 1275 155 noun.

919 230 1058 269 Interr.
1088 232 1174 268 109.

397 299 593 337 Quaenam
625 297 740 335 altera
768 299 857 335 nota
886 300 943 333 est
970 304 1094 332 rectae
1123 298 1319 345 certaeque
1345 294 1459 332 fidei?

991 423 1104 473 Resp.

401 491 512 529 Certa
547 490 684 528 fiducia
721 489 864 540 absque
900 488 1004 525 omni
1040 486 1349 536 tergiversatione
1386 487 1457 525 Dei
1495 486 1617 524 verbis
1644 485 1756 524 fidem

349 555 498 602 habere,
535 555 612 593 sive
649 553 771 605 capiat
799 566 840 590 ea
868 552 1075 589 humanum
1102 551 1312 600 ingenium,
1339 551 1416 589 sive
1444 564 1519 589 non
1550 551 1684 601 capiat,
1709 548 1756 587 ad

352 619 529 657 Abrahae
562 618 787 669 exemplum,
823 616 886 667 qui
925 619 1063 654 certam
1100 614 1139 652 in
1178 626 1279 665 spem
1308 615 1512 666 reponebat
1539 614 1663 661 fidem,
1691 611 1757 650 ubi

351 689 478 722 tamen
504 683 609 722 iuxta
637 683 840 720 humanum
868 680 1063 731 ingenium
1092 679 1188 717 nihil
1217 680 1442 730 sperandum
1471 679 1616 718 fuisset.

931 746 1070 783 Interr.
1099 747 1186 783 110.

407 813 511 853 Quid
539 812 694 851 alterius
720 815 833 850 notae
861 810 1075 848 observatio
1104 823 1125 847 a
1153 809 1263 847 nobis
1289 809 1481 860 postulat?

998 875 1110 925 Resp.

406 944 597 992 Admonet
634 955 702 979 nos
739 940 1011 979 imbecillitatis
1040 939 1126 977 fidei
1161 943 1310 977 nostrae
1348 942 1458 989 atque
1486 939 1590 986 (40³)
1628 936 1762 974 dubiae

354 1014 508 1048 naturae
544 1011 692 1045 nostrae
730 1006 972 1049 conditionis,
1008 1008 1048 1042 ut
1085 1005 1263 1042 continuo
1301 1017 1380 1041 eam
1410 1016 1534 1040 coram
1563 1002 1648 1040 Deo'
1672 1014 1762 1038 con-

355 1086 555 1125 queramur
582 1095 633 1102 —-
660 1071 889 1110 unanimiter
918 1084 1000 1108 cum
1031 1070 1227 1121 Apostolis
1255 1082 1459 1120 precemur,
1487 1075 1526 1105 ut
1555 1067 1665 1105 fidem
1692 1079 1762 1104 no-

356 1144 471 1177 stram
490 1138 674 1186 adaugeat
693 1140 805 1187 atque
826 1137 1034 1179 confirmet,
1052 1157 1103 1163 —-
1119 1134 1318 1184 diligenter
1334 1146 1483 1184 quoque
1493 1131 1665 1170 remediis
1676 1130 1764 1168 fidei

356 1208 518 1249 utamur,
545 1217 566 1241 a
595 1203 745 1240 Christo
774 1201 937 1239 Domino
965 1201 1006 1238 in
1032 1199 1240 1238 ministerio
1263 1198 1366 1236 verbi
1385 1201 1420 1236 et
1438 1199 1764 1235 Sacramentorum

358 1268 557 1315 ordinatis,
581 1290 632 1297 —
658 1267 798 1304 adhaec
825 1279 902 1304 non
930 1265 1157 1308 dubitemus,
1185 1263 1275 1314 quin
1305 1262 1415 1300 nobis
1444 1262 1613 1313 suppleat
1639 1261 1714 1306 ille,
1734 1259 1766 1297 si

358 1333 450 1384 quid
487 1332 599 1370 nobis
636 1332 673 1369 in
714 1331 788 1368 fide
825 1330 985 1374 deficiat,
1013 1329 1136 1379 sitque
1164 1327 1275 1365 nobis
1305 1327 1522 1375 largiturus,
1550 1326 1581 1363 si
1609 1325 1698 1376 quid
1726 1324 1765 1361 in

359 1398 431 1435 fide
460 1393 712 1448 imploremus

936 1523 1073 1560 Interr.
1105 1524 1188 1560 111.

414 1593 610 1630 Quaenam
638 1594 693 1627 est
722 1589 830 1626 tertia
860 1593 950 1626 nota
980 1591 1101 1625 rectae
1130 1591 1323 1636 certaeque
1350 1585 1464 1622 fidei?

1005 1717 1117 1767 Resp.

417 1786 545 1824 Quum
583 1785 676 1822 fides
713 1796 833 1833 neque
869 1795 914 1820 ex
942 1781 1087 1830 ingenii
1117 1779 1237 1817 nostri
1265 1778 1417 1823 iudicio,
1444 1791 1564 1828 neque
1591 1777 1696 1825 (401³)
1725 1788 1770 1814 ex

365 1850 452 1888 ullis
489 1849 629 1887 alicubi
665 1847 749 1886 aliis
776 1847 888 1885 rebus
916 1845 988 1883 nisi
1016 1858 1061 1882 ex
1090 1844 1169 1882 solo
1200 1842 1268 1880 Dei
1306 1843 1419 1881 verbo
1447 1855 1512 1892 per
1539 1841 1614 1879 vim
1643 1840 1771 1879 Sancti

368 1913 531 1965 Spiritus
560 1912 745 1962 originem
776 1910 893 1948 ducit.

943 2038 1081 2076 Interr.
1113 2039 1198 2077 112.

421 2106 525 2145 Quid
564 2105 675 2144 nobis
712 2103 877 2156 prodest,
903 2103 1051 2141 tertiam
1082 2102 1179 2140 hanc
1206 2100 1292 2138 fidei
1321 2104 1447 2138 notam
1486 2111 1629 2149 semper
1657 2097 1769 2148 respi-

369 2172 477 2209 cere?
541 2165 543 2167 ’

1018 2232 1129 2282 Resp.

419 2300 546 2338 Facile
588 2298 678 2336 hinc
715 2297 925 2335 discernere
949 2297 1157 2347 'possumus
1194 2298 1330 2332 certam
1375 2305 1572 2343 veramque
1608 2291 1718 2329 fidem
1754 2303 1774 2326 a

369 2366 463 2403 salsa
500 2364 586 2401 fidei
623 2362 757 2414 specie,
795 2374 905 2412 quam
936 2362 1052 2398 Satan
1082 2373 1224 2410 semper
1251 2371 1318 2409 pro
1347 2362 1447 2395 recta
1476 2357 1549 2395 fide
1577 2348 1776 2393 obtrudere

369 2430 479 2467 nobis
509 2427 680 2466 sustinet.

948 2489 1085 2526 Interr.
1118 2490 1202 2526 113.

424 2558 620 2596 Quaenam
649 2555 743 2593 salsa
771 2554 835 2591 illa
863 2553 951 2591 fidei
979 2553 1120 2604 specics
1149 2553 1234 2590 est?

1015 2617 1126 2667 Rcsp.

422 2685 492 2723 Est
519 2685 592 2722 hoc
618 2683 811 2735 proprium
840 2681 1117 2732 beneplacitum
1147 2686 1317 2718 nostrum
1347 2679 1390 2716 de
1419 2678 1497 2714 Deo
1524 2680 1559 2714 et
1590 2676 1633 2713 de
1654 2675 1776 2712 omni-

373 2750 444 2787 bus
481 2749 592 2786 rebus
631 2750 733 2795 (41²²)
774 2746 911 2784 divinis
940 2746 1043 2783 iuxta
1072 2745 1264 2794 ingenium
1296 2748 1465 2780 nostrum
1492 2754 1537 2778 cx
1566 2740 1716 2778 inscitia
1742 2745 1778 2776 et

374 2813 561 2865 oppressis
589 2811 812 2863 quibusdam
842 2810 1047 2861 scripturae
1074 2809 1167 2846 locis
1197 2809 1404 2846 col-lectum.
