<?xml version="1.0" encoding="UTF-8"?>
<!DOCTYPE html PUBLIC "-//W3C//DTD XHTML 1.0 Transitional//EN"
    "http://www.w3.org/TR/xhtml1/DTD/xhtml1-transitional.dtd">
<html xmlns="http://www.w3.org/1999/xhtml" xml:lang="en" lang="en">
 <head>
  <title>
</title>
<meta http-equiv="Content-Type" content="text/html;charset=utf-8" />
  <meta name='ocr-system' content='tesseract 3.04.00' />
  <meta name='ocr-capabilities' content='ocr_page ocr_carea ocr_par ocr_line ocrx_word'/>
</head>
<body>
  <div class='ocr_page' id='page_1' title='image "./operatameditaqua02lask_0622.png"; bbox 0 0 1830 3147; ppageno 0'>
   <div class='ocr_carea' id='block_1_1' title="bbox 184 109 984 156">
    <p class='ocr_par' dir='ltr' id='par_1_1' title="bbox 184 109 984 156">
     <span class='ocr_line' id='line_1_1' title="bbox 184 109 984 156; baseline 0.003 -12"><span class='ocrx_word' id='word_1_1' title='bbox 184 109 247 154; x_wconf 89' lang='lat' dir='ltr'>[A.</span> <span class='ocrx_word' id='word_1_2' title='bbox 273 109 316 144; x_wconf 87' lang='lat' dir='ltr'>D.</span> <span class='ocrx_word' id='word_1_3' title='bbox 347 111 455 156; x_wconf 81' lang='lat'>1546]</span> <span class='ocrx_word' id='word_1_4' title='bbox 916 114 984 147; x_wconf 79' lang='lat'>602</span> 
     </span>
    </p>
   </div>
   <div class='ocr_carea' id='block_1_2' title="bbox 174 217 1712 683">
    <p class='ocr_par' dir='ltr' id='par_1_2' title="bbox 174 217 1712 683">
     <span class='ocr_line' id='line_1_2' title="bbox 178 217 1709 267; baseline 0.005 -15"><span class='ocrx_word' id='word_1_5' title='bbox 178 217 340 253; x_wconf 82' lang='lat' dir='ltr'>ostendas</span> <span class='ocrx_word' id='word_1_6' title='bbox 377 221 412 253; x_wconf 83' lang='lat' dir='ltr'>ct</span> <span class='ocrx_word' id='word_1_7' title='bbox 444 218 613 254; x_wconf 77' lang='lat' dir='ltr'>humanae</span> <span class='ocrx_word' id='word_1_8' title='bbox 646 218 849 265; x_wconf 76' lang='lat' dir='ltr'>prudentiae</span> <span class='ocrx_word' id='word_1_9' title='bbox 884 220 918 256; x_wconf 90' lang='lat' dir='ltr'>in</span> <span class='ocrx_word' id='word_1_10' title='bbox 954 219 1005 256; x_wconf 86' lang='lat' dir='ltr'>his</span> <span class='ocrx_word' id='word_1_11' title='bbox 1029 233 1117 267; x_wconf 89' lang='lat' dir='ltr'>quae</span> <span class='ocrx_word' id='word_1_12' title='bbox 1139 221 1182 257; x_wconf 87' lang='lat' dir='ltr'>ad</span> <span class='ocrx_word' id='word_1_13' title='bbox 1210 222 1323 257; x_wconf 87' lang='lat' dir='ltr'>Deum</span> <span class='ocrx_word' id='word_1_14' title='bbox 1349 223 1503 258; x_wconf 84' lang='lat' dir='ltr'>attinent</span> <span class='ocrx_word' id='word_1_15' title='bbox 1529 223 1709 261; x_wconf 82' lang='lat' dir='ltr'>valedicas.</span> 
     </span>
     <span class='ocr_line' id='line_1_3' title="bbox 177 279 1712 332; baseline 0.004 -17"><span class='ocrx_word' id='word_1_16' title='bbox 177 279 232 315; x_wconf 90' lang='lat' dir='ltr'>De</span> <span class='ocrx_word' id='word_1_17' title='bbox 258 281 373 314; x_wconf 91' lang='lat' dir='ltr'>vetere</span> <span class='ocrx_word' id='word_1_18' title='bbox 396 279 507 316; x_wconf 88' lang='lat' dir='ltr'>amico</span> <span class='ocrx_word' id='word_1_19' title='bbox 532 292 607 316; x_wconf 90' lang='lat' dir='ltr'>mea</span> <span class='ocrx_word' id='word_1_20' title='bbox 632 280 716 316; x_wconf 87' lang='lat' dir='ltr'>nihil</span> <span class='ocrx_word' id='word_1_21' title='bbox 741 281 858 322; x_wconf 84' lang='lat' dir='ltr'>refert.</span> <span class='ocrx_word' id='word_1_22' title='bbox 887 293 998 329; x_wconf 88' lang='lat' dir='ltr'>neque</span> <span class='ocrx_word' id='word_1_23' title='bbox 1023 294 1172 330; x_wconf 88' lang='lat' dir='ltr'>unquam</span> <span class='ocrx_word' id='word_1_24' title='bbox 1200 283 1262 319; x_wconf 88' lang='lat' dir='ltr'>tibi</span> <span class='ocrx_word' id='word_1_25' title='bbox 1285 283 1471 331; x_wconf 83' lang='lat' dir='ltr'>quidquam</span> <span class='ocrx_word' id='word_1_26' title='bbox 1499 284 1562 326; x_wconf 80' lang='lat' dir='ltr'>hic,</span> <span class='ocrx_word' id='word_1_27' title='bbox 1582 288 1622 320; x_wconf 88' lang='lat' dir='ltr'>ut</span> <span class='ocrx_word' id='word_1_28' title='bbox 1638 285 1712 332; x_wconf 86' lang='lat' dir='ltr'>ipsa</span> 
     </span>
     <span class='ocr_line' id='line_1_4' title="bbox 176 339 1712 391; baseline 0.004 -16"><span class='ocrx_word' id='word_1_29' title='bbox 176 339 279 382; x_wconf 87' lang='lat' dir='ltr'>nosti,</span> <span class='ocrx_word' id='word_1_30' title='bbox 309 344 371 376; x_wconf 89' lang='lat' dir='ltr'>aut</span> <span class='ocrx_word' id='word_1_31' title='bbox 395 340 539 376; x_wconf 84' lang='lat' dir='ltr'>suadere</span> <span class='ocrx_word' id='word_1_32' title='bbox 563 343 624 376; x_wconf 86' lang='lat' dir='ltr'>aut</span> <span class='ocrx_word' id='word_1_33' title='bbox 648 340 850 377; x_wconf 79' lang='lat' dir='ltr'>dissuadere</span> <span class='ocrx_word' id='word_1_34' title='bbox 876 341 982 377; x_wconf 90' lang='lat' dir='ltr'>volui.</span> <span class='ocrx_word' id='word_1_35' title='bbox 1030 343 1136 381; x_wconf 74' lang='lat' dir='ltr'>Quod</span> <span class='ocrx_word' id='word_1_36' title='bbox 1163 343 1192 379; x_wconf 89' lang='lat' dir='ltr'>si</span> <span class='ocrx_word' id='word_1_37' title='bbox 1218 346 1252 378; x_wconf 90' lang='lat' dir='ltr'>te</span> <span class='ocrx_word' id='word_1_38' title='bbox 1278 343 1418 379; x_wconf 77' lang='lat' dir='ltr'>liberam</span> <span class='ocrx_word' id='word_1_39' title='bbox 1445 356 1519 380; x_wconf 80' lang='lat' dir='ltr'>esse</span> <span class='ocrx_word' id='word_1_40' title='bbox 1546 345 1712 391; x_wconf 83' lang='lat' dir='ltr'>intelligis</span> 
     </span>
     <span class='ocr_line' id='line_1_5' title="bbox 176 401 1711 451; baseline 0.003 -14"><span class='ocrx_word' id='word_1_41' title='bbox 176 413 290 437; x_wconf 86' lang='lat' dir='ltr'>coram</span> <span class='ocrx_word' id='word_1_42' title='bbox 327 401 456 437; x_wconf 89' lang='lat' dir='ltr'>iudicio</span> <span class='ocrx_word' id='word_1_43' title='bbox 489 401 569 443; x_wconf 88' lang='lat' dir='ltr'>Dei,</span> <span class='ocrx_word' id='word_1_44' title='bbox 610 402 691 438; x_wconf 86' lang='lat' dir='ltr'>mihi</span> <span class='ocrx_word' id='word_1_45' title='bbox 725 402 866 448; x_wconf 79' lang='lat' dir='ltr'><strong>perinde</strong></span> <span class='ocrx_word' id='word_1_46' title='bbox 892 406 956 445; x_wconf 86' lang='lat' dir='ltr'>est,</span> <span class='ocrx_word' id='word_1_47' title='bbox 981 403 1054 439; x_wconf 91' lang='lat' dir='ltr'>sive</span> <span class='ocrx_word' id='word_1_48' title='bbox 1080 404 1217 451; x_wconf 8' lang='lat' dir='ltr'>restilla</span> <span class='ocrx_word' id='word_1_49' title='bbox 1242 403 1420 447; x_wconf 74' lang='lat' dir='ltr'><strong>succedat,</strong></span> <span class='ocrx_word' id='word_1_50' title='bbox 1445 406 1518 441; x_wconf 88' lang='lat' dir='ltr'>sive</span> <span class='ocrx_word' id='word_1_51' title='bbox 1541 419 1611 441; x_wconf 88' lang='lat' dir='ltr'>non</span> <span class='ocrx_word' id='word_1_52' title='bbox 1635 419 1711 441; x_wconf 90' lang='lat' dir='ltr'>sue-</span> 
     </span>
     <span class='ocr_line' id='line_1_6' title="bbox 175 462 1709 511; baseline 0.002 -13"><span class='ocrx_word' id='word_1_53' title='bbox 175 462 284 498; x_wconf 85' lang='lat' dir='ltr'>cedat.</span> <span class='ocrx_word' id='word_1_54' title='bbox 332 462 399 497; x_wconf 85' lang='lat' dir='ltr'>Sed</span> <span class='ocrx_word' id='word_1_55' title='bbox 433 463 514 510; x_wconf 84' lang='lat' dir='ltr'>quia</span> <span class='ocrx_word' id='word_1_56' title='bbox 551 462 634 498; x_wconf 89' lang='lat' dir='ltr'>mihi</span> <span class='ocrx_word' id='word_1_57' title='bbox 669 467 770 509; x_wconf 87' lang='lat' dir='ltr'>pacta</span> <span class='ocrx_word' id='word_1_58' title='bbox 805 467 889 498; x_wconf 85' lang='lat' dir='ltr'>sunt</span> <span class='ocrx_word' id='word_1_59' title='bbox 920 463 1112 511; x_wconf 80' lang='lat' dir='ltr'>incognita,</span> <span class='ocrx_word' id='word_1_60' title='bbox 1140 464 1290 500; x_wconf 82' lang='lat' dir='ltr'>iudicare</span> <span class='ocrx_word' id='word_1_61' title='bbox 1315 466 1358 500; x_wconf 86' lang='lat' dir='ltr'>de</span> <span class='ocrx_word' id='word_1_62' title='bbox 1382 465 1451 501; x_wconf 90' lang='lat' dir='ltr'>illis</span> <span class='ocrx_word' id='word_1_63' title='bbox 1477 477 1546 500; x_wconf 89' lang='lat' dir='ltr'>non</span> <span class='ocrx_word' id='word_1_64' title='bbox 1572 478 1709 511; x_wconf 88' lang='lat' dir='ltr'>possum</span> 
     </span>
     <span class='ocr_line' id='line_1_7' title="bbox 175 522 1707 573; baseline 0.003 -15"><span class='ocrx_word' id='word_1_65' title='bbox 175 522 343 559; x_wconf 83' lang='lat' dir='ltr'>Riderum</span> <span class='ocrx_word' id='word_1_66' title='bbox 367 522 428 558; x_wconf 86' lang='lat' dir='ltr'>abs</span> <span class='ocrx_word' id='word_1_67' title='bbox 455 527 489 558; x_wconf 86' lang='lat' dir='ltr'>te</span> <span class='ocrx_word' id='word_1_68' title='bbox 514 524 653 559; x_wconf 86' lang='lat' dir='ltr'>missum</span> <span class='ocrx_word' id='word_1_69' title='bbox 683 537 766 559; x_wconf 81' lang='lat' dir='ltr'>uxor</span> <span class='ocrx_word' id='word_1_70' title='bbox 792 536 866 559; x_wconf 89' lang='lat' dir='ltr'>mea</span> <span class='ocrx_word' id='word_1_71' title='bbox 890 525 1036 571; x_wconf 84' lang='lat' dir='ltr'>accepit,</span> <span class='ocrx_word' id='word_1_72' title='bbox 1060 537 1195 573; x_wconf 80' lang='lat' dir='ltr'>unaque</span> <span class='ocrx_word' id='word_1_73' title='bbox 1219 531 1255 561; x_wconf 86' lang='lat' dir='ltr'>ct</span> <span class='ocrx_word' id='word_1_74' title='bbox 1278 525 1369 573; x_wconf 89' lang='lat' dir='ltr'>quod</span> <span class='ocrx_word' id='word_1_75' title='bbox 1395 526 1541 562; x_wconf 85' lang='lat' dir='ltr'>ancillae</span> <span class='ocrx_word' id='word_1_76' title='bbox 1568 532 1707 562; x_wconf 80' lang='lat' dir='ltr'>nostrae</span> 
     </span>
     <span class='ocr_line' id='line_1_8' title="bbox 174 585 1707 635; baseline 0.003 -14"><span class='ocrx_word' id='word_1_77' title='bbox 174 585 307 621; x_wconf 86' lang='lat' dir='ltr'>misisti.</span> <span class='ocrx_word' id='word_1_78' title='bbox 345 585 510 622; x_wconf 80' lang='lat' dir='ltr'>Salutant</span> <span class='ocrx_word' id='word_1_79' title='bbox 535 588 569 621; x_wconf 87' lang='lat' dir='ltr'>te</span> <span class='ocrx_word' id='word_1_80' title='bbox 596 597 680 621; x_wconf 86' lang='lat' dir='ltr'>uxor</span> <span class='ocrx_word' id='word_1_81' title='bbox 705 590 740 621; x_wconf 81' lang='lat' dir='ltr'>et</span> <span class='ocrx_word' id='word_1_82' title='bbox 766 586 966 632; x_wconf 86' lang='lat' dir='ltr'>Margareta</span> <span class='ocrx_word' id='word_1_83' title='bbox 993 587 1031 629; x_wconf 78' lang='lat'>¹).</span> <span class='ocrx_word' id='word_1_84' title='bbox 1074 586 1172 624; x_wconf 80' lang='lat' dir='ltr'>Vale.</span> <span class='ocrx_word' id='word_1_85' title='bbox 1200 588 1339 635; x_wconf 76' lang='lat' dir='ltr'>Raptim</span> <span class='ocrx_word' id='word_1_86' title='bbox 1367 587 1496 624; x_wconf 73' lang='lat' dir='ltr'>Eindac</span> <span class='ocrx_word' id='word_1_87' title='bbox 1522 601 1564 623; x_wconf 81' lang='lat' dir='ltr'>xv</span> <span class='ocrx_word' id='word_1_88' title='bbox 1584 588 1707 626; x_wconf 85' lang='lat' dir='ltr'>Martii</span> 
     </span>
     <span class='ocr_line' id='line_1_9' title="bbox 174 648 410 683; baseline -0.004 0"><span class='ocrx_word' id='word_1_89' title='bbox 174 648 280 683; x_wconf 84' lang='lat' dir='ltr'>Anno</span> <span class='ocrx_word' id='word_1_90' title='bbox 307 648 410 682; x_wconf 85' lang='lat'>1546.</span> 
     </span>
    </p>
   </div>
   <div class='ocr_carea' id='block_1_3' title="bbox 219 785 476 826">
    <p class='ocr_par' dir='ltr' id='par_1_3' title="bbox 219 785 476 826">
     <span class='ocr_line' id='line_1_10' title="bbox 219 785 476 826; baseline -0.004 -9"><span class='ocrx_word' id='word_1_91' title='bbox 219 786 242 826; x_wconf 82' lang='lat'>¹)</span> <span class='ocrx_word' id='word_1_92' title='bbox 267 785 350 817; x_wconf 82' lang='lat' dir='ltr'>Filia</span> <span class='ocrx_word' id='word_1_93' title='bbox 372 785 476 817; x_wconf 82' lang='lat' dir='ltr'>Lasci.</span> 
     </span>
    </p>
   </div>
   <div class='ocr_carea' id='block_1_4' title="bbox 170 1012 1705 1172">
    <p class='ocr_par' dir='ltr' id='par_1_4' title="bbox 170 1012 1705 1172">
     <span class='ocr_line' id='line_1_11' title="bbox 170 1012 1705 1060; baseline 0.001 -13"><span class='ocrx_word' id='word_1_94' title='bbox 170 1012 231 1048; x_wconf 88' lang='lat' dir='ltr'>N⁰.</span> <span class='ocrx_word' id='word_1_95' title='bbox 256 1013 311 1048; x_wconf 87' lang='lat'>35.</span> <span class='ocrx_word' id='word_1_96' title='bbox 373 1012 438 1058; x_wconf 68' lang='lat' dir='ltr'>[ils.</span> <span class='ocrx_word' id='word_1_97' title='bbox 453 1016 521 1047; x_wconf 65' lang='lat' dir='ltr'>elfeh.</span> <span class='ocrx_word' id='word_1_98' title='bbox 539 1015 620 1055; x_wconf 80' lang='lat' dir='ltr'>Tigur.</span> <span class='ocrx_word' id='word_1_99' title='bbox 638 1015 671 1048; x_wconf 66' lang='grc' dir='ltr'>Εἴ.</span> <span class='ocrx_word' id='word_1_100' title='bbox 688 1015 768 1048; x_wconf 73' lang='lat' dir='ltr'>[less.</span> <span class='ocrx_word' id='word_1_101' title='bbox 785 1016 834 1048; x_wconf 73' lang='lat' dir='ltr'>Cal.</span> <span class='ocrx_word' id='word_1_102' title='bbox 850 1015 911 1047; x_wconf 45' lang='lat'>&#39;1823</span> <span class='ocrx_word' id='word_1_103' title='bbox 924 1012 964 1056; x_wconf 84' lang='lat'>¹).</span> <span class='ocrx_word' id='word_1_104' title='bbox 981 1014 1070 1049; x_wconf 69' lang='lat' dir='ltr'>(iord.</span> <span class='ocrx_word' id='word_1_105' title='bbox 1089 1015 1141 1049; x_wconf 67' lang='lat' dir='ltr'>lla.</span> <span class='ocrx_word' id='word_1_106' title='bbox 1159 1015 1213 1050; x_wconf 59' lang='lat'><strong><em>4611.</em></strong></span> <span class='ocrx_word' id='word_1_107' title='bbox 1229 1017 1295 1050; x_wconf 71' lang='lat' dir='ltr'>Veis.</span> <span class='ocrx_word' id='word_1_108' title='bbox 1308 1017 1373 1057; x_wconf 79' lang='lat' dir='ltr'>angl.</span> <span class='ocrx_word' id='word_1_109' title='bbox 1390 1017 1522 1051; x_wconf 64' lang='lat' dir='ltr'>turham.</span> <span class='ocrx_word' id='word_1_110' title='bbox 1539 1027 1561 1050; x_wconf 86' lang='grc' dir='ltr'>ο.</span> <span class='ocrx_word' id='word_1_111' title='bbox 1578 1018 1594 1050; x_wconf 88' lang='lat' dir='ltr'>l.</span> <span class='ocrx_word' id='word_1_112' title='bbox 1607 1027 1630 1060; x_wconf 86' lang='lat' dir='ltr'>p.</span> <span class='ocrx_word' id='word_1_113' title='bbox 1645 1016 1705 1060; x_wconf 61' lang='lat'>3⁶2]</span> 
     </span>
     <span class='ocr_line' id='line_1_12' title="bbox 548 1132 1326 1172; baseline 0.004 -3"><span class='ocrx_word' id='word_1_114' title='bbox 548 1132 604 1169; x_wconf 86' lang='lat' dir='ltr'>Ad</span> <span class='ocrx_word' id='word_1_115' title='bbox 632 1134 909 1172; x_wconf 70' lang='lat' dir='ltr'>Bnmmnnum</span> <span class='ocrx_word' id='word_1_116' title='bbox 935 1136 971 1169; x_wconf 91' lang='lat' dir='ltr'>et</span> <span class='ocrx_word' id='word_1_117' title='bbox 994 1134 1033 1170; x_wconf 90' lang='lat' dir='ltr'>C.</span> <span class='ocrx_word' id='word_1_118' title='bbox 1062 1133 1326 1172; x_wconf 79' lang='lat' dir='ltr'><strong>PELLICANUM.</strong></span> 
     </span>
    </p>
   </div>
   <div class='ocr_carea' id='block_1_5' title="bbox 161 1253 1707 2948">
    <p class='ocr_par' dir='ltr' id='par_1_5' title="bbox 162 1253 1707 2204">
     <span class='ocr_line' id='line_1_13' title="bbox 216 1253 1707 1302; baseline 0.002 -13"><span class='ocrx_word' id='word_1_119' title='bbox 216 1253 371 1289; x_wconf 80' lang='lat' dir='ltr'>Salutem</span> <span class='ocrx_word' id='word_1_120' title='bbox 405 1257 441 1290; x_wconf 87' lang='lat' dir='ltr'>et</span> <span class='ocrx_word' id='word_1_121' title='bbox 473 1267 590 1301; x_wconf 82' lang='lat' dir='ltr'>pacem</span> <span class='ocrx_word' id='word_1_122' title='bbox 624 1255 659 1291; x_wconf 93' lang='lat' dir='ltr'>in</span> <span class='ocrx_word' id='word_1_123' title='bbox 693 1254 846 1295; x_wconf 85' lang='lat' dir='ltr'>Christo,</span> <span class='ocrx_word' id='word_1_124' title='bbox 882 1257 1006 1291; x_wconf 82' lang='lat' dir='ltr'>fratres</span> <span class='ocrx_word' id='word_1_125' title='bbox 1041 1255 1363 1292; x_wconf 84' lang='lat' dir='ltr'>observandissimil</span> <span class='ocrx_word' id='word_1_126' title='bbox 1411 1257 1527 1302; x_wconf 83' lang='lat' dir='ltr'>Cogor</span> <span class='ocrx_word' id='word_1_127' title='bbox 1551 1256 1707 1293; x_wconf 67' lang='lat' dir='ltr'>et&#39;nunc</span> 
     </span>
     <span class='ocr_line' id='line_1_14' title="bbox 169 1315 1705 1365; baseline 0.002 -14"><span class='ocrx_word' id='word_1_128' title='bbox 169 1328 237 1352; x_wconf 87' lang='lat' dir='ltr'>una</span> <span class='ocrx_word' id='word_1_129' title='bbox 271 1315 417 1363; x_wconf 86' lang='lat' dir='ltr'>epistola</span> <span class='ocrx_word' id='word_1_130' title='bbox 455 1316 593 1362; x_wconf 79' lang='lat' dir='ltr'>utrique</span> <span class='ocrx_word' id='word_1_131' title='bbox 626 1320 783 1352; x_wconf 86' lang='lat' dir='ltr'>vestrum</span> <span class='ocrx_word' id='word_1_132' title='bbox 820 1316 1040 1365; x_wconf 91' lang='lat' dir='ltr'>respondere,</span> <span class='ocrx_word' id='word_1_133' title='bbox 1074 1329 1151 1353; x_wconf 91' lang='lat' dir='ltr'>nam</span> <span class='ocrx_word' id='word_1_134' title='bbox 1180 1317 1326 1353; x_wconf 90' lang='lat' dir='ltr'>obrutus</span> <span class='ocrx_word' id='word_1_135' title='bbox 1352 1317 1637 1364; x_wconf 82' lang='lat' dir='ltr'>occupationibus</span> <span class='ocrx_word' id='word_1_136' title='bbox 1660 1318 1705 1354; x_wconf 87' lang='lat' dir='ltr'>ad</span> 
     </span>
     <span class='ocr_line' id='line_1_15' title="bbox 167 1376 1707 1427; baseline 0.001 -14"><span class='ocrx_word' id='word_1_137' title='bbox 167 1376 323 1425; x_wconf 84' lang='lat' dir='ltr'>singulos</span> <span class='ocrx_word' id='word_1_138' title='bbox 360 1376 507 1427; x_wconf 82' lang='lat' dir='ltr'>scribere</span> <span class='ocrx_word' id='word_1_139' title='bbox 541 1378 606 1414; x_wconf 88' lang='lat' dir='ltr'>iam</span> <span class='ocrx_word' id='word_1_140' title='bbox 634 1390 704 1414; x_wconf 90' lang='lat' dir='ltr'>non</span> <span class='ocrx_word' id='word_1_141' title='bbox 730 1390 884 1424; x_wconf 89' lang='lat' dir='ltr'>possum.</span> <span class='ocrx_word' id='word_1_142' title='bbox 933 1378 1017 1415; x_wconf 85' lang='lat' dir='ltr'>Feci</span> <span class='ocrx_word' id='word_1_143' title='bbox 1043 1378 1180 1414; x_wconf 84' lang='lat' dir='ltr'>tandem</span> <span class='ocrx_word' id='word_1_144' title='bbox 1205 1379 1347 1421; x_wconf 86' lang='lat' dir='ltr'>invitus,</span> <span class='ocrx_word' id='word_1_145' title='bbox 1374 1379 1467 1426; x_wconf 90' lang='lat' dir='ltr'>quod</span> <span class='ocrx_word' id='word_1_146' title='bbox 1494 1382 1594 1415; x_wconf 89' lang='lat' dir='ltr'>tanto</span> <span class='ocrx_word' id='word_1_147' title='bbox 1620 1381 1707 1416; x_wconf 90' lang='lat' dir='ltr'>tem-</span> 
     </span>
     <span class='ocr_line' id='line_1_16' title="bbox 168 1439 1707 1486; baseline 0.001 -12"><span class='ocrx_word' id='word_1_148' title='bbox 168 1451 252 1486; x_wconf 85' lang='lat' dir='ltr'>pore</span> <span class='ocrx_word' id='word_1_149' title='bbox 283 1440 395 1476; x_wconf 87' lang='lat' dir='ltr'>facere</span> <span class='ocrx_word' id='word_1_150' title='bbox 429 1439 602 1480; x_wconf 84' lang='lat' dir='ltr'>nolebam,</span> <span class='ocrx_word' id='word_1_151' title='bbox 641 1442 677 1474; x_wconf 90' lang='lat' dir='ltr'>et</span> <span class='ocrx_word' id='word_1_152' title='bbox 709 1439 862 1486; x_wconf 87' lang='lat' dir='ltr'>episcopi</span> <span class='ocrx_word' id='word_1_153' title='bbox 887 1439 1079 1475; x_wconf 86' lang='lat' dir='ltr'>ministerio</span> <span class='ocrx_word' id='word_1_154' title='bbox 1105 1452 1159 1474; x_wconf 86' lang='lat' dir='ltr'>me</span> <span class='ocrx_word' id='word_1_155' title='bbox 1182 1443 1324 1486; x_wconf 84' lang='lat' dir='ltr'>propter</span> <span class='ocrx_word' id='word_1_156' title='bbox 1349 1440 1570 1486; x_wconf 77' lang='lat' dir='ltr'>magistratus</span> <span class='ocrx_word' id='word_1_157' title='bbox 1594 1440 1707 1476; x_wconf 79' lang='lat' dir='ltr'>nostri</span> 
     </span>
     <span class='ocr_line' id='line_1_17' title="bbox 166 1500 1702 1548; baseline 0 -12"><span class='ocrx_word' id='word_1_158' title='bbox 166 1506 202 1537; x_wconf 86' lang='lat' dir='ltr'>et</span> <span class='ocrx_word' id='word_1_159' title='bbox 226 1500 391 1537; x_wconf 85' lang='lat' dir='ltr'>salsorum</span> <span class='ocrx_word' id='word_1_160' title='bbox 417 1500 635 1548; x_wconf 89' lang='lat' dir='ltr'>quorundam</span> <span class='ocrx_word' id='word_1_161' title='bbox 661 1501 808 1536; x_wconf 76' lang='lat' dir='ltr'>fratrum</span> <span class='ocrx_word' id='word_1_162' title='bbox 834 1500 1043 1548; x_wconf 82' lang='lat' dir='ltr'>impietatem</span> <span class='ocrx_word' id='word_1_163' title='bbox 1067 1501 1278 1536; x_wconf 85' lang='lat' dir='ltr'>renunciavi.</span> <span class='ocrx_word' id='word_1_164' title='bbox 1305 1501 1535 1548; x_wconf 79' lang='lat' dir='ltr'>Magistratus</span> <span class='ocrx_word' id='word_1_165' title='bbox 1550 1500 1702 1543; x_wconf 87' lang='lat' dir='ltr'>volebat,</span> 
     </span>
     <span class='ocr_line' id='line_1_18' title="bbox 166 1560 1703 1613; baseline 0.001 -17"><span class='ocrx_word' id='word_1_166' title='bbox 166 1564 206 1597; x_wconf 90' lang='lat' dir='ltr'>ut</span> <span class='ocrx_word' id='word_1_167' title='bbox 231 1573 356 1597; x_wconf 89' lang='lat' dir='ltr'>nomen</span> <span class='ocrx_word' id='word_1_168' title='bbox 388 1561 603 1609; x_wconf 82' lang='lat' dir='ltr'>lnspectoris</span> <span class='ocrx_word' id='word_1_169' title='bbox 635 1561 819 1596; x_wconf 82' lang='lat' dir='ltr'>retinerem</span> <span class='ocrx_word' id='word_1_170' title='bbox 857 1564 906 1613; x_wconf 64' lang='lat' dir='ltr'>et&gt;</span> <span class='ocrx_word' id='word_1_171' title='bbox 927 1560 1061 1597; x_wconf 89' lang='lat' dir='ltr'>nullum</span> <span class='ocrx_word' id='word_1_172' title='bbox 1096 1561 1178 1597; x_wconf 92' lang='lat' dir='ltr'>mihi</span> <span class='ocrx_word' id='word_1_173' title='bbox 1212 1561 1477 1598; x_wconf 85' lang='lat' dir='ltr'>Ecclesiasticae</span> <span class='ocrx_word' id='word_1_174' title='bbox 1500 1561 1703 1609; x_wconf 89' lang='lat' dir='ltr'>disciplinae</span> 
     </span>
     <span class='ocr_line' id='line_1_19' title="bbox 166 1622 1705 1670; baseline 0.001 -13"><span class='ocrx_word' id='word_1_175' title='bbox 166 1634 267 1658; x_wconf 87' lang='lat' dir='ltr'>usum</span> <span class='ocrx_word' id='word_1_176' title='bbox 303 1622 525 1669; x_wconf 86' lang='lat' dir='ltr'>permittebat</span> <span class='ocrx_word' id='word_1_177' title='bbox 557 1623 593 1658; x_wconf 87' lang='lat' dir='ltr'>in</span> <span class='ocrx_word' id='word_1_178' title='bbox 619 1622 756 1669; x_wconf 86' lang='lat' dir='ltr'>publice</span> <span class='ocrx_word' id='word_1_179' title='bbox 781 1622 905 1670; x_wconf 86' lang='lat' dir='ltr'>impios</span> <span class='ocrx_word' id='word_1_180' title='bbox 929 1634 969 1658; x_wconf 86' lang='lat' dir='ltr'>ac</span> <span class='ocrx_word' id='word_1_181' title='bbox 994 1622 1211 1669; x_wconf 77' lang='lat' dir='ltr'>blasphemos</span> <span class='ocrx_word' id='word_1_182' title='bbox 1240 1623 1472 1659; x_wconf 89' lang='lat' dir='ltr'>Ecclesiarum</span> <span class='ocrx_word' id='word_1_183' title='bbox 1493 1623 1705 1670; x_wconf 88' lang='lat' dir='ltr'>depastores‚</span> 
     </span>
     <span class='ocr_line' id='line_1_20' title="bbox 165 1683 1706 1730; baseline 0 -11"><span class='ocrx_word' id='word_1_184' title='bbox 165 1696 209 1719; x_wconf 88' lang='lat' dir='ltr'>ne</span> <span class='ocrx_word' id='word_1_185' title='bbox 244 1683 356 1720; x_wconf 88' lang='lat' dir='ltr'>dicam</span> <span class='ocrx_word' id='word_1_186' title='bbox 392 1686 558 1730; x_wconf 85' lang='lat' dir='ltr'>pastores.</span> <span class='ocrx_word' id='word_1_187' title='bbox 604 1684 725 1722; x_wconf 78' lang='lat' dir='ltr'>Quare</span> <span class='ocrx_word' id='word_1_188' title='bbox 762 1695 827 1729; x_wconf 83' lang='lat' dir='ltr'>ego</span> <span class='ocrx_word' id='word_1_189' title='bbox 860 1683 1086 1719; x_wconf 84' lang='lat' dir='ltr'>autoritatem</span> <span class='ocrx_word' id='word_1_190' title='bbox 1122 1683 1253 1719; x_wconf 91' lang='lat' dir='ltr'>Christi</span> <span class='ocrx_word' id='word_1_191' title='bbox 1280 1683 1420 1719; x_wconf 86' lang='lat' dir='ltr'>Domini</span> <span class='ocrx_word' id='word_1_192' title='bbox 1444 1684 1480 1719; x_wconf 89' lang='lat' dir='ltr'>in</span> <span class='ocrx_word' id='word_1_193' title='bbox 1505 1696 1582 1720; x_wconf 90' lang='lat' dir='ltr'>meo</span> <span class='ocrx_word' id='word_1_194' title='bbox 1607 1685 1706 1720; x_wconf 90' lang='lat' dir='ltr'>mini·</span> 
     </span>
     <span class='ocr_line' id='line_1_21' title="bbox 164 1743 1705 1791; baseline 0.001 -12"><span class='ocrx_word' id='word_1_195' title='bbox 164 1744 270 1780; x_wconf 84' lang='lat' dir='ltr'>sterio</span> <span class='ocrx_word' id='word_1_196' title='bbox 305 1743 519 1791; x_wconf 89' lang='lat' dir='ltr'>contemptui</span> <span class='ocrx_word' id='word_1_197' title='bbox 556 1743 693 1790; x_wconf 88' lang='lat' dir='ltr'>publico</span> <span class='ocrx_word' id='word_1_198' title='bbox 726 1743 876 1790; x_wconf 88' lang='lat' dir='ltr'>amplius</span> <span class='ocrx_word' id='word_1_199' title='bbox 910 1744 1149 1790; x_wconf 79' lang='lat' dir='ltr'>exponendam</span> <span class='ocrx_word' id='word_1_200' title='bbox 1185 1756 1255 1779; x_wconf 89' lang='lat' dir='ltr'>non</span> <span class='ocrx_word' id='word_1_201' title='bbox 1289 1755 1364 1779; x_wconf 84' lang='lat' dir='ltr'>esse</span> <span class='ocrx_word' id='word_1_202' title='bbox 1399 1744 1519 1791; x_wconf 86' lang='lat' dir='ltr'>putavi</span> <span class='ocrx_word' id='word_1_203' title='bbox 1544 1748 1580 1779; x_wconf 90' lang='lat' dir='ltr'>et</span> <span class='ocrx_word' id='word_1_204' title='bbox 1605 1745 1705 1781; x_wconf 86' lang='lat' dir='ltr'>mini·</span> 
     </span>
     <span class='ocr_line' id='line_1_22' title="bbox 165 1803 1702 1852; baseline 0.001 -13"><span class='ocrx_word' id='word_1_205' title='bbox 165 1803 324 1846; x_wconf 87' lang='lat' dir='ltr'>sterium,</span> <span class='ocrx_word' id='word_1_206' title='bbox 360 1815 430 1851; x_wconf 92' lang='lat' dir='ltr'>quo</span> <span class='ocrx_word' id='word_1_207' title='bbox 464 1804 618 1851; x_wconf 80' lang='lat' dir='ltr'>legitime</span> <span class='ocrx_word' id='word_1_208' title='bbox 648 1804 793 1850; x_wconf 85' lang='lat' dir='ltr'>defungi</span> <span class='ocrx_word' id='word_1_209' title='bbox 827 1816 896 1839; x_wconf 89' lang='lat' dir='ltr'>non</span> <span class='ocrx_word' id='word_1_210' title='bbox 929 1804 1039 1851; x_wconf 90' lang='lat' dir='ltr'>potui,</span> <span class='ocrx_word' id='word_1_211' title='bbox 1072 1815 1148 1840; x_wconf 89' lang='lat' dir='ltr'>mea</span> <span class='ocrx_word' id='word_1_212' title='bbox 1182 1810 1307 1850; x_wconf 87' lang='lat' dir='ltr'>sponte</span> <span class='ocrx_word' id='word_1_213' title='bbox 1341 1804 1497 1852; x_wconf 74' lang='lat' dir='ltr'>deposui.</span> <span class='ocrx_word' id='word_1_214' title='bbox 1548 1805 1702 1841; x_wconf 85' lang='lat' dir='ltr'>Pastoris</span> 
     </span>
     <span class='ocr_line' id='line_1_23' title="bbox 165 1863 1702 1912; baseline 0.002 -14"><span class='ocrx_word' id='word_1_215' title='bbox 165 1866 280 1900; x_wconf 83' lang='lat' dir='ltr'>tamen</span> <span class='ocrx_word' id='word_1_216' title='bbox 306 1864 535 1900; x_wconf 87' lang='lat' dir='ltr'>ministerium</span> <span class='ocrx_word' id='word_1_217' title='bbox 563 1864 598 1900; x_wconf 88' lang='lat' dir='ltr'>iu</span> <span class='ocrx_word' id='word_1_218' title='bbox 623 1863 750 1911; x_wconf 91' lang='lat' dir='ltr'>oppido</span> <span class='ocrx_word' id='word_1_219' title='bbox 778 1864 842 1900; x_wconf 90' lang='lat' dir='ltr'>hoc</span> <span class='ocrx_word' id='word_1_220' title='bbox 867 1868 988 1899; x_wconf 86' lang='lat' dir='ltr'>nostro</span> <span class='ocrx_word' id='word_1_221' title='bbox 1014 1877 1084 1900; x_wconf 88' lang='lat' dir='ltr'>non</span> <span class='ocrx_word' id='word_1_222' title='bbox 1110 1865 1265 1911; x_wconf 87' lang='lat' dir='ltr'>deposui,</span> <span class='ocrx_word' id='word_1_223' title='bbox 1291 1876 1403 1912; x_wconf 85' lang='lat' dir='ltr'>neque</span> <span class='ocrx_word' id='word_1_224' title='bbox 1428 1864 1611 1911; x_wconf 80' lang='lat' dir='ltr'>deponam,</span> <span class='ocrx_word' id='word_1_225' title='bbox 1636 1866 1702 1902; x_wconf 89' lang='lat' dir='ltr'>nisi</span> 
     </span>
     <span class='ocr_line' id='line_1_24' title="bbox 165 1925 1702 1975; baseline 0.002 -15"><span class='ocrx_word' id='word_1_226' title='bbox 165 1926 346 1972; x_wconf 85' lang='lat' dir='ltr'>propellar,</span> <span class='ocrx_word' id='word_1_227' title='bbox 380 1937 449 1972; x_wconf 90' lang='lat' dir='ltr'>quo</span> <span class='ocrx_word' id='word_1_228' title='bbox 483 1925 563 1960; x_wconf 93' lang='lat' dir='ltr'>mihi</span> <span class='ocrx_word' id='word_1_229' title='bbox 603 1929 718 1960; x_wconf 80' lang='lat' dir='ltr'>tamen</span> <span class='ocrx_word' id='word_1_230' title='bbox 751 1937 805 1961; x_wconf 91' lang='lat' dir='ltr'>res</span> <span class='ocrx_word' id='word_1_231' title='bbox 842 1926 1087 1972; x_wconf 85' lang='lat' dir='ltr'>propemodum</span> <span class='ocrx_word' id='word_1_232' title='bbox 1123 1930 1279 1972; x_wconf 85' lang='lat' dir='ltr'>spectare</span> <span class='ocrx_word' id='word_1_233' title='bbox 1314 1926 1483 1975; x_wconf 53' lang='lat' dir='ltr'>videtur„</span> <span class='ocrx_word' id='word_1_234' title='bbox 1511 1927 1587 1973; x_wconf 81' lang='lat' dir='ltr'>Ego</span> <span class='ocrx_word' id='word_1_235' title='bbox 1621 1939 1702 1963; x_wconf 88' lang='lat' dir='ltr'>vero</span> 
     </span>
     <span class='ocr_line' id='line_1_25' title="bbox 164 1985 1701 2034; baseline 0.001 -13"><span class='ocrx_word' id='word_1_236' title='bbox 164 1998 218 2021; x_wconf 91' lang='lat' dir='ltr'>me</span> <span class='ocrx_word' id='word_1_237' title='bbox 252 1989 363 2021; x_wconf 88' lang='lat' dir='ltr'>totum</span> <span class='ocrx_word' id='word_1_238' title='bbox 399 1985 454 2022; x_wconf 86' lang='lat' dir='ltr'>hie</span> <span class='ocrx_word' id='word_1_239' title='bbox 479 1986 644 2032; x_wconf 85' lang='lat' dir='ltr'>permitto</span> <span class='ocrx_word' id='word_1_240' title='bbox 670 1985 758 2027; x_wconf 87' lang='lat' dir='ltr'>Deo,</span> <span class='ocrx_word' id='word_1_241' title='bbox 792 1997 905 2033; x_wconf 90' lang='lat' dir='ltr'>neque</span> <span class='ocrx_word' id='word_1_242' title='bbox 928 1998 1003 2021; x_wconf 89' lang='lat' dir='ltr'>sum</span> <span class='ocrx_word' id='word_1_243' title='bbox 1029 1997 1189 2022; x_wconf 88' lang='lat' dir='ltr'>cessurus</span> <span class='ocrx_word' id='word_1_244' title='bbox 1217 1998 1275 2033; x_wconf 90' lang='lat' dir='ltr'>per</span> <span class='ocrx_word' id='word_1_245' title='bbox 1296 1986 1362 2022; x_wconf 86' lang='lat' dir='ltr'>Dei</span> <span class='ocrx_word' id='word_1_246' title='bbox 1384 1987 1529 2034; x_wconf 80' lang='lat' dir='ltr'>gratiam</span> <span class='ocrx_word' id='word_1_247' title='bbox 1553 1988 1701 2023; x_wconf 85' lang='lat' dir='ltr'>Satanae</span> 
     </span>
     <span class='ocr_line' id='line_1_26' title="bbox 162 2033 1700 2096; baseline 0.002 -14"><span class='ocrx_word' id='word_1_248' title='bbox 162 2050 199 2082; x_wconf 89' lang='lat' dir='ltr'>ct</span> <span class='ocrx_word' id='word_1_249' title='bbox 233 2047 352 2082; x_wconf 89' lang='lat' dir='ltr'>mundi</span> <span class='ocrx_word' id='word_1_250' title='bbox 388 2047 502 2083; x_wconf 88' lang='lat' dir='ltr'>furiis.</span> <span class='ocrx_word' id='word_1_251' title='bbox 551 2047 647 2083; x_wconf 86' lang='lat' dir='ltr'>Aula</span> <span class='ocrx_word' id='word_1_252' title='bbox 680 2046 905 2094; x_wconf 87' lang='lat' dir='ltr'>Burgundica</span> <span class='ocrx_word' id='word_1_253' title='bbox 939 2033 1024 2083; x_wconf 81' lang='lat' dir='ltr'>niliil</span> <span class='ocrx_word' id='word_1_254' title='bbox 1059 2060 1128 2083; x_wconf 88' lang='lat' dir='ltr'>non</span> <span class='ocrx_word' id='word_1_255' title='bbox 1154 2048 1239 2095; x_wconf 83' lang='lat' dir='ltr'>agit.</span> <span class='ocrx_word' id='word_1_256' title='bbox 1273 2052 1311 2083; x_wconf 87' lang='lat' dir='ltr'>ut</span> <span class='ocrx_word' id='word_1_257' title='bbox 1339 2048 1416 2085; x_wconf 87' lang='lat' dir='ltr'>hine</span> <span class='ocrx_word' id='word_1_258' title='bbox 1438 2048 1622 2096; x_wconf 85' lang='lat' dir='ltr'>propellar,</span> <span class='ocrx_word' id='word_1_259' title='bbox 1650 2052 1700 2092; x_wconf 87' lang='lat' dir='ltr'>et,</span> 
     </span>
     <span class='ocr_line' id='line_1_27' title="bbox 162 2107 1702 2156; baseline 0.003 -14"><span class='ocrx_word' id='word_1_260' title='bbox 162 2119 240 2143; x_wconf 90' lang='lat' dir='ltr'>cum</span> <span class='ocrx_word' id='word_1_261' title='bbox 277 2120 329 2143; x_wconf 93' lang='lat' dir='ltr'>me</span> <span class='ocrx_word' id='word_1_262' title='bbox 362 2108 593 2155; x_wconf 87' lang='lat' dir='ltr'>anabaptismi</span> <span class='ocrx_word' id='word_1_263' title='bbox 624 2108 856 2156; x_wconf 86' lang='lat' dir='ltr'>suspicionem</span> <span class='ocrx_word' id='word_1_264' title='bbox 882 2107 1056 2155; x_wconf 76' lang='lat' dir='ltr'>depulisse</span> <span class='ocrx_word' id='word_1_265' title='bbox 1081 2108 1185 2151; x_wconf 82' lang='lat' dir='ltr'>videt,</span> <span class='ocrx_word' id='word_1_266' title='bbox 1210 2109 1521 2145; x_wconf 78' lang='lat' dir='ltr'>Sacramentarium</span> <span class='ocrx_word' id='word_1_267' title='bbox 1549 2122 1603 2146; x_wconf 89' lang='lat' dir='ltr'>me</span> <span class='ocrx_word' id='word_1_268' title='bbox 1627 2122 1702 2146; x_wconf 88' lang='lat' dir='ltr'>esse</span> 
     </span>
     <span class='ocr_line' id='line_1_28' title="bbox 162 2168 354 2204; baseline 0.005 -1"><span class='ocrx_word' id='word_1_269' title='bbox 162 2168 354 2204; x_wconf 87' lang='lat' dir='ltr'>contendit.</span> 
     </span>
    </p>

    <p class='ocr_par' dir='ltr' id='par_1_6' title="bbox 161 2227 1701 2948">
     <span class='ocr_line' id='line_1_29' title="bbox 208 2227 1698 2277; baseline 0.002 -13"><span class='ocrx_word' id='word_1_270' title='bbox 208 2229 395 2271; x_wconf 86' lang='lat' dir='ltr'>Bucerum,</span> <span class='ocrx_word' id='word_1_271' title='bbox 420 2240 499 2265; x_wconf 92' lang='lat' dir='ltr'>cum</span> <span class='ocrx_word' id='word_1_272' title='bbox 529 2227 788 2276; x_wconf 89' lang='lat' dir='ltr'>Heidelbergae</span> <span class='ocrx_word' id='word_1_273' title='bbox 819 2240 943 2269; x_wconf 85' lang='lat' dir='ltr'>essem.</span> <span class='ocrx_word' id='word_1_274' title='bbox 975 2241 1045 2264; x_wconf 90' lang='lat' dir='ltr'>non</span> <span class='ocrx_word' id='word_1_275' title='bbox 1072 2229 1154 2270; x_wconf 89' lang='lat' dir='ltr'>vidi,</span> <span class='ocrx_word' id='word_1_276' title='bbox 1184 2232 1219 2265; x_wconf 86' lang='lat' dir='ltr'>et</span> <span class='ocrx_word' id='word_1_277' title='bbox 1244 2229 1326 2265; x_wconf 89' lang='lat' dir='ltr'>mihi</span> <span class='ocrx_word' id='word_1_278' title='bbox 1352 2229 1459 2273; x_wconf 85' lang='lat' dir='ltr'>dolet,</span> <span class='ocrx_word' id='word_1_279' title='bbox 1487 2230 1580 2277; x_wconf 87' lang='lat' dir='ltr'>quod</span> <span class='ocrx_word' id='word_1_280' title='bbox 1599 2231 1698 2268; x_wconf 92' lang='lat' dir='ltr'>illum</span> 
     </span>
     <span class='ocr_line' id='line_1_30' title="bbox 163 2289 1701 2340; baseline 0.002 -14"><span class='ocrx_word' id='word_1_281' title='bbox 163 2303 233 2327; x_wconf 89' lang='lat' dir='ltr'>uon</span> <span class='ocrx_word' id='word_1_282' title='bbox 272 2290 426 2327; x_wconf 90' lang='lat' dir='ltr'>viderim.</span> <span class='ocrx_word' id='word_1_283' title='bbox 476 2290 623 2337; x_wconf 85' lang='lat' dir='ltr'>Expetit</span> <span class='ocrx_word' id='word_1_284' title='bbox 655 2289 715 2326; x_wconf 91' lang='lat' dir='ltr'>ille</span> <span class='ocrx_word' id='word_1_285' title='bbox 749 2289 961 2338; x_wconf 88' lang='lat' dir='ltr'>colloquium</span> <span class='ocrx_word' id='word_1_286' title='bbox 988 2303 1101 2326; x_wconf 90' lang='lat' dir='ltr'>meum</span> <span class='ocrx_word' id='word_1_287' title='bbox 1127 2293 1162 2327; x_wconf 89' lang='lat' dir='ltr'>et</span> <span class='ocrx_word' id='word_1_288' title='bbox 1187 2303 1252 2338; x_wconf 83' lang='lat' dir='ltr'>ego</span> <span class='ocrx_word' id='word_1_289' title='bbox 1279 2292 1428 2328; x_wconf 88' lang='lat' dir='ltr'>vicissim</span> <span class='ocrx_word' id='word_1_290' title='bbox 1455 2304 1568 2329; x_wconf 87' lang='lat' dir='ltr'>suum.</span> <span class='ocrx_word' id='word_1_291' title='bbox 1617 2293 1701 2340; x_wconf 84' lang='lat' dir='ltr'>Egit</span> 
     </span>
     <span class='ocr_line' id='line_1_31' title="bbox 163 2351 1701 2400; baseline 0.001 -13"><span class='ocrx_word' id='word_1_292' title='bbox 163 2364 295 2388; x_wconf 80' lang='lat' dir='ltr'>mecum</span> <span class='ocrx_word' id='word_1_293' title='bbox 329 2351 372 2387; x_wconf 88' lang='lat' dir='ltr'>de</span> <span class='ocrx_word' id='word_1_294' title='bbox 408 2364 532 2388; x_wconf 85' lang='lat' dir='ltr'>caussa</span> <span class='ocrx_word' id='word_1_295' title='bbox 565 2352 841 2387; x_wconf 84' lang='lat' dir='ltr'>Sacramentaria</span> <span class='ocrx_word' id='word_1_296' title='bbox 873 2363 934 2399; x_wconf 87' lang='lat' dir='ltr'>per</span> <span class='ocrx_word' id='word_1_297' title='bbox 967 2351 1085 2387; x_wconf 84' lang='lat' dir='ltr'>literas</span> <span class='ocrx_word' id='word_1_298' title='bbox 1117 2364 1200 2388; x_wconf 83' lang='lat' dir='ltr'>suas</span> <span class='ocrx_word' id='word_1_299' title='bbox 1236 2352 1342 2388; x_wconf 89' lang='lat' dir='ltr'>semel</span> <span class='ocrx_word' id='word_1_300' title='bbox 1367 2356 1473 2400; x_wconf 85' lang='lat' dir='ltr'>atque</span> <span class='ocrx_word' id='word_1_301' title='bbox 1498 2353 1636 2395; x_wconf 82' lang='lat' dir='ltr'>iterum,</span> <span class='ocrx_word' id='word_1_302' title='bbox 1664 2358 1701 2389; x_wconf 88' lang='lat' dir='ltr'>et</span> 
     </span>
     <span class='ocr_line' id='line_1_32' title="bbox 162 2411 1698 2462; baseline 0.001 -14"><span class='ocrx_word' id='word_1_303' title='bbox 162 2426 226 2459; x_wconf 89' lang='lat' dir='ltr'>ego</span> <span class='ocrx_word' id='word_1_304' title='bbox 252 2413 301 2449; x_wconf 94' lang='lat' dir='ltr'>illi</span> <span class='ocrx_word' id='word_1_305' title='bbox 327 2412 476 2449; x_wconf 89' lang='lat' dir='ltr'>vicissim</span> <span class='ocrx_word' id='word_1_306' title='bbox 504 2411 675 2460; x_wconf 85' lang='lat' dir='ltr'>respondi,</span> <span class='ocrx_word' id='word_1_307' title='bbox 699 2424 763 2448; x_wconf 89' lang='lat' dir='ltr'>nee</span> <span class='ocrx_word' id='word_1_308' title='bbox 783 2412 929 2448; x_wconf 87' lang='lat' dir='ltr'>multum</span> <span class='ocrx_word' id='word_1_309' title='bbox 951 2416 1006 2448; x_wconf 84' lang='lat' dir='ltr'>est</span> <span class='ocrx_word' id='word_1_310' title='bbox 1023 2412 1113 2448; x_wconf 87' lang='lat' dir='ltr'>inter</span> <span class='ocrx_word' id='word_1_311' title='bbox 1134 2425 1195 2449; x_wconf 90' lang='lat' dir='ltr'>nos</span> <span class='ocrx_word' id='word_1_312' title='bbox 1219 2413 1424 2450; x_wconf 81' lang='lat' dir='ltr'>discriminis</span> <span class='ocrx_word' id='word_1_313' title='bbox 1438 2414 1482 2459; x_wconf 76' lang='grc'>2).</span> <span class='ocrx_word' id='word_1_314' title='bbox 1516 2415 1594 2462; x_wconf 87' lang='lat' dir='ltr'>Ego</span> <span class='ocrx_word' id='word_1_315' title='bbox 1609 2415 1698 2450; x_wconf 86' lang='lat' dir='ltr'>iutra</span> 
     </span>
     <span class='ocr_line' id='line_1_33' title="bbox 162 2473 1695 2521; baseline 0.002 -13"><span class='ocrx_word' id='word_1_316' title='bbox 162 2473 411 2521; x_wconf 86' lang='lat' dir='ltr'>obsignationis</span> <span class='ocrx_word' id='word_1_317' title='bbox 435 2475 521 2510; x_wconf 90' lang='lat' dir='ltr'>fines</span> <span class='ocrx_word' id='word_1_318' title='bbox 546 2475 771 2521; x_wconf 78' lang='lat' dir='ltr'>Sacramenta</span> <span class='ocrx_word' id='word_1_319' title='bbox 794 2473 910 2509; x_wconf 88' lang='lat' dir='ltr'>omnia</span> <span class='ocrx_word' id='word_1_320' title='bbox 934 2473 1123 2510; x_wconf 88' lang='lat' dir='ltr'>concludo:</span> <span class='ocrx_word' id='word_1_321' title='bbox 1149 2473 1207 2510; x_wconf 90' lang='lat' dir='ltr'>ille</span> <span class='ocrx_word' id='word_1_322' title='bbox 1232 2474 1329 2510; x_wconf 83' lang='lat' dir='ltr'>addit</span> <span class='ocrx_word' id='word_1_323' title='bbox 1353 2475 1609 2516; x_wconf 83' lang='lat' dir='ltr'>exhibitionem,</span> <span class='ocrx_word' id='word_1_324' title='bbox 1635 2474 1695 2510; x_wconf 88' lang='lat' dir='ltr'>sed</span> 
     </span>
     <span class='ocr_line' id='line_1_34' title="bbox 162 2533 1695 2581; baseline 0 -12"><span class='ocrx_word' id='word_1_325' title='bbox 162 2534 210 2569; x_wconf 85' lang='lat' dir='ltr'>ita</span> <span class='ocrx_word' id='word_1_326' title='bbox 244 2537 296 2576; x_wconf 87' lang='lat' dir='ltr'>ut,</span> <span class='ocrx_word' id='word_1_327' title='bbox 330 2535 422 2581; x_wconf 91' lang='lat' dir='ltr'>quod</span> <span class='ocrx_word' id='word_1_328' title='bbox 456 2534 491 2570; x_wconf 91' lang='lat' dir='ltr'>in</span> <span class='ocrx_word' id='word_1_329' title='bbox 523 2534 754 2570; x_wconf 74' lang='lat' dir='ltr'>sacramentis</span> <span class='ocrx_word' id='word_1_330' title='bbox 788 2534 939 2570; x_wconf 89' lang='lat' dir='ltr'>coeleste</span> <span class='ocrx_word' id='word_1_331' title='bbox 966 2537 1032 2572; x_wconf 89' lang='lat' dir='ltr'>est.</span> <span class='ocrx_word' id='word_1_332' title='bbox 1062 2533 1130 2570; x_wconf 83' lang='lat' dir='ltr'>fide</span> <span class='ocrx_word' id='word_1_333' title='bbox 1154 2534 1191 2570; x_wconf 89' lang='lat' dir='ltr'>in</span> <span class='ocrx_word' id='word_1_334' title='bbox 1217 2534 1354 2570; x_wconf 89' lang='lat' dir='ltr'>coelum</span> <span class='ocrx_word' id='word_1_335' title='bbox 1380 2535 1560 2576; x_wconf 86' lang='lat' dir='ltr'>subvecta,</span> <span class='ocrx_word' id='word_1_336' title='bbox 1584 2547 1604 2570; x_wconf 89' lang='lat' dir='ltr'>a</span> <span class='ocrx_word' id='word_1_337' title='bbox 1631 2535 1695 2581; x_wconf 89' lang='lat' dir='ltr'>piis</span> 
     </span>
     <span class='ocr_line' id='line_1_35' title="bbox 161 2593 1694 2642; baseline 0.002 -14"><span class='ocrx_word' id='word_1_338' title='bbox 161 2593 331 2630; x_wconf 82' lang='lat' dir='ltr'>duntaxat</span> <span class='ocrx_word' id='word_1_339' title='bbox 368 2595 591 2642; x_wconf 77' lang='lat' dir='ltr'>percipiatur.</span> <span class='ocrx_word' id='word_1_340' title='bbox 642 2595 828 2631; x_wconf 86' lang='lat' dir='ltr'>Assentior</span> <span class='ocrx_word' id='word_1_341' title='bbox 861 2595 916 2631; x_wconf 88' lang='lat' dir='ltr'>hic</span> <span class='ocrx_word' id='word_1_342' title='bbox 950 2608 1015 2642; x_wconf 89' lang='lat' dir='ltr'>ego</span> <span class='ocrx_word' id='word_1_343' title='bbox 1048 2600 1083 2631; x_wconf 86' lang='lat' dir='ltr'>et</span> <span class='ocrx_word' id='word_1_344' title='bbox 1116 2596 1239 2638; x_wconf 87' lang='lat' dir='ltr'>fateor,</span> <span class='ocrx_word' id='word_1_345' title='bbox 1273 2596 1308 2631; x_wconf 88' lang='lat' dir='ltr'>iu</span> <span class='ocrx_word' id='word_1_346' title='bbox 1343 2608 1449 2632; x_wconf 85' lang='lat' dir='ltr'>coena</span> <span class='ocrx_word' id='word_1_347' title='bbox 1483 2596 1629 2632; x_wconf 86' lang='lat' dir='ltr'>sublatis</span> <span class='ocrx_word' id='word_1_348' title='bbox 1659 2597 1694 2632; x_wconf 92' lang='lat' dir='ltr'>in</span> 
     </span>
     <span class='ocr_line' id='line_1_36' title="bbox 162 2655 1695 2703; baseline 0.002 -13"><span class='ocrx_word' id='word_1_349' title='bbox 162 2655 298 2691; x_wconf 90' lang='lat' dir='ltr'>coelum</span> <span class='ocrx_word' id='word_1_350' title='bbox 336 2655 459 2691; x_wconf 86' lang='lat' dir='ltr'>animis</span> <span class='ocrx_word' id='word_1_351' title='bbox 484 2656 613 2691; x_wconf 87' lang='lat' dir='ltr'>nostris</span> <span class='ocrx_word' id='word_1_352' title='bbox 640 2656 707 2691; x_wconf 86' lang='lat' dir='ltr'>fide</span> <span class='ocrx_word' id='word_1_353' title='bbox 732 2668 793 2702; x_wconf 88' lang='lat' dir='ltr'>per</span> <span class='ocrx_word' id='word_1_354' title='bbox 817 2656 986 2703; x_wconf 86' lang='lat' dir='ltr'>Spiritum</span> <span class='ocrx_word' id='word_1_355' title='bbox 1012 2657 1192 2698; x_wconf 87' lang='lat' dir='ltr'>Sanctum,</span> <span class='ocrx_word' id='word_1_356' title='bbox 1218 2669 1332 2693; x_wconf 84' lang='lat' dir='ltr'>veram</span> <span class='ocrx_word' id='word_1_357' title='bbox 1358 2669 1420 2692; x_wconf 84' lang='lat' dir='ltr'>nos</span> <span class='ocrx_word' id='word_1_358' title='bbox 1444 2657 1516 2692; x_wconf 89' lang='lat' dir='ltr'>illic</span> <span class='ocrx_word' id='word_1_359' title='bbox 1542 2659 1695 2703; x_wconf 86' lang='lat' dir='ltr'>corporis</span> 
     </span>
     <span class='ocr_line' id='line_1_37' title="bbox 161 2715 1692 2763; baseline 0.003 -14"><span class='ocrx_word' id='word_1_360' title='bbox 161 2717 197 2750; x_wconf 86' lang='lat' dir='ltr'>et</span> <span class='ocrx_word' id='word_1_361' title='bbox 234 2715 413 2761; x_wconf 82' lang='lat' dir='ltr'>sanguinis</span> <span class='ocrx_word' id='word_1_362' title='bbox 448 2716 579 2752; x_wconf 88' lang='lat' dir='ltr'>Christi</span> <span class='ocrx_word' id='word_1_363' title='bbox 611 2717 886 2753; x_wconf 87' lang='lat' dir='ltr'>communionem</span> <span class='ocrx_word' id='word_1_364' title='bbox 920 2716 1096 2763; x_wconf 86' lang='lat' dir='ltr'>percipere</span> <span class='ocrx_word' id='word_1_365' title='bbox 1130 2717 1227 2753; x_wconf 84' lang='lat' dir='ltr'>iuxta</span> <span class='ocrx_word' id='word_1_366' title='bbox 1261 2717 1476 2753; x_wconf 85' lang='lat' dir='ltr'>Saeramenti</span> <span class='ocrx_word' id='word_1_367' title='bbox 1511 2717 1692 2760; x_wconf 84' lang='lat' dir='ltr'>rationem,</span> 
     </span>
     <span class='ocr_line' id='line_1_38' title="bbox 161 2775 1695 2825; baseline 0.003 -15"><span class='ocrx_word' id='word_1_368' title='bbox 161 2775 226 2810; x_wconf 89' lang='lat' dir='ltr'>hoc</span> <span class='ocrx_word' id='word_1_369' title='bbox 251 2779 316 2817; x_wconf 89' lang='lat' dir='ltr'>est,</span> <span class='ocrx_word' id='word_1_370' title='bbox 345 2788 404 2822; x_wconf 90' lang='lat' dir='ltr'>per</span> <span class='ocrx_word' id='word_1_371' title='bbox 429 2777 565 2812; x_wconf 85' lang='lat' dir='ltr'>modum</span> <span class='ocrx_word' id='word_1_372' title='bbox 592 2777 858 2824; x_wconf 83' lang='lat' dir='ltr'>obsignationis.</span> <span class='ocrx_word' id='word_1_373' title='bbox 908 2776 1028 2822; x_wconf 83' lang='lat' dir='ltr'>Atque</span> <span class='ocrx_word' id='word_1_374' title='bbox 1057 2777 1225 2813; x_wconf 74' lang='lat' dir='ltr'>hactenus</span> <span class='ocrx_word' id='word_1_375' title='bbox 1253 2778 1424 2825; x_wconf 84' lang='lat' dir='ltr'>progressi</span> <span class='ocrx_word' id='word_1_376' title='bbox 1448 2789 1580 2812; x_wconf 84' lang='lat' dir='ltr'>sumus.</span> <span class='ocrx_word' id='word_1_377' title='bbox 1619 2778 1695 2814; x_wconf 88' lang='lat' dir='ltr'>Nec</span> 
     </span>
     <span class='ocr_line' id='line_1_39' title="bbox 161 2834 1692 2884; baseline 0.003 -14"><span class='ocrx_word' id='word_1_378' title='bbox 161 2834 296 2876; x_wconf 84' lang='lat' dir='ltr'>dubito,</span> <span class='ocrx_word' id='word_1_379' title='bbox 328 2836 411 2882; x_wconf 88' lang='lat' dir='ltr'>quin</span> <span class='ocrx_word' id='word_1_380' title='bbox 447 2838 484 2872; x_wconf 90' lang='lat' dir='ltr'>et</span> <span class='ocrx_word' id='word_1_381' title='bbox 517 2837 553 2872; x_wconf 87' lang='lat' dir='ltr'>in</span> <span class='ocrx_word' id='word_1_382' title='bbox 589 2837 732 2884; x_wconf 86' lang='lat' dir='ltr'>reliquis</span> <span class='ocrx_word' id='word_1_383' title='bbox 765 2849 818 2873; x_wconf 87' lang='lat' dir='ltr'>res</span> <span class='ocrx_word' id='word_1_384' title='bbox 855 2836 941 2872; x_wconf 86' lang='lat' dir='ltr'>bene</span> <span class='ocrx_word' id='word_1_385' title='bbox 964 2837 1011 2872; x_wconf 83' lang='lat' dir='ltr'>sit</span> <span class='ocrx_word' id='word_1_386' title='bbox 1035 2849 1248 2879; x_wconf 84' lang='lat' dir='ltr'>successura,</span> <span class='ocrx_word' id='word_1_387' title='bbox 1282 2837 1482 2884; x_wconf 87' lang='lat' dir='ltr'>praesertim</span> <span class='ocrx_word' id='word_1_388' title='bbox 1510 2841 1692 2884; x_wconf 87' lang='lat' dir='ltr'>postquam</span> 
     </span>
     <span class='ocr_line' id='line_1_40' title="bbox 163 2895 1695 2948; baseline 0.003 -16"><span class='ocrx_word' id='word_1_389' title='bbox 163 2895 338 2936; x_wconf 82' lang='lat' dir='ltr'>Lutherus</span> <span class='ocrx_word' id='word_1_390' title='bbox 363 2897 397 2934; x_wconf 85' lang='lat' dir='ltr'>in</span> <span class='ocrx_word' id='word_1_391' title='bbox 427 2897 498 2934; x_wconf 80' lang='lat' dir='ltr'>fata</span> <span class='ocrx_word' id='word_1_392' title='bbox 518 2899 700 2935; x_wconf 82' lang='lat' dir='ltr'>concessit.</span> <span class='ocrx_word' id='word_1_393' title='bbox 731 2898 858 2935; x_wconf 89' lang='lat' dir='ltr'>Mirum</span> <span class='ocrx_word' id='word_1_394' title='bbox 878 2899 946 2939; x_wconf 85' lang='lat' dir='ltr'>est,</span> <span class='ocrx_word' id='word_1_395' title='bbox 967 2897 1075 2933; x_wconf 90' lang='lat' dir='ltr'>virum</span> <span class='ocrx_word' id='word_1_396' title='bbox 1100 2898 1195 2934; x_wconf 91' lang='lat' dir='ltr'>illum</span> <span class='ocrx_word' id='word_1_397' title='bbox 1215 2898 1470 2948; x_wconf 81' lang='lat' dir='ltr'>sanctissimum</span> <span class='ocrx_word' id='word_1_398' title='bbox 1490 2900 1526 2934; x_wconf 82' lang='lat' dir='ltr'>et</span> <span class='ocrx_word' id='word_1_399' title='bbox 1547 2900 1695 2936; x_wconf 80' lang='lat' dir='ltr'>aeternis</span> 
     </span>
    </p>
   </div>
  </div>
 </body>
</html>
