1830 3147
436 142 945 154 WWM-mwaemaemvv
948 141 967 149 φ..
970 138 1253 148 vmamvwwsmw
1256 138 1281 146 ,ν
1284 138 1295 145 s
1298 137 1350 145 m«
1353 139 1361 145 ο
1367 137 1403 145 cas
1407 137 1445 145 Μ
1448 134 1575 145 »aeaemm

627 563 961 605 &ERENISSIM
968 563 1000 604 0
1042 563 1334 605 CLEMENTI
1330 564 1413 605 SSI
1408 565 1460 606 M
1462 564 1494 604 O
1500 564 1533 617 Q
1545 564 1615 605 ΗΕ

421 711 604 765 Principz'
650 715 688 751 et
739 710 919 760 Domino,
971 711 1024 752 D.
1076 711 1282 760 Eduardo,
1323 711 1408 752 eius
1447 711 1612 751 nominis

420 788 541 832 secto,
585 783 767 835 Anyliae,
807 783 1007 824 Franciae
1048 787 1085 823 et
1128 783 1355 838 Hyberm’ae
1392 783 1510 835 Bacis,
1552 797 1612 823 ve-

423 871 494 897 rae
529 855 757 896 Catholicae
788 860 907 910 atque
938 855 1306 910 Apostolicaefidei
1329 856 1540 912 defensori,
1565 871 1612 896 ac

422 943 597 982 supremo
635 927 676 968 in
715 928 832 968 terris
872 929 940 968 sub
986 929 1140 969 Christo
1181 929 1430 981 Anqlieanae
1461 933 1498 969 et
1530 928 1613 983 Hy-

421 1001 599 1041 berm'cae
630 999 832 1040 Ecclesiae
868 1000 1013 1052 Capiti,
1036 1026 1094 1032 —-
1114 1001 1300 1042 sslinistri
1319 1001 1520 1042 Ecclesiae
1541 1002 1614 1041 Pe-

422 1072 677 1124 regsr‘inoram,
723 1071 898 1111 Loadim‘
939 1071 1161 1121 institutae,
1205 1076 1342 1125 optant
1369 1073 1543 1124 qratiam
1576 1077 1614 1113 el

410 1159 551 1197 pacem
589 1160 612 1184 a
656 1144 740 1184 Deo
780 1143 905 1184 Patre
926 1159 1004 1197 per
1055 1144 1257 1185 Christum·
1281 1145 1503 1194 Dominum,
1537 1145 1614 1186 Re-

419 1231 516 1268 yem,
555 1216 793 1269 Prophetam
847 1220 884 1255 σί
924 1216 1152 1271 Pontificem
1194 1221 1367 1258 nostrum
1399 1206 1611 1258 aeternun'e.

422 1291 557 1330 Amen.

110 1405 225 1460 „QUI
261 1422 412 1459 fatalem
457 1422 568 1460 istam
602 1426 683 1459 toto
721 1422 992 1473 propemodum
1029 1422 1245 1461 Christiano
1292 1424 1383 1462 orbe
1420 1423 1612 1463 Ecclesia—

75 1500 156 1524 rum
193 1486 476 1537 dissipationem
502 1486 654 1537 propius
691 1488 802 1536 paulo
839 1486 1033 1525 intuentur
1061 1487 1295 1539 Divinaeque
1321 1488 1362 1526 in
1389 1488 1455 1526 illa
1482 1490 1611 1540 provi-

76 1552 222 1590 dentiae
249 1565 294 1589 ex
323 1552 434 1589 verbo
464 1551 534 1589 Dei
560 1552 822 1598 meminerunt,
851 1553 1096 1590 Serenissime
1124 1554 1224 1591 Rex!
1255 1554 1364 1592 facile
1390 1555 1611 1604 intelligunt

75 1616 208 1666 ingens
241 1629 321 1654 esse
358 1617 429 1653 hoe
458 1617 679 1654 beneficium
707 1617 789 1662 Dei,
824 1617 926 1668 quod
962 1618 1189 1655 tristissimis
1217 1619 1355 1656 nostris
1384 1619 1487 1657 hisee
1514 1624 1610 1657 tem-

75 1681 243 1732 poribus,
278 1681 413 1732 quibus
451 1681 624 1718 horribili
661 1694 814 1732 prorsus
852 1695 972 1732 neque
1000 1685 1053 1730 (A
1080 1683 1128 1730 ia)
1165 1683 1258 1721 alias
1286 1698 1453 1735 unquam
1482 1685 1611 1723 audita

75 1745 237 1784 Romani
281 1745 509 1784 Antichristi
555 1746 706 1797 eiusque
751 1759 934 1785 cornuum
981 1747 1181 1797 tyrannide
1233 1753 1344 1799 atque
1380 1749 1610 1800 prodigiosis

74 1812 184 1863 plane
219 1815 404 1850 sectarum
443 1825 628 1863 nusquam
655 1825 734 1850 non
769 1813 1017 1850 exorientium
1045 1814 1226 1851 monstris
1255 1828 1403 1852 sursum
1431 1828 1474 1852 ac
1501 1815 1610 1853 deor-

76 1890 157 1914 sum
193 1876 342 1914 misceri
382 1876 508 1914 omnia
545 1890 742 1928 veramque
777 1878 999 1927 religionem
1035 1882 1185 1916 tantum
1220 1892 1297 1916 non
1326 1879 1479 1918 interire
1507 1879 1611 1918 vide·

76 1955 170 1990 mus,
212 1942 295 1979 loca
331 1942 481 1980 interim
519 1942 645 1993 aliqua
683 1942 759 1980 suis
798 1943 988 1992 delegerit,
1025 1943 1195 1994 adquae
1224 1957 1314 1989 sese,
1342 1946 1442 1982 velut
1470 1958 1489 1983 e
1515 1959 1611 1983 nau-

76 2005 198 2056 fragio
235 2006 409 2058 quodam,
444 2006 607 2057 recipere
645 2011 756 2057 atque
793 2008 832 2045 in
861 2021 968 2046 verae
996 2008 1138 2047 Christi
1166 2008 1321 2046 Domini
1349 2009 1542 2048 doctrinae
1570 2023 1612 2046 ae

77 2070 162 2108 fidei
191 2071 427 2109 confessione
454 2076 583 2109 mutuo
612 2085 690 2109 sese
719 2073 894 2122 colligere
923 2085 1053 2111 rursus
1072 2074 1231 2124 possint.
1261 2074 1452 2112 Nimirum
1472 2088 1511 2112 re
1532 2075 1613 2125 ipsa

75 2135 330 2186 experiuntur,
370 2135 573 2173 Dominum
610 2136 702 2174 adeo
740 2150 933 2187 nunquam
971 2137 1099 2175 deesse
1127 2138 1217 2183 suis,
1245 2138 1392 2176 etiamsi
1422 2152 1482 2176 res
1510 2139 1612 2190 ipso-

76 2214 158 2238 rum
196 2199 515 2251 deploratissimae
551 2213 630 2238 esse
670 2201 879 2246 videantur,
913 2205 954 2238 ut
990 2215 1037 2239 ne
1072 2202 1175 2252 ipsae
1212 2203 1363 2253 quidem
1405 2203 1613 2240 inferorum

76 2269 205 2317 portae
242 2265 295 2303 eis
333 2278 467 2302 nocere
503 2265 782 2316 quoquomodo,x
819 2266 984 2315 adeoque
1012 2270 1048 2303 et
1076 2267 1134 2303 vel
1163 2279 1277 2304 unum
1305 2267 1468 2318 aliquem
1498 2267 1614 2318 capil-

77 2331 153 2368 lum
192 2330 303 2381 capiti
339 2330 506 2380 ipsorum
545 2329 738 2367 detrahere
774 2330 928 2367 omnino
966 2335 1117 2380 queant,
1160 2335 1420 2382 praeterquam
1457 2331 1488 2368 si
1524 2331 1615 2382 quid

79 2396 117 2433 in
162 2395 248 2432 illos
297 2394 484 2432 Dominus
531 2394 577 2431 ad
623 2393 787 2432 nominis
828 2394 950 2431 saneti
987 2394 1044 2432 sui
1079 2395 1239 2444 gloriam
1275 2395 1489 2446 permittere
1516 2395 1615 2433 forte

78 2461 178 2500 velit.
234 2460 358 2498 Huius
393 2473 504 2511 porro
541 2459 637 2497 tanti
673 2459 802 2496 Divini
838 2459 1010 2496 beneficii
1045 2460 1342 2510 magnitudinem
1380 2473 1456 2498 nou
1485 2461 1616 2498 leviter

78 2539 166 2563 sane
202 2525 240 2562 id
278 2525 389 2563 nobis
425 2525 535 2562 etiam
574 2523 823 2568 commendat,
859 2524 961 2574 quod
995 2528 1072 2562 tam
1102 2525 1220 2562 multa
1246 2529 1398 2576 tamque
1426 2525 1615 2576 praeclara

80 2589 240 2641 hospitia
277 2589 466 2640 dissipatis
494 2590 556 2626 sita
592 2588 772 2626 Ecclesiis
809 2593 934 2639 patere
971 2588 1152 2628 videmus,
1209 2589 1258 2626 Et
1294 2594 1336 2627 ut
1373 2590 1418 2627 de
1445 2590 1530 2627 aliis
1559 2595 1615 2628 ta-

80 2667 239 2700 ceamus,
275 2654 459 2705 equidem,
496 2653 527 2691 si
554 2653 678 2701 Regni
705 2653 816 2690 huius
844 2653 1102 2690 florentissimi
1138 2653 1262 2699 situm,
1290 2654 1508 2692 felicitatem
1536 2667 1617 2692 om-

80 2718 211 2768 nisque
245 2717 392 2766 generis
430 2715 627 2753 commoda
665 2720 883 2765 spectemus,
921 2728 998 2753 non
1032 2728 1233 2766 possumus
1260 2716 1511 2766 proculdubio
1540 2729 1616 2754 non

80 2795 281 2831 agnoscere
320 2795 494 2830 magnam
528 2781 566 2817 in
597 2780 668 2816 hoe
696 2779 969 2829 benignitatem
999 2780 1080 2826 Dei,
1122 2781 1222 2830 quod
1249 2780 1343 2818 illud
1372 2782 1411 2819 in
1438 2781 1617 2832 profliga-

81 2852 139 2884 tae
174 2847 248 2884 iam
282 2846 374 2884 alibi
405 2846 594 2883 Ecclesiae
623 2858 709 2883 suae
745 2846 1019 2896 receptaculum
1055 2847 1107 2894 (A
1136 2843 1187 2893 ib)
1215 2845 1435 2884 mirabiliter
1464 2847 1617 2896 deputa-

81 2913 142 2958 rit,
178 2912 216 2949 in
253 2925 327 2963 quo
362 2911 503 2962 alioqui
545 2925 618 2948 uon
656 2911 811 2949 libertas
847 2911 960 2949 modo
997 2911 1226 2961 permittitur
1265 2925 1370 2950 verae
1401 2912 1617 2951 Catholicae
