1830 3147
1588 121 1631 155 55

124 229 270 268 -Tertio
316 227 536 279 exponitur,
571 227 789 278 qualesnam
835 227 936 264 viros
976 227 1213 277 potissimum
1250 228 1298 266 ad
1333 231 1480 266 tantum.
1515 217 1652 267 minis

89 295 242 332 sterium
269 292 396 344 quaeri
422 296 532 342 atque
559 291 655 340 elegi
682 295 869 342 oporteat:
897 303 1029 342 nempe
1055 292 1133 342 qui,
1160 292 1200 330 in
1228 293 1343 331 sacris
1371 293 1508 332 studiis
1537 294 1626 332 dili-

86 363 217 408 genter
255 356 402 402 versati,
439 356 548 394 certis
586 352 693 393 verae
720 355 870 406 pietatis
900 355 1030 393 officiis
1059 369 1101 393 ea
1130 370 1168 394 se
1206 357 1331 395 omnia
1367 362 1555 409 praestare
1592 359 1632 397 et

88 424 181 462 velle
225 424 263 461 et
302 435 412 473 posse
446 425 638 472 utcunque
676 421 878 465 declarant,
913 420 960 458 iis
994 421 1137 477 alioqui
1174 422 1298 461 ornati
1335 423 1500 470 dotibus,
1537 437 1630 475 quas

86 489 224 527 Paulus
253 488 291 526 in
323 486 510 525 Ministris
539 486 644 524 verbi
672 484 909 524 commendat
933 486 976 534 ¹),
1002 499 1046 524 ac
1073 500 1220 524 rursum
1250 488 1296 525 ab
1325 488 1371 527 iis
1400 489 1501 528 vitiis
1516 489 1630 539 longe

85 554 209 599 alieni,
244 565 339 603 quae
375 552 512 589 Paulus
548 551 587 589 in
625 551 700 589 illis
735 551 974 602 reprehendit
1018 551 1240 601 gravissime
1279 553 1430 604 vultque
1467 554 1514 592 ab
1552 554 1628 592 illis

85 633 164 657 esse
191 631 304 670 qnam
329 617 548 667 longissime
576 617 696 655 aliena
718 618 762 665 2).
791 616 982 668 Imprimis
1010 630 1097 654 vero
1127 617 1334 655 cavendum
1362 631 1454 665 esse,
1474 633 1520 657 ne
1534 633 1625 657 neo-

83 684 191 735 phyti
228 682 277 720 ad
311 683 384 719 hoc
421 681 675 720 Ministerium
711 686 953 720 assumantur
988 688 1024 720 et
1060 682 1125 733 qui
1161 682 1281 733 turpis
1319 683 1415 721 lucri
1442 690 1507 723 aut
1533 699 1621 736 pro-

84 748 186 799 priae
212 747 355 796 gloriae
387 759 475 784 suae
505 759 615 783 causa
645 759 724 784 sese
746 746 896 797 ipsimet
925 746 973 784 ad
1001 746 1210 784 ministeria
1237 746 1446 787 insinuant.
1492 749 1631 787 Istius-

84 804 188 850 modi
224 812 324 850 enim
361 825 503 858 omnes,
530 824 604 849 non
644 825 664 849 a
699 811 911 849 ministerio
949 811 1073 849 solum
1106 825 1183 849 una
1212 801 1480 851 cum‘Simone
1510 814 1624 864 Mago

83 878 236 916 arcendi
264 880 414 925 sunt³)‚
452 877 516 915 sed
553 890 630 914 non
667 876 812 914 ferendi
848 876 960 914 etiam
995 876 1036 914 in
1070 875 1153 927 ipso
1184 880 1294 915 coetu
1325 877 1526 925 Ecclesiae,
1554 878 1628 917 nisi

85 943 284 981 manifesta
310 942 451 980 indicia
480 955 522 979 ac
549 940 763 979 testimonia
790 941 1069 991 resipiscentiae
1097 954 1184 979 suae
1211 942 1359 981 aedant.

137 1008 330 1045 Postremo
368 1006 578 1057 exponitur,
614 1006 804 1057 quodnam
842 1006 890 1043 sit
925 1005 1042 1044 totius
1080 1010 1207 1044 coetus
1245 1006 1501 1045 Ecclesiastici
1538 1022 1625 1058 erga

83 1073 187 1111 verbi
226 1072 352 1119 Mi-(C
381 1072 585 1120 5¹’ynistr0s
625 1071 804 1109 officium:
845 1084 978 1122 nempe
1015 1076 1055 1109 ut
1090 1071 1166 1109 illis
1194 1071 1233 1109 iu
1260 1072 1430 1121 legitimo
1460 1073 1628 1124 ipsorum

85 1138 307 1182 ministerio,
333 1143 514 1189 tanquam
543 1136 684 1175 Christi
709 1136 863 1174 Domini
891 1136 1036 1186 legatis,
1063 1137 1139 1174 imo
1168 1150 1254 1174 vero
1275 1142 1455 1189 tanquam
1478 1138 1630 1177 Christo

83 1203 231 1254 ipsimet
260 1202 436 1248 Domin0‚
463 1216 528 1253 per
554 1202 639 1239 illos
668 1201 848 1252 loquenti,
864 1203 1083 1252 pareantst),
1103 1202 1380 1240 admonitiones
1403 1216 1532 1241 eorum
1551 1208 1627 1242 tam

84 1269 255 1320 publicas
283 1281 395 1319 quam
421 1268 587 1319 privatas
626 1268 788 1305 libenter
816 1272 928 1317 atque
955 1272 1124 1305 amanter
1153 1267 1366 1314 admittant,
1404 1274 1531 1307 coetus
1560 1283 1628 1320 pu-

85 1335 203 1372 blicos
232 1334 422 1372 Ecclesiae
449 1338 659 1371 reverenter
688 1346 731 1370 ac
760 1333 960 1383 diligenter
991 1333 1150 1384 quisque
1179 1333 1217 1371 in
1247 1334 1416 1372 Ecclesia
1445 1335 1632 1381 observet,

84 1405 119 1437 et
156 1400 202 1436 ab
250 1399 425 1436 omnibus
461 1397 826 1436 murmurationibus
869 1402 998 1436 contra
1038 1397 1236 1436 Ministros
1273 1411 1476 1449 eorumque
1518 1399 1629 1437 mini-

86 1465 237 1502 sterium
277 1464 399 1501 modis
436 1465 547 1515 plane
575 1463 750 1501 omnibus
779 1467 918 1502 caveat.
975 1464 1065 1500 Non
1100 1463 1173 1500 fert
1210 1463 1308 1501 enim
1337 1463 1500 1501 inultum
1529 1465 1628 1502 Deus

88 1529 348 1567 Ministrorum
375 1528 541 1580 ipsorum
571 1532 824 1578 contemptum
838 1530 883 1576 ⁵),
912 1527 977 1566 sed
1007 1528 1124 1565 multo
1152 1528 1277 1565 minus
1307 1529 1378 1566 fert
1402 1533 1539 1567 temere
1562 1543 1627 1567 ex·

87 1594 196 1632 citata
235 1593 413 1631 adversus
458 1593 544 1630 illos
591 1605 783 1630 murmura
821 1597 886 1630 aut
932 1592 1242 1643 conspirationes,
1277 1592 1316 1629 id
1364 1592 1463 1643 quod
1511 1593 1629 1630 multa

84 1657 225 1707 alioqui
254 1662 289 1694 ct
317 1656 553 1694 vehementer
583 1656 778 1693 horribilia
806 1656 845 1693 in
875 1655 1070 1706 scripturis
1092 1656 1261 1707 exempla
1280 1656 1524 1703 testanturss).
1554 1657 1629 1693 Po-

85 1727 221 1760 stremo
252 1721 387 1759 dicitur
415 1735 494 1759 esse
522 1735 673 1772 quoque
701 1721 861 1758 officium
891 1721 1081 1758 Ecclesiae
1109 1734 1196 1769 erga
1226 1721 1330 1757 verbi
1355 1720 1567 1765 Ministros,
1589 1726 1629 1759 ut

85 1784 159 1822 illis
198 1785 242 1821 de
281 1784 437 1821 honesta
475 1783 623 1820 vivendi
659 1784 804 1820 ratione
840 1796 906 1833 pro
944 1796 1010 1820 sua
1048 1782 1147 1820 virili
1181 1782 1397 1834 prospiciat.
1451 1782 1619 1833 Dignum

83 1852 139 1886 cst
175 1849 286 1892 enim,
324 1853 363 1885 ut
397 1848 485 1885 dum
523 1848 708 1886 seminant
744 1847 964 1898 spiritualia,
1003 1848 1211 1899 corporalia
1249 1847 1415 1885 vicissim
1451 1852 1618 1893 metant,

87 1926 155 1951 nec
183 1913 278 1951 desit
307 1913 485 1964 pabulum
516 1913 603 1950 bovi
629 1912 838 1958 trituranti,
865 1913 1182 1964 quemadmodum
1209 1913 1349 1950 Paulus
1379 1912 1486 1951 docet
1502 1915 1547 1960 7).

137 1978 242 2016 Haec
268 1979 321 2015 ita
348 1978 393 2015 de
421 1978 524 2016 verbi
553 1977 815 2016 Ministrorum
845 1991 932 2027 erga
962 1977 1169 2015 Ecclesiam
1197 1982 1232 2015 et
1261 1977 1451 2015 Ecclesia-e
1475 1991 1623 2015 rursum

85 2056 172 2092 erga
208 2043 294 2080 illos
330 2043 447 2080 officio
476 2042 514 2080 in
545 2042 728 2080 concione
755 2042 931 2080 dicuntur
958 2046 1045 2080 ante
1073 2042 1209 2091 ver-(C
1238 2042 1339 2090 61¹)bi
1368 2042 1625 2080 ministrorum

86 2107 319 2146 electionem.

136 2237 186 2274 Si
232 2249 342 2274 vero
384 2249 436 2274 ex
475 2236 593 2274 aliis
630 2236 948 2282 Senioribus,
995 2235 1318 2274 subsidiariis
1364 2235 1628 2274 Ecclesiae

55 2301 537 2351 'gubernatoribus,
573 2300 750 2352 aliqui,
786 2314 909 2337 unus
945 2301 1199 2351 pluresve,
1235 2299 1358 2349 eligi
1394 2299 1628 2344 debeant,

86 2372 182 2404 tum
225 2367 339 2404 haec
382 2366 435 2404 de
471 2366 675 2404 illorum
711 2365 974 2403 functione
1016 2378 1098 2416 pro
1136 2363 1337 2415 publica
1381 2365 1626 2416 concione

86 2431 338 2470 dicuntur,

138 2551 356 2589 PRIMUM
393 2552 547 2590 docetur
585 2551 764 2593 Ecclesia,
803 2550 875 2588 hoc
902 2550 1033 2589 talium
1061 2549 1260 2588 Seniorum
1288 2563 1352 2588 seu
1380 2549 1625 2600 Presbytero·

86 2629 168 2652 rum
196 2615 448 2653 ministerium
477 2629 555 2653 esse
584 2615 840 2666 Apostolicam
869 2614 1159 2659 ordinationem,
1192 2617 1228 2651 et
1255 2613 1412 2664 proinde
1444 2613 1624 2651 Divinam

87 2692 256 2730 qnoque:
294 2678 406 2729 idque
433 2692 478 2717 ex
508 2679 680 2717 doctrina
707 2679 815 2717 Pauli
844 2677 1032 2730 Apostoli,
1059 2676 1124 2729 qui
1150 2677 1247 2716 inter
1276 2677 1519 2728 Presbyteros
1548 2677 1624 2715 dis-

130 2792 153 2829 ⁵)
180 2791 194 2821 l
221 2791 322 2821 Timo.
348 2790 374 2821 3:
399 2791 428 2821 4.
523 2790 549 2829 ²)
574 2790 636 2821 Tit.
664 2791 688 2823 l.
835 2791 860 2833 ὓ)
885 2792 955 2823 Aci.
979 2792 1007 2822 S.
1147 2792 1173 2818 ⁴)
1199 2792 1216 2820 ἐ]
1241 2791 1347 2822 Corin.
1376 2791 1402 2822 5.
1476 2791 1546 2822 istic.
1576 2792 1622 2823 lO.

127 2847 154 2884 ³)
189 2846 205 2877 1
230 2845 339 2876 Thess.
363 2846 392 2876 4.
615 2846 642 2886 6)
668 2846 744 2879 lixo.
772 2847 819 2879 16.
886 2847 902 2877 2
928 2847 1018 2879 Para.
1044 2847 1093 2880 ³36.
1161 2847 1240 2880 lere.
1264 2847 1314 2879 26,
1338 2847 1387 2878 20.
1454 2847 1566 2878 zacha.
1592 2846 1620 2880 ἶ.

130 2902 156 2941 7)
183 2901 200 2933 l
224 2901 299 2935 Cor.
322 2901 351 2935 9.
408 2901 478 2935 Gal.
502 2902 531 2934 6.
