1830 3147
807 99 874 136 559
966 90 969 91 ’
1335 95 1402 143 [A.
1426 95 1472 132 D.
1497 94 1610 141 1543]

81 215 215 257 nminis,
243 214 304 250 sed
336 212 402 250 Dei
433 211 590 248 iudicium
628 221 682 244 eo⁸
716 221 882 245 exercere.
928 207 972 244 Id
1003 218 1054 243 se.
1090 204 1229 243 oracula
1259 204 1326 241 ista
1358 203 1493 245 docere,
1524 202 1617 249 cogi-

79 275 255 313 ,tandum
285 275 339 317 iis,
370 274 407 309 in
440 272 505 309 hoc
540 271 756 318 potissimum
791 283 828 306 se
852 269 1062 306 constitutos
1087 280 1175 309 esse,
1200 271 1239 302 ut
1262 265 1371 302 divini
1394 264 1511 301 cultus
1537 275 1615 311 pro·

79 336 261 373 'motione
298 336 441 382 pascant
473 331 639 380 populum
675 337 711 367 et
743 330 810 366 Dei
833 329 1056 365 autoritatem
1091 327 1268 363 hominurn
1299 324 1455 363 consiliis
1480 327 1516 360 et
1540 335 1617 371 per·

79 396 324 434 »suasionibus
349 395 576 441 anteponant,
599 396 808 440 quapropter
833 390 979 439 principi
1004 389 1070 425 Dei
1095 390 1251 425 timorem
1285 385 1466 435 profitenti
1498 397 1618 421 neces·

80 471 188 495 nsum
221 470 306 497 esse.
337 459 401 493 aut
437 456 536 496 haec,
561 466 648 502 quae
675 453 860 501 praecipua
886 452 1050 499 principis
1076 450 1186 486 officia
1211 453 1303 492 sunt,
1329 451 1515 496 praestare,
1538 449 1615 488 aut.

83 520 141 556 nsi
165 518 202 555 id
225 519 336 555 facere
360 530 431 553 non
456 517 581 564 possit,
610 527 750 552 munere
775 514 955 550 decedere.
980 512 1080 549 Talia
1101 523 1182 547 vero
1198 511 1272 547 sine
1291 509 1530 546 controversia
1541 519 1618 544 esse

83 591 231 615 nverum
265 578 332 615 Dei
363 577 498 615 cultum
533 578 631 613 iuxta
667 580 846 612 externam
870 574 1088 622 disciplinam
1115 583 1329 620 promovere,
1361 571 1488 607 falsum
1514 569 1619 616 repri-

83 653 218 682 nmere.
245 644 359 676 sectas
386 651 569 687 earumque
594 641 752 675 auctores
785 637 1000 677 submovere,
1025 634 1151 676 omnia,
1175 645 1263 682 quae
1288 632 1394 668 verbo
1418 631 1536 668 divino
1560 629 1620 666 ad·

82 704 307 741 'versantun
334 699 378 735 ab
403 699 551 736 ecelesia
577 699 643 734 sibi
668 699 852 735 commissa
874 696 1076 744 propellere.
1105 695 1148 731 ln
1173 695 1224 730 his
1247 707 1317 730 non
1342 693 1415 741 pati
1441 693 1565 734 Deum,
1580 694 1620 726 ut

83 762 282 803 nconsiliis,
318 773 405 809 quae
431 761 581 796 humana
605 760 777 807 sapientia
801 758 924 801 dictat,
948 758 1050 793 detur
1075 757 1186 797 loeus,
1213 755 1274 791 sed
1299 755 1394 791 iuxta
1419 752 1620 789 mandatum

83 837 101 854 a
113 827 148 859 et
173 823 391 858 voluntatem
416 834 511 857 suam
538 833 657 868 puram
683 833 723 857 ac
749 824 868 868 putam
882 819 1054 867 requirere
1070 817 1316 854 obedientiam.
1342 816 1425 851 Non
1438 815 1522 850 satis
1537 825 1622 855 esse,

85 895 326 920 nconvocasse
360 895 433 918 eam
471 894 630 930 proceres
665 886 700 917 et
735 881 968 922 consultasse,
995 878 1057 916 sed
1081 878 1225 916 consilia
1249 876 1420 924 exigenda
1445 876 1552 911 fuisse
1576 874 1621 911 ad

82 957 267 982 anormam
303 945 399 980 verbi
435 944 557 986 divini,
585 956 626 980 ea
649 943 722 979 sola
747 941 944 989 recipienda
968 953 1053 984 esse,
1078 952 1167 989 quae
1192 951 1270 976 eum
1297 939 1358 974 illa
1381 937 1622 978 convenirent.

84 1021 101 1038 u
113 1009 251 1042 caetera
287 1005 443 1041 humanis
477 1007 614 1040 tantum
649 1003 840 1040 rationibus
876 1003 972 1043 nixa,
999 1000 1210 1049 repudianda
1242 1013 1262 1036 a
1286 1011 1493 1047 quocunque
1517 997 1622 1033 etiam

85 1068 286 1114 nprofeeta.
334 1066 431 1104 Quid
468 1066 574 1107 enim,
600 1066 630 1100 si
664 1065 721 1112 qui
756 1069 800 1106 te,
834 1065 876 1099 ut
901 1064 977 1099 Deo
1003 1076 1072 1098 non
1097 1062 1250 1104 obedias,
1277 1062 1472 1102 hortentur,
1496 1071 1555 1095 eos
1580 1070 1624 1095 ne

87 1128 268 1174 nsequeris
305 1132 341 1162 et
377 1127 418 1162 iis
459 1127 567 1172 magis
605 1125 752 1173 parebis,
792 1137 894 1172 quam
933 1124 999 1171 ipsi
1036 1125 1136 1160 Deo?
1171 1123 1303 1159 absit!”
1352 1122 1442 1158 Dein
1480 1120 1626 1157 consilia

84 1190 156 1236 ipsa
193 1190 227 1224 in
265 1188 328 1224 hac
365 1200 474 1224 causa
499 1191 666 1234 suggesta
689 1190 847 1223 recenset
871 1190 906 1221 et
932 1185 1096 1221 vanitatis
1120 1184 1288 1230 coarguit.
1337 1182 1446 1218 Porro
1471 1181 1624 1222 subiicit,

85 1249 299 1285 nmonaehos
336 1248 555 1284 idololatriae
589 1260 665 1283 reos
705 1259 746 1282 ac
786 1246 960 1282 ministros
1001 1257 1076 1281 esse
1113 1245 1270 1292 aliosque
1307 1244 1410 1279 etiam
1445 1254 1539 1280 nunc
1573 1243 1625 1279 ita

87 1309 334 1345 adementatos
362 1314 491 1351 tenere,
515 1312 555 1344 ut
581 1309 729 1344 vetitum
763 1307 898 1343 cultum
924 1305 1025 1342 idolis
1046 1305 1218 1341 tribuant.
1267 1305 1367 1340 Haec
1392 1305 1531 1340 ferenda
1555 1316 1625 1340 non

87 1383 189 1407 nesse
223 1375 258 1406 et
295 1370 371 1406 Deo
405 1370 458 1406 hic
485 1370 604 1417 magis,
629 1381 732 1416 quam
767 1367 920 1403 consiliis
953 1366 1144 1414 sapientiae
1168 1365 1337 1402 humanae
1364 1364 1565 1412 parendum,
1590 1368 1627 1400 et

86 1433 316 1468 nanctoribus
341 1443 460 1468 eorum
486 1431 700 1468 occurrendo
727 1430 792 1465 hoc
818 1429 931 1470 modo,
954 1427 1146 1465 curandum
1172 1427 1309 1475 quidem
1338 1430 1377 1462 ut
1391 1426 1626 1474 tranquillitas

85 1494 253 1541 npublica
286 1497 424 1531 constet
456 1497 492 1528 et
523 1492 671 1528 filiorum
706 1493 867 1528 fortunae
899 1502 942 1527 ne
978 1489 1061 1538 quid
1095 1489 1254 1532 decedat,
1290 1489 1351 1525 sed
1387 1490 1494 1535 magis
1520 1489 1624 1524 etiam

86 1552 179 1589 nhoc
204 1552 389 1600 agendum,
416 1554 454 1587 ut
477 1552 695 1598 gubernante
719 1551 794 1597 ipsa
820 1551 855 1586 in
882 1549 1010 1596 populo
1034 1548 1145 1596 gloria
1171 1548 1237 1584 Dei
1261 1548 1466 1591 illustretur,
1483 1548 1540 1595 qui
1553 1560 1625 1583 om·

87 1615 170 1649 nnis
204 1612 468 1661 tranquillitatis
506 1615 542 1647 et
566 1612 717 1648 omnium
744 1612 941 1647 fortunator
963 1609 1124 1645 dominus
1149 1613 1184 1644 et
1208 1609 1310 1644 dator
1334 1610 1392 1651 sit,
1416 1609 1472 1644 oui
1495 1608 1626 1656 gloriae

88 1675 233 1711 comnia
258 1675 388 1722 reliqua
414 1678 537 1710 nostra
562 1674 633 1710 sint
658 1672 912 1720 postponenda,
937 1675 1056 1707 extare
1082 1670 1282 1707 mandatum
1300 1670 1474 1713 altissimi,
1494 1673 1532 1706 ut
1551 1671 1625 1706 ido·

87 1737 284 1772 ololatriam
301 1737 495 1783 fuyiamus,
520 1734 614 1770 idola
639 1734 812 1774 tollamus,
838 1745 956 1769 eorum
983 1732 1134 1768 cultores
1161 1735 1196 1768 et
1219 1732 1360 1780 quosvis
1386 1732 1490 1767 falsos
1505 1731 1626 1768 docto-

87 1809 171 1833 ures
205 1810 223 1833 e
249 1797 362 1833 medio
388 1797 498 1832 nostri
524 1796 754 1843 profligemus,
778 1798 897 1830 extare
921 1798 957 1830 et
981 1794 1130 1830 illustria
1153 1794 1313 1841 exempla
1337 1794 1470 1841 piorum
1499 1793 1625 1840 princi·

87 1870 197 1905 upum
223 1857 287 1894 hac
311 1858 347 1894 in
373 1869 424 1898 re,
452 1856 634 1898 Gideonis,
663 1855 843 1899 Ezechiae,
869 1854 993 1898 Iosiae‚
1019 1866 1082 1890 nec
1107 1854 1162 1890 hic
1184 1853 1414 1902 periculorum
1432 1853 1626 1891 ducendam

89 1930 191 1955 nesse
217 1918 399 1960 rationem,
424 1918 545 1953 eadem
570 1916 630 1953 illa
655 1916 780 1952 docere
804 1915 972 1963 exempla.
999 1915 1047 1951 Et
1071 1915 1178 1962 quid?
1206 1914 1369 1951 haeccine
1393 1915 1487 1951 idola
1508 1915 1626 1951 melio-

89 1978 164 2013 nris
197 1981 299 2013 notae
334 1980 395 2013 ant
429 1976 572 2024 originis
600 1987 688 2019 esse,
716 1979 754 2010 nt
781 1974 993 2021 parcendum
1019 1973 1060 2010 iis
1086 1974 1194 2020 magis
1219 1974 1275 2015 sit,
1299 1986 1401 2021 quam
1427 1977 1625 2019 serpentem

87 2038 214 2074 nillum
249 2050 406 2079 aeneum,
442 2037 487 2073 ab
521 2037 597 2084 ipso
633 2037 735 2072 Mose
771 2035 847 2072 Deo
880 2035 1021 2072 iubente
1055 2039 1224 2075 erectum.
1252 2034 1296 2070 ab
1320 2034 1480 2076 Ezechia,
1506 2046 1624 2082 regum

90 2099 348 2147 upieutissimo,
385 2098 429 2134 ob
463 2103 700 2145 surrepeutem
735 2097 883 2133 abusum
917 2095 1149 2137 destructum,
1184 2108 1284 2143 quam
1321 2099 1436 2132 cetera
1467 2097 1510 2132 ab
1548 2097 1625 2133 aliis

91 2162 264 2196 neversa?
312 2161 507 2207 Quousque
540 2159 681 2196 tandem
717 2158 987 2194 claudicabimus
1023 2158 1058 2194 in
1085 2162 1264 2204 utramque
1291 2159 1451 2204 partem?
1483 2157 1625 2196 Quous-

91 2232 186 2269 nque
225 2221 302 2257 Deo
343 2220 447 2256 simul
481 2223 517 2256 et
561 2219 689 2256 mundo
734 2219 870 2266 placere
903 2217 1145 2254 studebimus?
1177 2218 1205 2254 si
1243 2217 1356 2253 Deum
1394 2230 1472 2253 vere
1510 2222 1546 2253 et
1582 2230 1625 2254 ex

88 2281 232 2317 uanimo
256 2281 443 2317 Dominum
467 2284 624 2317 nostrum
651 2293 726 2316 esse
751 2279 938 2320 credimus,
963 2279 1084 2326 quidni
1102 2278 1201 2314 illum
1223 2282 1370 2326 utroque
1385 2279 1520 2315 demum
1541 2279 1627 2326 pede

91 2342 226 2377 asemel
251 2341 438 2389 aliquando
463 2341 663 2389 sequimur?
692 2341 746 2376 sin
760 2341 885 2382 minus,
904 2339 986 2387 quid
1008 2351 1061 2375 me
1081 2339 1136 2375 hic
1154 2339 1312 2375 ministro
1325 2351 1412 2387 opus
1427 2341 1506 2376 est?
1533 2339 1624 2387 Ego,

90 2402 404 2450 nquemadmodum
437 2401 562 2438 lubens
587 2404 725 2449 suscepi
750 2401 978 2437 ministerium
1006 2400 1172 2437 ecclesiae
1197 2400 1338 2443 Christi,
1362 2412 1451 2448 quae
1477 2413 1545 2437 non
1566 2414 1628 2437 no-

91 2466 175 2501 uvit
197 2465 386 2501 alienorum
413 2463 595 2501 doctorum
621 2475 738 2504 voees,
765 2463 815 2498 ita
840 2462 875 2498 in
901 2474 942 2497 eo
967 2473 1103 2508 operam
1134 2473 1269 2497 omnem
1297 2473 1407 2497 meam
1428 2461 1502 2503 tibi,
1528 2461 1626 2498 Prin·

91 2527 224 2573 uceps!
252 2529 288 2562 et
312 2526 393 2562 huic
420 2525 587 2562 ecclesiae
611 2524 735 2560 lubens
761 2523 863 2559 etiam
888 2522 1017 2559 defero.
1050 2523 1198 2558 Paratus
1225 2522 1326 2558 etiam
1355 2535 1443 2565 sum,
1467 2535 1536 2559 non
1553 2535 1628 2559 mea

91 2587 242 2629 nsolum,
276 2586 584 2634 quantulacunque
621 2598 662 2621 ea
694 2589 786 2626 sunt,
819 2584 854 2621 in
889 2596 988 2620 usum
1015 2583 1180 2620 ecclesiae
1205 2585 1280 2619 sine
1306 2583 1376 2619 ulla
1402 2584 1542 2631 praemii
1565 2588 1628 2621 aut

92 2648 290 2684 ,mercedis
323 2660 385 2695 spe
418 2648 606 2686 insumere.
641 2646 703 2682 sed
728 2647 835 2682 vitam
861 2657 1001 2693 quoque
1025 2658 1135 2681 meam
1163 2657 1225 2692 pro
1249 2645 1380 2682 Christi
1403 2646 1512 2692 gloria
1538 2647 1625 2693 peri·

91 2709 208 2744 uculis
241 2709 402 2745 omnibus
437 2720 610 2755 exponere
642 2707 828 2755 (siqnidem
861 2708 912 2743 ita
943 2719 998 2743 res
1025 2706 1206 2753 postulet),
1244 2706 1347 2742 modo
1373 2710 1412 2742 ut
1436 2719 1497 2742 vos
1523 2707 1626 2744 verbo

91 2782 109 2801 ι
126 2769 192 2805 Dei
216 2770 287 2817 regi
312 2769 518 2816 obedireque
545 2768 633 2804 velle
658 2768 843 2804 testemini.
877 2768 913 2804 Si
940 2779 1021 2803 vero
1045 2767 1081 2803 id
1106 2767 1237 2809 nolitis,
1261 2770 1367 2814 atque
1394 2767 1543 2804 humana
1565 2780 1625 2803 vo·

94 2829 175 2865 nbis
200 2831 347 2867 consilia
372 2830 560 2878 mundique
586 2830 689 2866 huius
715 2830 919 2878 sapientiam
947 2829 1076 2876 potius,
1102 2840 1205 2876 quam
1230 2828 1383 2865 divinam
1409 2829 1625 2866 voluntatem

93 2892 334 2941 nsequendam
372 2904 447 2930 esse
480 2891 626 2940 putatis,
651 2892 725 2928 tum
750 2891 888 2927 demum
913 2901 997 2926 vero
1023 2901 1132 2926 meam
1159 2889 1215 2926 hie
1239 2888 1337 2926 vobis
1362 2900 1500 2938 operam
1526 2889 1626 2938 polli-
