1830 3147
1583 85 1655 122 135

116 209 259 254 santur,
296 204 491 255 Deumque
516 202 668 241 assidue
695 204 896 254 precantur
923 213 992 252 pro
1018 199 1207 251 perpetuis
1234 196 1477 236 incrementis
1503 195 1591 233 fidei
1619 199 1655 233 et

114 271 280 324 pietatis.

169 339 232 374 43.
261 335 424 373 InterrO.
478 332 682 371 Quomodo
719 330 864 382 precari
901 329 1079 367 debemus
1105 328 1144 366 in
1174 327 1313 366 nostris
1341 324 1655 364 necessisatibus?

169 401 333 451 Respon.
386 396 447 436 Ad
491 410 576 435 eum
621 396 858 447 potissimum
901 394 1068 437 modum,
1111 405 1220 443 quem
1260 391 1432 429 Christus
1469 387 1656 427 Dominus

121 465 317 516 Apostolis
354 463 430 501 suis
467 466 503 501 et
529 462 688 513 proinde
716 461 827 499 nobis
869 472 1019 511 quoque
1046 458 1224 496 omnibus
1251 456 1494 508 praescripsit
1522 455 1662 494 Mattb.

120 532 158 575 6,
184 541 334 580 nempe:
362 528 472 565 Pater
498 530 627 565 noster
654 531 724 565 eto.
780 526 860 564 Hic
885 525 1072 563 reez'catm·
1095 523 1269 572 precatio
1298 522 1511 560 Dominica.

172 597 234 633 44.
263 594 424 632 Interro.
481 592 678 631 Quidnam
705 591 866 643 petimus
898 604 919 628 a
948 590 1027 627 Deo
1057 589 1127 626 hac
1153 587 1222 626 tali
1249 587 1491 639 precatione?

171 659 338 710 Respon.
392 658 574 704 Primum,
598 662 641 696 ut
668 671 762 709 quae
789 656 836 695 ad
863 654 1159 708 promovendam
1187 653 1259 692 Dei
1285 653 1467 706 regnique
1493 652 1552 690 sui
1579 652 1663 702 glo-

120 723 216 762 riam
242 723 483 775 potissimum
511 722 686 761 videntur
712 722 911 774 pertinere,
937 734 979 759 ea
1008 721 1134 758 omnia
1162 719 1312 757 assidua
1342 732 1407 756 sua
1434 718 1665 755 incrementa

121 792 283 834 sumant,
309 801 353 826 ac
381 801 528 826 rursum
556 788 793 839 extirpentur
820 790 930 838 atque
957 786 1193 831 aboleantur,
1221 797 1315 835 quae
1341 783 1446 830 illam
1473 795 1666 820 remoran-

123 856 187 892 tur
214 858 278 892 aut
305 853 518 905 impediunt
544 866 698 904 quoquo
725 852 839 890 modo
868 851 1103 901 Divinaeque
1142 849 1222 887 eius
1251 847 1438 886 voluntati
1465 846 1667 884 adversan-

121 923 195 960 tur.
249 919 396 958 Deinde
431 919 614 957 auxilium
649 931 691 956 ac
732 916 945 956 subsidium
980 915 1214 967 postulamus
1250 913 1290 951 in
1328 912 1433 950 omni
1460 911 1605 949 animae
1633 914 1670 947 et

125 987 295 1038 corporis
322 985 444 1024 nostri
478 984 715 1029 necessitate,
753 984 813 1021 cui
848 985 1026 1034 perpetuo
1064 980 1316 1018 subiacemus.
1367 978 1563 1015 Postremo
1601 975 1669 1013 ad-

123 1064 253 1089 versus
290 1051 397 1088 dolos
424 1063 469 1088 ac
496 1049 736 1099 tyrannidem
766 1049 926 1086 Satanae
955 1046 1126 1097 malaque
1155 1044 1281 1082 omnia
1310 1043 1421 1082 nobis
1447 1041 1670 1093 impenden-

125 1115 180 1154 tia
207 1128 318 1167 opera
346 1115 529 1167 supplices
558 1114 818 1165 imploramus.
848 1113 960 1161 (184)

178 1183 241 1219 45.
269 1180 434 1219 Interro.
490 1178 594 1219 Quid
626 1178 699 1217 sibi
727 1179 810 1216 vult
836 1190 910 1216 vox
945 1177 1011 1214 illa
1038 1169 1227 1214 ad'finem
1256 1173 1484 1226 precationis
1519 1171 1672 1210 addita:

127 1245 279 1283 Amen?

179 1310 346 1362 Respon.
400 1309 562 1348 Perinde
588 1314 644 1348 est
672 1322 716 1348 ac
743 1308 774 1347 si
804 1308 993 1346 dicamus:
1036 1307 1096 1345 Ita
1125 1307 1204 1345 fiat.
1251 1305 1371 1343 Docet
1399 1308 1522 1342 autem
1550 1303 1670 1341 Deum

127 1377 251 1415 solum
290 1389 383 1423 esse,
416 1376 483 1427 qui
511 1376 602 1413 haee
629 1388 724 1427 quae
749 1374 913 1426 petimus
943 1373 1069 1411 omnia
1097 1372 1211 1411 nobis
1238 1371 1370 1420 largiri
1399 1373 1435 1408 et
1462 1369 1594 1421 possit,
1631 1372 1674 1406 ut

131 1443 371 1493 omnipotens
399 1441 599 1487 Dominus,
627 1447 664 1480 et
693 1441 793 1485 velit,
821 1444 863 1478 ut
891 1440 1001 1478 Pater
1031 1437 1358 1476 clementissimus.
1401 1436 1450 1474 Et
1479 1435 1592 1473 simul
1619 1439 1676 1472 te-

129 1512 260 1552 statur.
296 1521 365 1546 nos
401 1518 479 1546 tam
517 1511 616 1545 certa
653 1506 793 1544 fiducia
831 1510 962 1543 autore
1000 1504 1143 1556 Spiritu
1182 1507 1311 1541 sancto
1349 1514 1548 1553 persuasos
1586 1513 1676 1546 esse,

129 1575 231 1627 quod
259 1576 300 1613 in
328 1578 457 1613 nostra
484 1574 554 1612 tali
580 1573 798 1625 precatione
825 1586 847 1610 a
875 1572 984 1610 Patre
1012 1571 1091 1608 Deo
1120 1573 1273 1621 propter
1301 1568 1536 1617 unigenitum
1565 1579 1672 1605 suum

130 1641 251 1679 filium
277 1639 529 1692 proculdubio
558 1637 802 1676 exaudiamur
833 1636 875 1683 1).

184 1779 292 1817 Haec
318 1778 372 1816 ita
399 1777 446 1816 ab
476 1778 653 1816 omnibus
681 1777 897 1826 exiguntur,
925 1775 989 1827 qui
1019 1788 1057 1813 se
1097 1773 1237 1812 nostris
1264 1772 1447 1811 Ecclesiis
1473 1771 1678 1822 adiungere

135 1844 459 1894 sacramentisque
506 1842 646 1881 nostris
692 1841 916 1893 participare
962 1840 1161 1878 nobiscum
1198 1839 1342 1884 volunt,
1384 1837 1454 1876 etsi
1490 1837 1555 1889 qui
1601 1850 1678 1874 non

133 1910 224 1948 satis
263 1908 456 1947 commode
494 1908 540 1946 ad
578 1922 619 1945 ea
656 1907 882 1959 respondere
918 1910 1091 1957 possunt,
1128 1918 1202 1943 non
1231 1904 1452 1942 reiiciuntur
1480 1903 1629 1954 quidem
1659 1916 1680 1939 a

135 1979 244 2012 coetu
280 1979 423 2018 nostro,
459 1974 523 2012 sed
559 1978 705 2024 tempus
743 1973 818 2010 illis
853 1971 1135 2024 praescribitur,
1171 1971 1272 2008 intra
1299 1970 1400 2021 quod
1428 1970 1518 2007 haec
1547 1969 1680 2006 melius

135 2040 317 2084 ediscant,
353 2052 397 2077 ac
432 2044 513 2077 turn
553 2039 702 2076 demum
741 2037 865 2076 denuo
895 2037 1151 2088 explorantur,
1179 2035 1299 2074 donec
1328 2035 1372 2072 ad
1401 2034 1591 2086 praedicta
1620 2038 1679 2071 ut-

137 2118 285 2155 cunque
311 2104 537 2155 respondere
564 2104 725 2155 possint.

189 2169 230 2206 Si
266 2169 332 2220 qui
360 2181 446 2206 vero
476 2169 530 2206 sic
557 2168 647 2206 satis
676 2172 760 2219 apte
788 2167 833 2205 ad
862 2166 1052 2218 praedicta
1072 2164 1337 2216 respondeant,
1365 2167 1559 2214 rogantur,
1589 2177 1679 2201 num

135 2235 260 2286 aliqua
297 2233 422 2272 a'dhue
448 2234 488 2271 in
515 2237 622 2285 parte
651 2233 845 2270 doctrinae
874 2236 1026 2269 nostrae
1054 2231 1244 2274 haereant,
1272 2234 1320 2276 et,
1358 2230 1389 2267 si
1425 2243 1520 2281 quae
1555 2230 1681 2281 profe-

136 2304 236 2346 rant,
270 2300 504 2350 explicantur
541 2298 873 2350 approbanturque
913 2297 966 2335 eis
1003 2296 1143 2342 omnia,
1180 2297 1217 2333 in
1255 2295 1393 2346 quibus
1432 2295 1504 2333 sibi
1533 2295 1683 2333 haerere

137 2364 324 2402 videntur.
379 2364 421 2401 Si
458 2376 546 2401 vero
575 2362 673 2401 nihil
699 2363 905 2414 proferant,
931 2366 1009 2398 tum
1042 2360 1220 2398 Minister
1249 2360 1364 2397 totius
1393 2360 1584 2398 Ecclesiae
1612 2373 1682 2397 no-

137 2430 240 2468 mine
275 2429 323 2467 ab
361 2429 436 2466 illis
471 2428 636 2480 quaerit:
666 2428 980 2479 pri-(185)mum,
1025 2440 1116 2464 num
1156 2425 1355 2464 statuerint
1389 2425 1429 2464 in
1465 2425 1577 2463 corde
1614 2439 1682 2463 suo

137 2495 340 2534 adhaerere
385 2508 432 2532 ex
479 2494 605 2532 animo
643 2493 836 2531 doctrinae
873 2492 1073 2543 Euangelii
1111 2491 1256 2530 Christi
1295 2505 1363 2542 pro
1401 2505 1547 2529 summa
1584 2491 1684 2528 virili

140 2574 219 2608 sua,
253 2564 437 2611 quatenus
472 2560 511 2597 id
551 2573 617 2611 per
653 2573 757 2597 suam
793 2559 1053 2601 infirmitatem
1089 2561 1279 2609 praestare
1305 2557 1466 2608 possint,
1493 2557 1684 2607 vitamque

141 2626 314 2676 deinceps
352 2639 457 2664 suam
493 2625 605 2663 etiam
638 2625 745 2662 iuxta
782 2620 939 2662 eandem
974 2623 1096 2674 ipsam
1133 2622 1346 2660 doctrinam
1380 2622 1590 2667 instituere,
1617 2635 1684 2659 ne-

141 2691 263 2740 glecto
282 2690 424 2728 mundo
462 2690 536 2728 hoe
564 2703 648 2728 cum
676 2689 852 2727 omnibus
880 2688 1065 2727 illecebris
1094 2701 1136 2725 ac
1164 2687 1310 2738 pompis
1339 2687 1468 2738 ipsius.
1526 2687 1684 2730 Deinde,

123 2756 308 2794 ⁴velintne
351 2756 452 2794 ultro
497 2769 540 2793 ac
583 2759 716 2807 sponte
762 2769 828 2794 sua
871 2754 1161 2794 Ecclesiasticae
1198 2767 1278 2792 sese
1323 2753 1546 2806 disciplinae
1579 2753 1685 2792 iuxta

188 2885 213 2925 ¹)
236 2885 326 2917 Ioan.
348 2885 402 2916 162·
