1830 3147
218 235 262 265 Μ·

193 259 265 328 vif-1.
289 294 328 327 ad
350 295 570 338 Hardenberg.

215 350 265 382 20.
290 350 329 382 ad
352 349 447 383 Drus.
471 349 654 392 Syssinghe.

217 407 266 438 21.
291 407 331 438 ad
354 406 573 448 Hardenberg.

215 462 264 495 22.
288 462 327 494 ad
350 463 560 495 Pellicanum.

215 518 264 550 23.
289 518 327 550 ab
353 518 586 560 Bullingerum.

215 794 266 827 24.
290 793 329 826 ad
350 795 566 836 Anouymum.

215 849 265 883 25.
289 850 327 881 ad
351 849 515 882 Hardenb.

214 905 264 937 26.
288 905 327 936 ad
351 905 460 937 Pellio.
485 908 516 937 et
538 905 628 937 thom
653 904 764 947 Camp.

215 959 264 992 27.
288 959 327 991 ad
351 960 520 993 Bucerum.

214 1014 264 1048 28.
288 1015 327 1046 ad
350 1015 513 1048 Hardenb.

213 1072 262 1104 29.
286 1071 326 1103 ad
349 1071 498 1104 eundum.

214 1126 264 1160 30.
288 1127 327 1158 ad
350 1127 490 1169 Bulling.

214 1182 265 1214 31.
289 1182 328 1213 ad
353 1182 462 1215 Herm.
486 1182 667 1214 Lenthium.

213 1238 263 1270 32.
287 1238 327 1269 ad
349 1238 461 1270 Franc.
485 1239 666 1281 Syssinghe.

214 1294 264 1326 33.
288 1294 327 1325 ad
351 1294 445 1327 Drus.
469 1295 649 1336 Syssiughe.

218 1557 267 1588 34.
290 1556 330 1588 ad
352 1556 446 1589 Druss.
471 1557 653 1599 Syssinghe.

219 1612 269 1645 35.
294 1612 332 1644 ad
355 1612 439 1644 Bull.
464 1615 495 1644 et
517 1612 627 1644 Pellio.

219 1668 268 1699 36.
292 1668 331 1699 ad
354 1669 522 1700 Bucerum.

219 1722 269 1756 37.
292 1723 331 1754 ad
356 1723 518 1757 Hardenb.

220 1779 269 1812 38.
294 1779 333 1810 ad
355 1779 396 1812 H.
421 1780 600 1812 Lenthium.

217 1835 268 1868 39.
292 1835 331 1866 ad
355 1835 573 1877 Hardenberg.

217 1890 268 1924 40.
292 1892 330 1923 ad
354 1891 448 1925 eund.

221 2150 272 2184 41.
295 2149 334 2181 ad
357 2150 578 2193 Hardenberg.

220 2206 271 2238 42.
295 2206 334 2237 ad
357 2206 538 2239 Lenthium.

221 2260 272 2293 43.
295 2260 335 2292 ad
358 2261 574 2303 Hardenberg.

225 2527 275 2559 44.
301 2525 339 2557 ad
363 2524 582 2568 Hardenberg.

224 2583 276 2615 45.
299 2581 338 2613 ad
362 2581 454 2615 eund.

225 2639 275 2670 46.
299 2637 338 2669 ad
362 2637 587 2671 Cassandrum.

225 2693 276 2729 47.
300 2693 339 2725 ad
362 2694 583 2737 Hardenberg.

225 2749 276 2781 48.
299 2749 339 2780 ad
362 2749 454 2782 eund.

226 2804 277 2837 49.
300 2804 340 2835 ad
362 2804 657 2838 Melanchthonem.

228 2860 278 2892 50.
302 2859 341 2891 ad
363 2859 580 2901 Dryandrum.

229 2915 278 2950 51.
302 2915 342 2948 ad
365 2914 544 2949 Calvinum.

921 125 989 164 768

958 293 988 327 d.
1011 293 1131 325 Emdae
1159 293 1199 325 26
1227 293 1290 327 Iul.
1334 319 1341 327 .
1386 319 1393 327 .

960 347 990 380 d.
1013 347 1134 379 Emdae
1156 348 1195 379 25
1219 347 1299 390 Aug.
1338 372 1345 380 .
1389 373 1396 381 .

901 441 903 443 ¹
961 404 990 437 d.
1012 404 1134 436 Emdae.
1157 405 1195 436 31
1219 405 1301 446 Aug.
1340 429 1346 437 .
1391 429 1398 438 .

957 460 986 492 d.
1010 460 1131 492 Emdae
1155 460 1194 491 31
1217 461 1296 502 Aug.
1336 485 1343 492 .
1389 485 1396 493 .

960 515 990 548 (1.
1013 515 1135 548 Emdae
1158 516 1196 547 31
1221 516 1300 558 Aug.
1339 540 1346 548 .
1391 540 1397 548 .

888 705 1035 740 1545.

960 793 990 826 d.
1014 791 1143 825 Emdae.
1213 792 1303 826 Tom.
1326 792 1353 825 I.
1374 793 1445 825 465.
1468 792 1559 825 Tom.
1583 792 1628 825 lI.
1651 792 1722 825 589.

960 849 989 881 d.
1014 849 1221 890 Osnabrugae
1246 848 1284 879 18
1307 848 1403 882 Mart.
1469 849 1560 882 Tom.
1582 849 1626 882 II.
1650 849 1721 882 589.

959 905 989 937 d.
1012 905 1208 936 Wormatiae
1230 904 1248 935 9
1272 904 1368 937 Iunii.
1392 929 1399 937 .
1651 906 1722 937 590.

958 959 988 992 d.
1013 960 1144 991 Bonnae
1167 959 1206 991 23
1229 959 1347 993 Iunii..
1391 984 1399 993 .
1650 961 1721 993 591.

959 1015 988 1049 (l.
1011 1015 1134 1047 Emdae
1156 1014 1174 1048 7
1206 1016 1292 1048 Iulii.
1337 1041 1344 1049 .
1649 1018 1720 1049 592.

958 1071 986 1103 (1.
1012 1071 1132 1103 Emdae
1156 1072 1196 1103 22
1219 1071 1306 1105 Iulii.
1337 1097 1345 1105 .
1390 1097 1397 1104 .
1650 1073 1721 1106 594.

959 1127 988 1158 d.
1012 1127 1133 1158 Emdae
1157 1127 1196 1158 25
1220 1129 1299 1169 Aug.
1338 1153 1345 1159 .
1391 1151 1399 1160 .
1651 1128 1722 1162 594.

962 1183 991 1215 d.
1015 1182 1135 1214 Emdae
1158 1183 1177 1214 6
1208 1183 1294 1224 Sept.
1340 1207 1347 1216 .
1391 1207 1399 1215 .
1652 1184 1722 1216 596.

959 1238 988 1271 d.
1014 1238 1134 1270 Emdae
1157 1239 1198 1270 24
1220 1239 1301 1271 Nov.
1338 1264 1345 1271 .
1392 1263 1400 1270 .
1651 1241 1722 1272 598.

958 1295 988 1327 d.
1011 1295 1132 1326 Emdae
1154 1295 1195 1326 24
1217 1295 1299 1326 Nov.
1337 1319 1344 1326 .
1390 1319 1397 1327 .
1649 1296 1720 1330 599.

883 1472 1032 1506 1546.

961 1557 990 1590 (1.
1014 1556 1134 1588 Emdae
1158 1557 1196 1588 15
1220 1557 1317 1589 Mart.
1338 1582 1346 1590 .
1392 1582 1398 1589 .
1650 1559 1721 1592 601.

962 1612 992 1644 (1.
1016 1612 1136 1644 Emdae
1158 1612 1198 1644 23
1221 1613 1319 1645 Mart.
1339 1637 1346 1644 .
1391 1637 1398 1645 .
1651 1613 1722 1646 602.

962 1669 992 1700 d.
1015 1669 1135 1700 Emdae
1158 1669 1196 1700 2?
1221 1669 1317 1700 Mart.
1342 1693 1349 1701 .
1652 1671 1723 1703 604.

943 1708 991 1756 yd.
1014 1723 1135 1755 Emdae
1160 1724 1197 1755 16
1220 1724 1311 1756 Maii.
1340 1749 1347 1757 .
1393 1748 1400 1755 .
1651 1726 1723 1758 605.

963 1780 992 1812 d.
1019 1779 1139 1811 Emdae
1162 1780 1185 1812 f.
1208 1780 1297 1812 Maii.
1340 1804 1347 1812 .
1393 1805 1400 1812 .
1652 1782 1723 1814 606.

962 1835 992 1868 (1.
1015 1835 1136 1866 Emdae
1161 1835 1198 1866 15
1222 1835 1318 1868 Iunii.
1339 1860 1347 1869 .
1390 1861 1398 1870 .
1650 1836 1723 1870 607.

960 1891 990 1925 d.
1013 1891 1133 1923 Emdae
1157 1891 1197 1923 30
1222 1892 1308 1933 Sept.
1339 1916 1346 1925 .
1391 1916 1398 1924 .
1649 1893 1721 1925 608.

894 2067 1034 2102 1542.

969 2152 998 2186 (l.
1022 2153 1141 2186 Emdae
1165 2153 1183 2187 7
1206 2153 1302 2188 Iunii.
1346 2178 1353 2188 .
1397 2179 1405 2188 .
1531 2180 1548 2194 ,‚
1655 2156 1727 2188 610.

964 2209 993 2242 (1.
1016 2210 1249 2252 Abbingvsserae
1265 2210 1304 2242 23
1317 2210 1403 2252 Sept.
1530 2236 1549 2249 ‚0
1654 2212 1724 2244 611.

964 2264 993 2296 d.
1018 2264 1140 2297 Emdae
1165 2265 1203 2296 11
1227 2265 1299 2297 Oct.
1345 2289 1352 2297 .
1395 2287 1404 2296 .
1530 2290 1547 2303 ,,
1655 2266 1726 2300 611.

895 2441 1037 2476 1548.

970 2527 999 2562 (1.
1023 2527 1142 2560 Emdae
1170 2528 1210 2560 29
1233 2528 1301 2562 Ian.
1347 2553 1354 2561 .
1398 2553 1406 2563 .
1532 2554 1550 2570 ,,
1590 2547 1595 2560 ›
1657 2529 1729 2564 612.

968 2584 998 2616 d.
1022 2584 1142 2616 Emdae
1167 2585 1205 2616 19
1229 2584 1321 2619 Febr.
1345 2610 1353 2619 .
1397 2609 1405 2618 .
1656 2587 1727 2619 615.

971 2640 1000 2673 d.
1023 2640 1145 2673 Emdae
1168 2641 1207 2673 26
1230 2641 1354 2684 April..
1400 2667 1408 2675 .
1656 2643 1728 2676 616.

968 2696 998 2729 (1.
1022 2697 1142 2730 Emdae
1165 2698 1204 2729 19
1228 2698 1312 2732 Iulii.
1346 2724 1353 2733 .
1399 2723 1406 2732 .
1657 2700 1728 2734 616.

971 2752 1000 2785 d.
1023 2752 1144 2785 Emdae
1167 2753 1207 2785 28
1230 2753 1316 2786 Iulii.
1346 2745 1357 2787 ἰ
1398 2777 1406 2787 .
1658 2754 1728 2790 617.

972 2806 1001 2840 d.
1024 2807 1145 2840 Emdae
1174 2809 1195 2839 4
1222 2809 1304 2851 Aug.
1348 2833 1355 2843 .
1399 2834 1406 2843 .
1657 2810 1730 2842 618.

972 2863 1001 2896 d.
1024 2863 1189 2897 Lambeth.
1213 2865 1250 2896 21
1276 2866 1362 2907 ὃθΡῢ.
1400 2889 1408 2899 .
1658 2866 1730 2900 619.

970 2918 999 2951 d.
1023 2918 1215 2952 Windsorae
1240 2921 1279 2952 14
1300 2920 1377 2956 Dec.
1400 2945 1408 2955 .
1660 2921 1731 2955 620.

1459 294 1550 326 Tom.
1580 293 1625 327 II.

1522 485 1540 499 ,θ

1524 540 1542 554 >2

1648 293 1719 328 574,

1649 346 1720 380 578.

1649 404 1721 436 581.

1647 460 1720 492 582.

1650 515 1722 548 585.
