1830 3147
1590 75 1635 110 21

89 190 198 229 terim
235 190 403 228 insolens
438 202 515 227 nou
550 192 618 234 est,
655 189 753 227 inter
789 190 834 240 (ογ
864 190 926 236 8¹¹)
958 188 1093 239 pocula
1121 188 1347 239 quandoque
1374 187 1421 225 ad
1449 188 1630 225 temulen-

90 256 181 294 tiam
217 268 336 307 usque
372 255 524 300 versari,
560 267 634 305 quo
671 253 821 292 facilius
854 254 908 292 ita
944 253 1094 292 demum
1123 267 1208 292 suas
1235 254 1383 305 explere
1409 252 1633 303 farragineS,

88 320 204 370 inque
241 332 370 357 omnes
407 318 534 356 omnia
561 330 721 369 expuere
747 317 879 368 possit,
906 330 1001 369 quae
1028 317 1086 355 illi
1112 317 1287 355 Bacchus
1316 317 1515 368 suggessit.
1569 317 1631 355 Ita

91 384 264 422 videlicet
290 382 400 421 facile
427 382 600 429 vicerint,
627 382 658 419 si
686 395 734 420 ne
760 382 887 431 legant
916 381 1070 433 quidem
1098 385 1239 427 nostra,
1267 381 1404 420 nedum
1431 385 1474 419 ut
1501 381 1548 420 ad
1567 381 1632 419 illa

92 448 356 500 respondeant,
384 447 447 485 sed
477 460 562 484 suas
590 450 735 485 tantum
765 449 831 494 (ne
859 446 981 484 dicam
1010 446 1170 496 alienas)
1196 448 1405 497 farragines
1433 446 1545 485 nobis
1563 447 1632 484 ob-

90 515 258 554 trudant.
292 514 448 565 Alioqui
484 514 578 564 plus,
596 512 742 562 negotii
778 513 858 550 fore
893 512 1125 562 intelligunt,
1162 513 1193 550 si
1223 526 1290 551 suo
1319 513 1450 551 ordine
1476 513 1536 551 vel
1562 526 1635 550 no-

90 583 205 617 stram
239 578 588 630 interpretationem
615 591 660 615 ex
688 577 884 629 scripturis
913 577 985 614 sibi
1012 577 1320 628 impugnandam,
1347 578 1407 615 vel
1434 591 1541 616 suam
1568 591 1634 630 ap-

89 643 325 696 probandam
362 647 525 681 sumant.
581 645 707 694 Atque
748 646 792 680 ut
828 642 872 679 de
908 646 1059 680 nostrae
1085 641 1408 693 interpretationis
1435 642 1635 694 impugna-

88 709 192 747 tione
228 712 384 753 taceam,
421 721 514 760 quae
554 707 694 758 alioqui
729 712 765 745 et
803 707 980 745 familiari
1016 720 1086 745 usu
1113 707 1152 744 in
1183 707 1378 759 scripturis
1406 711 1442 745 et
1470 713 1634 746 veterum

90 773 282 811 Ecclesiae
309 774 464 811 Patrum
494 785 681 811 consensu
709 773 940 811 communita
969 776 1037 820 est,
1061 773 1100 811 in
1130 786 1194 811 sua
1223 787 1311 811 sane
1339 774 1507 826 ipsorum
1534 776 1635 814 nuda

87 839 152 877 illa
198 851 242 876 ac
288 837 449 889 simplici
493 839 708 883 verborum,
742 842 784 876 ut
820 841 969 885 sonant,
1004 839 1314 890 interpretatione
1350 842 1636 892 propugnanda,

88 903 223 941 rimam
261 916 298 941 se
336 903 472 941 habere
509 916 587 941 non
613 916 724 954 posse
750 903 892 951 vident,
920 917 995 955 qua
1022 917 1061 942 se
1087 905 1166 941 ullo
1193 904 1308 942 modo
1337 905 1384 942 ab
1412 918 1454 943 ea
1481 907 1635 944 Artola-

90 969 163 1007 tria
206 968 378 1015 liberent,
430 969 532 1006 cuius
570 969 722 1006 nomine
760 968 977 1021 Papismum
1015 969 1175 1007 refutata
1213 970 1638 1010 transsubstantiatione

89 1033 327 1085 potissimum
373 1037 564 1072 accusant.
620 1033 719 1071 Satis
766 1037 823 1072 est
866 1033 942 1072 illis
977 1034 1107 1084 igitur,
1144 1035 1176 1073 si
1212 1035 1323 1073 verba
1362 1036 1502 1074 Christi
1539 1037 1637 1075 clara

91 1098 363 1150 perspicuaque
400 1111 443 1136 ac
479 1098 674 1136 intellectu
709 1098 891 1136 facillima
928 1112 1007 1137 esse
1037 1099 1176 1142 dicant,
1204 1100 1344 1138 nudam
1371 1104 1497 1139 tamen
1525 1101 1642 1145 illam,

91 1176 203 1214 quam
239 1163 394 1209 iactant,
427 1170 472 1201 ac
510 1163 717 1215 simplicem
752 1176 882 1201 eorum
918 1155 1267 1216 interpretationem
1296 1179 1481 1217 nusquam
1509 1168 1635 1218 profe-

89 1228 223 1274 ferant,
251 1228 316 1266 sed
344 1232 488 1266 tautum
517 1230 761 1278 argumen-(S
787 1229 990 1277 potatione
1019 1229 1183 1281 quadam
1210 1243 1317 1268 suam
1357 1244 1395 1268 se
1416 1231 1637 1270 delitescen-

88 1292 182 1331 tiam
218 1292 481 1344 comprobasse
519 1293 722 1338 somniant,
749 1307 882 1346 nempe
915 1294 1030 1345 quod,
1061 1308 1143 1332 cum
1173 1294 1218 1332 de
1244 1308 1341 1347 pane
1370 1308 1504 1348 corpus
1531 1309 1638 1348 prae-

91 1357 249 1404 dicetur,
284 1358 359 1396 iam
395 1358 524 1396 eadem
562 1372 674 1410 opera
702 1358 816 1396 etiam
845 1372 980 1411 corpus
1009 1359 1135 1411 ipsum
1161 1360 1202 1398 in
1228 1373 1325 1411 pane
1352 1365 1418 1399 aut
1446 1361 1515 1399 sub
1543 1375 1639 1413 pane

91 1414 306 1460 delitescere
333 1426 515 1474 oporteat,
542 1428 584 1461 ut
613 1424 856 1475 corporaliter
892 1437 956 1462 seu
991 1437 1054 1462 ore
1083 1425 1223 1462 carnali
1250 1425 1321 1474 (ita
1348 1426 1448 1464 enim
1472 1427 1636 1478 loquun-

89 1489 169 1535 tur)
205 1488 265 1526 edi
300 1488 431 1540 possit.
488 1488 575 1526 Hoc
612 1503 701 1527 sane
736 1503 924 1528 summum
961 1490 1155 1528 doctrinae
1181 1491 1350 1543 ipsorum
1378 1492 1507 1539 robur,
1534 1493 1637 1544 quod

90 1553 233 1604 alioqui
260 1557 444 1604 quantum
479 1554 724 1592 firmitudinis
752 1554 901 1602 habeat,
929 1555 961 1593 si
988 1569 1046 1594 res
1072 1556 1227 1607 propius
1255 1557 1366 1607 paulo
1394 1557 1634 1609 introspicia-

88 1622 162 1663 tur,
204 1618 371 1670 prudens
407 1620 566 1671 quisque
600 1620 711 1658 facile
746 1620 914 1659 iudicare
949 1625 1085 1672 potest,
1121 1621 1276 1673 perinde
1313 1626 1424 1673 atque
1460 1623 1559 1661 idem
1586 1624 1637 1662 sit

88 1685 248 1724 dixisse:
285 1686 425 1724 Panem
456 1686 581 1737 ipsum
617 1699 696 1724 esse
733 1699 882 1738 corpus,
917 1691 982 1724 aut
1017 1686 1056 1724 in
1092 1700 1189 1739 pane
1235 1701 1299 1725 seu
1345 1687 1414 1725 sub
1442 1702 1538 1740 pane
1566 1690 1632 1727 illo

87 1764 167 1789 esse
194 1764 239 1789 ac
266 1752 479 1790 delitescere
506 1752 630 1803 ipsum
660 1765 806 1803 corpus.

141 1816 313 1867 Longius
332 1831 391 1855 me
411 1831 523 1869 quam
543 1818 716 1856 volebam
734 1831 975 1869 progressum
996 1832 1076 1857 esse
1095 1819 1217 1865 video,
1229 1820 1311 1858 Rex
1327 1820 1634 1859 clementissime!

87 1883 126 1921 in
165 1883 390 1935 depellendis
426 1883 605 1921 adversus
642 1888 812 1921 nostram
845 1883 1057 1922 doctrinam
1094 1886 1278 1923 fartorum
1304 1886 1462 1924 istorum
1492 1887 1634 1925 calum·

88 1947 172 1993 niis,
200 1947 264 1986 sed
291 1961 350 1986 me
378 1961 506 1986 eorum
534 1948 608 1986 huc
634 1948 857 2000 improbitas
884 1949 996 2001 plane
1022 1949 1162 2000 adegit,
1198 1950 1265 2002 qui
1301 1964 1343 1988 eo
1381 1951 1522 2003 alioqui
1548 1953 1633 1989 loco

85 2012 215 2051 haberi
252 2013 383 2051 volunt
418 2015 522 2062 (utar
556 2014 655 2052 enim
696 2014 758 2052 hie
785 2014 894 2053 Pauli
922 2015 1079 2063 verbis),
1109 2029 1130 2053 a
1166 2016 1305 2067 quibus
1342 2016 1432 2054 solis
1460 2017 1634 2055 videlicet

88 2078 268 2129 prodierit
305 2082 340 2116 et
374 2080 414 2116 in
451 2092 546 2131 quos
580 2080 672 2118 item
707 2080 808 2118 solos
848 2080 1022 2119 reciderit
1050 2081 1222 2119 doctrina
1250 2082 1449 2132 Euangelii
1478 2082 1632 2123 Christi,

90 2143 338 2182 Haereticum
373 2144 547 2195 protinus
584 2158 664 2183 esse
700 2149 861 2196 oportet,
896 2147 961 2197 qui
998 2159 1076 2185 non
1104 2148 1260 2198 supplex
1289 2148 1427 2194 omnia,
1462 2161 1557 2199 quae
1584 2149 1631 2187 ab

88 2208 181 2259 ipsis
216 2208 384 2254 veniunt,
422 2209 659 2260 amplectitur
704 2223 823 2262 neque
860 2215 914 2249 est
943 2211 1035 2249 alibi
1062 2225 1221 2263 usquam
1248 2216 1509 2263 praeterquam
1536 2214 1635 2253 inter

87 2273 190 2324 ipsos
228 2274 452 2325 quaerenda,
487 2275 519 2312 si
554 2274 630 2313 illis
659 2275 857 2322 eredimus,
892 2276 1093 2327 spirituum
1130 2278 1206 2315 ulla
1244 2278 1508 2328 dogmatumve
1535 2279 1634 2318 diiu-

89 2338 241 2378 dicatio,
281 2338 452 2377 Christus
481 2339 668 2378 Dominus
697 2341 838 2391 Syn-(3
868 2339 1115 2388 1¹’)cretismis
1142 2342 1311 2394 ipsorum
1345 2343 1398 2381 ita
1426 2343 1474 2382 sit
1497 2345 1630 2386 astric-

87 2408 149 2443 tus
186 2418 336 2443 necesse
375 2409 441 2452 est,
468 2409 509 2444 ut
538 2419 724 2458 nusquam
750 2419 863 2458 porro
892 2420 930 2445 se
957 2421 1106 2446 exerere
1131 2409 1262 2460 possit,
1288 2408 1361 2448 nisi
1390 2410 1569 2449 continuo
1598 2415 1635 2451 et

88 2469 168 2521 ipse
195 2470 244 2507 ab
271 2470 354 2508 istis
382 2470 589 2509 sartoribus
618 2471 812 2510 haereseos
842 2472 1013 2511 damnari
1040 2473 1141 2512 velit.
1198 2473 1248 2512 Et
1275 2487 1492 2527 quanquam
1520 2476 1631 2528 spiri-

86 2539 149 2574 tus
187 2540 338 2574 sanctus
375 2550 598 2588 quacunque
630 2537 708 2575 vult
747 2538 887 2590 spirare
924 2538 1099 2590 donaque
1135 2553 1214 2585 sua,
1249 2553 1318 2592 pro
1347 2554 1389 2579 eo
1419 2555 1462 2579 ac
1489 2543 1568 2581 vult
1597 2547 1632 2582 et

88 2601 228 2652 quibus
256 2602 349 2648 vult,
375 2602 482 2640 iuxta
517 2616 732 2641 mensuram
768 2604 900 2653 largiri
934 2604 1091 2650 dicatur,
1119 2618 1239 2657 neque
1267 2605 1424 2645 dubium
1443 2607 1506 2654 sit,
1522 2608 1632 2647 illum

89 2667 212 2705 omnis
239 2667 405 2706 veritatis
431 2668 471 2706 in
502 2668 676 2706 omnibus
702 2668 864 2708 ubilibet
893 2670 1003 2708 donis
1031 2671 1107 2709 suis
1151 2671 1342 2710 doctorem
1362 2686 1455 2720 esse,
1472 2673 1630 2712 istorum

86 2737 212 2772 tamen
250 2734 525 2785 Syncretismos
561 2736 836 2786 praetervolare
872 2736 928 2774 illi
973 2749 1050 2774 non
1094 2736 1225 2775 licebit
1262 2737 1417 2784 scilicet,
1453 2739 1543 2789 quin
1582 2741 1629 2777 ab

86 2797 162 2836 illis
190 2801 225 2836 et
250 2797 331 2850 ipse
357 2799 545 2837 mendacii
574 2799 856 2840 condemnetur.
912 2801 1137 2840 Clamabunt
1165 2801 1227 2840 hic
1255 2816 1424 2841 rursum:
1454 2804 1630 2856 blasphe-

86 2862 174 2909 mia,
208 2862 457 2914 blasphemia!
496 2865 579 2916 Ego
608 2878 696 2904 vcro
733 2865 772 2904 et
800 2866 951 2905 Christo
982 2866 1148 2906 Domino
1177 2867 1256 2905 filio
1286 2867 1357 2906 Dei
1384 2868 1460 2907 vivi
1489 2868 1526 2907 e‘t
1554 2869 1630 2921 spi-
