1830 3147
1666 52 1685 88 9

152 167 317 204 beamus.
357 166 444 203 Qua
461 155 561 202 'sanc
589 165 627 201 in
656 176 695 203 re
724 166 954 214 praeclarum
983 164 1095 201 etiam
1124 164 1162 201 in
1192 163 1340 201 Christo
1371 162 1534 200 Domino
1562 175 1686 200 exem-

149 232 254 282 plum
289 231 402 268 simul
434 232 478 279 (β
509 231 566 276 1²²)
604 241 647 266 ac
685 227 951 265 documentum
985 226 1179 273 habemus,
1216 226 1394 265 nimirum
1419 229 1474 272 ut,
1501 230 1684 278 quatenus

150 295 275 347 ipsum
310 294 445 332 vitasse
481 292 704 331 offendicula
740 291 913 340 legimus,
951 290 1129 329 hactenus
1166 291 1229 329 illa
1259 291 1368 329 nobis
1395 291 1507 330 etiam
1535 290 1689 329 vitanda

151 373 231 397 esse
272 362 490 396 statuamus.
543 357 663 394 Porro
699 355 1016 407 quemadmodum
1053 355 1128 393 dici
1156 369 1239 394 vere
1267 356 1422 394 omnino
1449 368 1526 393 non
1552 359 1690 407 potest,

152 436 217 474 per
253 422 444 460 Christum
481 420 687 459 Dominum
716 421 832 459 ullum
863 419 1017 458 omnino
1047 418 1311 459 offendiculum
1341 420 1469 459 datum
1496 433 1589 465 esse,
1616 420 1689 460 nisi

153 487 185 525 si
211 487 303 525 vaeh
338 499 486 538 quoque
519 485 627 529 illud,
664 484 761 536 quod
802 483 1033 522 offendiculis
1063 483 1159 522 datis
1186 484 1403 522 adiunctum
1432 484 1616 530 audimus,
1642 485 1690 523 ad

154 552 277 604 ipsum
303 551 488 603 pertinere
515 551 710 597 fateamur,
728 549 847 587 —ita
867 563 956 588 sane
974 562 1094 601 neque
1112 562 1178 601 per
1198 549 1408 588 doctrinam
1429 549 1546 602 ipsius
1565 550 1691 590 eiusve

157 617 348 655 ministros
384 616 492 665 (dum
524 616 581 654 illi
616 615 831 664 inhaerent)
868 615 944 653 ulla
980 614 1092 653 etiam
1128 614 1349 653 offendicula
1378 628 1474 662 vere,
1502 619 1692 668 utcunque

155 681 305 719 tandem
338 680 643 732 praetendantur,
679 679 803 718 venire
840 679 1090 731 proculdubio
1126 683 1308 730 possunt;
1350 679 1461 718 modo
1501 684 1540 719 ut
1567 681 1691 732 palam

155 748 311 788 constet,
358 745 453 782 nihil
488 758 649 796 usquam
685 744 758 794 agi,
795 744 896 796 quod
932 757 1010 782 non
1050 744 1243 782 Christum
1281 744 1486 783 Dominum
1523 750 1692 784 autorem

157 823 264 848 suum
300 810 340 848 in
376 809 488 848 verbo
527 822 592 847 suo
634 809 782 852 habeat,
817 809 856 846 in
894 822 968 860 quo
997 822 1105 847 nemo
1135 808 1277 860 alioqui
1303 809 1437 847 merito
1466 809 1603 848 offendi
1630 814 1693 848 aut

158 875 289 913 debeat
325 879 390 912 aut
427 874 538 912 etiam
574 875 707 925 possit.
761 874 986 925 Priusquam
1021 873 1138 924 igitur
1166 874 1368 925 quicquam
1394 887 1551 926 usquam
1579 888 1694 912 nove·

157 954 239 978 mus
277 940 373 978 circa
412 940 532 977 cultus
568 939 686 977 divini
722 939 762 977 in
799 938 967 977 Ecclesia
1005 939 1131 990 aliqua
1166 938 1457 985 restitutionem,
1485 940 1556 977 hoc
1584 939 1695 978 nohis

157 1010 242 1043 ante
270 1006 396 1043 omnia
423 1009 480 1043 est
508 1003 785 1056 praestandum,
814 1004 845 1042 si
873 1004 976 1042 nulla
1005 1004 1314 1042 offendiculorum
1343 1004 1452 1056 culpa
1480 1005 1598 1043 teneri
1625 1018 1695 1043 vo-

153 1071 295 1108 lumus:
335 1072 513 1114 Prz‘mwn,
550 1075 591 1107 ut
629 1070 752 1121 palam
790 1070 858 1107 toti
896 1070 953 1107 illi
990 1069 1180 1108 Ecclesiae
1217 1069 1471 1115 ostendamus,
1510 1084 1565 1116 ea,
1600 1084 1696 1122 quae

157 1135 304 1173 amoliri
339 1134 518 1186 cupimus,
555 1134 680 1172 nullos
717 1134 872 1171 omnino
910 1134 1032 1172 fontes
1068 1134 1257 1184 legitimos
1294 1134 1334 1172 in
1371 1134 1511 1172 Christi
1539 1135 1695 1173 Domini

159 1200 328 1239 doctrina
366 1199 513 1245 habere,
549 1213 644 1250 quae
680 1199 832 1250 quidem
867 1199 978 1237 nobis
1016 1199 1064 1237 sit
1095 1213 1160 1251 per
1187 1199 1391 1250 Prophetas
1419 1213 1463 1238 ac
1490 1201 1695 1251 Apostolos

157 1265 307 1312 tradita,
350 1269 386 1303 et
419 1265 589 1316 proinde,
625 1269 664 1303 ut
701 1278 850 1303 omnem
885 1265 1156 1316 plantationem
1194 1278 1272 1302 non
1307 1268 1350 1316 (β
1380 1265 1438 1314 Ib)
1473 1279 1493 1303 a
1531 1265 1695 1305 Domino

157 1330 375 1381 plantatam.
411 1328 632 1367 eradicanda
670 1330 779 1381 plane
815 1343 907 1375 esse,
933 1334 1128 1380 utcunque
1156 1329 1308 1367 tandem
1338 1333 1512 1368 autorum
1542 1344 1695 1370 suorum

155 1393 275 1432 titulis
304 1393 544 1431 vetustatisve
571 1398 634 1431 aut
663 1406 867 1431 consensus
886 1393 1054 1444 perpetui
1075 1393 1258 1443 dignitate
1278 1398 1519 1433 exornentur.
1549 1397 1697 1434 Deinde

157 1464 197 1497 ut
227 1459 344 1497 claros
373 1472 415 1496 ac
442 1459 657 1510 perspicuos
684 1458 722 1496 in
753 1459 894 1497 Christi
921 1459 1094 1519 doctrina
1123 1460 1247 1498 fontes
1275 1473 1404 1498 eorum
1433 1460 1600 1499 omnium
1628 1475 1698 1513 pu-

156 1525 252 1562 blice
299 1529 646 1570 commonstremus,
682 1537 788 1574 quae,
824 1528 1034 1575 temporum
1070 1523 1209 1562 iniuria
1246 1524 1399 1570 abolita,
1436 1526 1549 1564 veluti
1591 1530 1698 1578 post-

157 1589 304 1629 liminio
340 1602 489 1627 rursum
524 1588 666 1627 restitui
706 1593 816 1640 atquc
842 1589 882 1627 in
912 1603 1020 1628 usum
1048 1589 1171 1627 denuo
1200 1590 1368 1628 revocari
1397 1595 1581 1642 optamus.
1636 1592 1697 1630 Ita

158 1655 221 1692 fiet
256 1653 368 1699 enim,
394 1657 436 1691 ut
464 1666 572 1691 nemo
601 1653 756 1691 omnino
784 1653 824 1691 in
851 1657 931 1691 tota
960 1654 1026 1691 illa
1054 1653 1224 1692 Ecclesia
1253 1658 1318 1692 aut
1346 1655 1603 1704 ignorantiam
1632 1661 1698 1694 aut

156 1718 426 1763 infirmitatem,
461 1731 545 1756 vere
581 1718 722 1769 alioqui
758 1719 999 1770 praetendere
1033 1719 1192 1770 amplius
1228 1719 1360 1770 possit.
1415 1719 1571 1758 Frustra
1609 1735 1699 1759 sane

156 1783 409 1833 ignorantiam
447 1783 531 1833 quis
559 1787 749 1834 praetexat
776 1783 835 1824 iis.
863 1797 957 1835 quae
982 1783 1132 1835 publice
1160 1783 1353 1829 docentur,
1380 1788 1416 1822 et
1443 1797 1520 1823 non
1547 1789 1604 1823 est
1631 1786 1694 1824 in-

158 1847 346 1886 firmitatis
383 1848 494 1893 nolle,
530 1848 586 1885 vel
622 1848 772 1886 reiicere
800 1862 893 1899 quac
921 1849 1129 1900 approbare
1157 1862 1233 1887 non
1262 1850 1396 1900 possis,
1427 1851 1482 1888 vel
1510 1852 1698 1903 amplecti,

159 1927 250 1965 quae
285 1913 497 1964 improbare
533 1926 609 1950 non
647 1927 772 1965 queas.
827 1914 1069 1952 Infirmitatis
1106 1918 1173 1960 est,
1211 1927 1287 1953 non
1314 1928 1435 1966 posse,
1463 1917 1563 1967 quod
1591 1918 1698 1963 velis,

160 1981 313 2023 bonum,
340 1978 656 2029 quemadmodum
684 1979 821 2017 Paulus
851 1980 971 2018 docet.
1027 1980 1221 2018 Caeterum
1251 1982 1352 2019 nolle
1379 1982 1564 2033 amplecti,
1592 1984 1695 2034 quod

160 2057 295 2093 negare
322 2057 398 2081 non
425 2043 546 2094 possis
574 2057 654 2081 csse
682 2044 836 2090 bonum,
863 2050 986 2095 atque,
1013 2058 1056 2082 eo
1084 2045 1233 2090 reiecto,
1261 2046 1354 2084 velle
1380 2046 1530 2084 interim
1560 2049 1695 2086 retine-

158 2122 209 2153 re,
237 2108 336 2159 quod
362 2112 400 2146 te
428 2121 448 2145 a
477 2108 639 2146 Domino
669 2109 878 2159 plantatum
907 2123 984 2147 non
1012 2123 1092 2147 esse
1119 2110 1227 2148 fateri
1256 2115 1438 2161 oporteat,
1464 2133 1513 2140 -
1541 2112 1579 2149 id
1607 2127 1694 2151 vero

158 2188 233 2212 non
262 2178 339 2211 tam
367 2176 422 2210 est
448 2172 678 2211 infirmitatis
706 2174 793 2219 iam,
820 2187 933 2225 quam
961 2179 1195 2226 contemptus
1223 2175 1361 2226 potina
1400 2176 1459 2213 cui
1488 2190 1526 2215 se
1552 2177 1693 2229 alioqui

160 2239 331 2277 Christus
375 2237 573 2281 Dominus,
618 2251 694 2275 non
731 2239 903 2289 equidem
941 2239 1177 2285 medicando,
1214 2240 1278 2278 sed
1315 2240 1424 2290 plane
1460 2243 1694 2280 excaecando

160 2308 272 2354 atque
307 2303 360 2340 ita
399 2302 547 2340 demum
575 2302 764 2352 perdendo
793 2303 917 2349 etiam,
945 2304 1090 2342 venisse
1117 2308 1293 2351 testatur3
1322 2308 1357 2342 et
1385 2305 1478 2343 adeo
1507 2320 1584 2345 non
1611 2321 1694 2345 mo-

158 2373 260 2406 ratur
296 2367 426 2404 talium
462 2365 623 2416 offen-(fi
654 2367 851 2415 2³)dicula,
877 2372 919 2405 ut
947 2368 1072 2405 studio
1100 2369 1306 2420 plerunque
1334 2370 1551 2410 occasiones
1580 2386 1694 2423 quae-

159 2434 265 2471 siisse
301 2431 484 2475 videatur,
522 2444 585 2468 eos
621 2432 859 2482 potissimum
888 2432 1113 2478 offendendi,
1140 2433 1203 2484 qui
1231 2447 1297 2472 suo
1327 2437 1560 2488 contemptui
1587 2438 1694 2475 infir-

160 2497 301 2536 mitatis
329 2496 611 2534 excusationem
632 2496 845 2535 Pharisaica
867 2497 1056 2551 hypocrisi
1077 2511 1142 2536 sua
1161 2498 1431 2539 obtendebant.
1460 2501 1521 2538 Ab
1543 2502 1694 2540 illorum

159 2562 274 2612 igitur
310 2561 542 2599 offendiculis
580 2564 616 2598 et
653 2574 722 2598 nos
761 2562 967 2600 cavendum
1003 2576 1082 2600 esse
1119 2563 1230 2601 nobis
1265 2563 1532 2615 intelligemus,
1559 2567 1695 2617 quibus

160 2626 390 2665 medicandis
419 2625 608 2663 Christum
639 2625 857 2671 Dominum,
890 2628 1037 2678 prolata
1067 2628 1169 2666 verbi
1199 2628 1317 2666 divini
1345 2629 1401 2667 sui
1428 2630 1521 2676 luce,
1551 2632 1696 2670 venisse

161 2692 346 2735 audimus,
382 2692 453 2728 hoc
489 2696 556 2736 est,
593 2691 658 2742 qui
694 2696 796 2730 extra
834 2693 1026 2730 Christum
1062 2692 1264 2732 Dominum
1304 2695 1571 2747 doctrinaeque
1608 2710 1696 2735 suae

160 2757 280 2795 lucem
325 2756 418 2794 nihil
463 2769 501 2794 se
537 2757 705 2800 omnino,
741 2758 842 2808 quod
878 2758 924 2796 ad
964 2758 1090 2796 divina
1126 2759 1272 2806 attinet,
1307 2760 1431 2798 videre
1469 2762 1545 2800 ullo
1581 2764 1694 2800 modo

161 2835 268 2873 posse
296 2825 518 2870 agnoscunt,
545 2825 667 2872 atque,
696 2822 764 2860 hac
791 2824 869 2861 sola
897 2823 979 2861 luce
1005 2837 1069 2874 per
1097 2824 1285 2863 Christum
1314 2825 1520 2864 Dominum
1539 2828 1695 2879 prolata,
