1830 3147
333 79 406 114 360
807 84 979 113 onnon.
1008 84 1116 114 noct.
1145 84 1263 114 LoND.

332 194 368 228 et
412 201 537 227 veram
582 189 805 239 religionem
851 202 939 240 erga
974 189 1189 241 proximum
1226 194 1409 239 nostrum,
1451 203 1515 229 sex
1552 190 1738 230 mandatis

333 253 653 306 comprehensam.

916 448 1055 487 Interr.
1086 450 1146 487 16.

381 513 576 553 Quaenam
608 516 696 551 sunt
721 517 917 565 praecepta
943 513 1079 564 prioris
1106 513 1283 552 tabulae?

926 578 1040 629 Resp.
1071 579 1149 626 (5a)

381 643 464 693 Ego
501 656 582 680 sum
623 642 809 680 Dominus
838 642 940 680 Deus
969 648 1069 688 tuus,
1096 642 1160 694 qui
1188 641 1300 680 eduxi
1326 646 1364 681 te
1390 656 1410 681 e
1436 646 1534 681 terra
1562 643 1740 695 Aegypti,

330 721 349 746 e
387 708 499 746 domo
536 707 741 746 servitutis.
798 707 857 745 Ne
894 707 970 745 sint
1005 707 1079 745 tibi
1115 706 1180 744 Dii
1215 707 1327 745 alieni
1363 720 1488 745 coram
1523 707 1619 745 facie
1646 721 1739 754 mea,

329 772 406 810 sive
432 785 545 824 penes
573 785 643 809 me.

380 838 440 875 Ne
473 837 605 875 feceris
642 835 714 874 tibi
750 839 925 881 statuam,
961 849 1082 887 neque
1117 836 1235 874 ullum
1274 835 1557 881 simulachrum,
1584 848 1628 873 ex
1656 848 1739 873 om-

328 902 454 947 nibus,
487 914 581 952 quae
617 904 705 938 sunt
741 900 781 937 in
820 900 932 937 coelis
967 913 1137 951 superne,
1174 913 1294 951 neque
1330 913 1426 950 quae
1453 903 1541 937 sunt
1567 899 1608 936 in
1640 902 1738 937 terra

328 966 397 1003 sub
436 966 553 1010 coelo,
587 978 709 1016 neque
745 965 786 1002 in
821 964 929 1015 aquis
966 969 1054 1002 sunt
1090 964 1159 1002 sub
1197 969 1308 1003 terra.
1363 964 1422 1002 Ne
1459 963 1592 1002 adores
1620 977 1738 1015 neque

329 1031 489 1069 honores
529 1043 650 1081 neque
688 1030 789 1067 colas
825 1042 880 1074 ea,
917 1042 1004 1066 nam
1033 1042 1101 1080 ego
1139 1028 1324 1067 Dominus
1362 1029 1463 1067 Deus
1491 1032 1577 1066 tuus
1603 1033 1737 1080 potens

327 1109 422 1142 sum,
457 1095 658 1146 impatiens
696 1094 958 1139 contumeliae,
994 1093 1153 1132 visitans
1191 1096 1343 1145 peccata
1378 1098 1527 1144 patrum
1563 1094 1602 1130 in
1637 1093 1734 1132 filios

326 1158 405 1209 (5¹³)
443 1173 561 1211 usque
596 1159 641 1196 ad
677 1160 715 1197 in
746 1159 894 1197 tertiam
924 1163 959 1196 et
987 1162 1163 1209 quartam
1191 1159 1473 1208 generationem
1500 1171 1642 1205 eorum,
1669 1158 1735 1209 qui

325 1239 383 1263 me
419 1225 593 1270 oderunt,
628 1229 665 1262 et
702 1225 843 1262 faciens
884 1224 1183 1262 misericordiam
1212 1224 1251 1261 in
1281 1224 1397 1262 multa
1427 1223 1556 1270 millia,
1583 1223 1647 1275 qui
1675 1237 1734 1261 me

325 1290 487 1340 diligunt
515 1294 551 1328 et
577 1293 772 1341 praecepta
800 1302 882 1327 mea
911 1289 1126 1327 observant.

375 1419 435 1456 Ne
471 1431 638 1456 assumas
675 1422 812 1455 temere
848 1430 969 1468 neque
1004 1416 1154 1454 incaute
1190 1429 1327 1454 nomen
1370 1415 1525 1454 Domini
1561 1416 1631 1454 Dei
1667 1417 1734 1463 tui,

324 1483 614 1534 haudquaquam
649 1482 749 1520 enim
787 1494 855 1532 pro
890 1481 1041 1518 insonte
1079 1480 1233 1518 habebit
1271 1493 1354 1518 eum
1391 1493 1459 1518 neo
1497 1480 1578 1519 sine
1613 1494 1734 1532 poena

324 1547 497 1592 dimittet,
525 1547 589 1597 qui
618 1559 754 1584 nomen
783 1545 902 1596 ipsius
930 1549 1067 1582 temere
1097 1548 1161 1582 aut
1188 1543 1319 1582 leviter
1347 1544 1395 1582 sit
1424 1557 1527 1583 usus.

375 1676 593 1714 Memineris
629 1674 703 1712 diei
731 1674 946 1720 sabbaothi,
973 1677 1015 1712 ut
1045 1672 1255 1711 sanctifices
1293 1686 1389 1711 eum.
1447 1673 1518 1710 Sex
1546 1674 1625 1721 (ὅῆ)
1654 1672 1732 1710 die-

324 1743 392 1779 bus
421 1740 635 1792 operaberis
663 1744 698 1778 et
725 1740 894 1791 perficies
923 1752 1035 1777 omne
1064 1752 1157 1789 opus
1183 1742 1305 1783 tuum,
1333 1738 1491 1789 septimo
1519 1741 1643 1775 autem
1674 1737 1733 1775 die

323 1806 574 1844 sabbaothum
601 1808 655 1842 est
683 1804 837 1842 Domini
866 1803 936 1841 Dei
964 1803 1034 1842 tui.
1089 1803 1197 1840 Tune
1226 1802 1372 1839 nullum
1401 1815 1494 1853 opus
1523 1802 1650 1846 facies,
1677 1805 1732 1848 tu,

323 1885 391 1910 nec
418 1871 518 1908 filius
545 1875 646 1916 tuus,
673 1883 741 1907 nec
768 1870 845 1906 filia
881 1874 958 1913 tua,
987 1881 1055 1905 neo
1082 1868 1244 1905 famulus
1271 1872 1369 1913 tuus,
1398 1880 1466 1904 nec
1493 1867 1630 1904 ancilla
1656 1871 1732 1912 tua,

323 1949 391 1973 neo
426 1936 634 1972 iumentum
669 1938 788 1977 tuum,
825 1947 892 1971 nee
929 1933 1073 1969 advena
1108 1936 1209 1977 tuus,
1247 1932 1312 1982 qui
1340 1931 1440 1969 intra
1468 1936 1595 1982 portas
1624 1931 1730 1968 urbis

323 2006 408 2038 tuae
434 2004 501 2038 est.
530 1999 632 2036 Nam
660 2012 724 2036 sex
754 1998 885 2035 diebus
915 1996 1102 2035 formabat
1132 1996 1317 2034 Dominus
1347 1996 1489 2033 coelum
1520 2000 1555 2033 et
1581 2000 1731 2039 terram,

325 2078 425 2102 mare
460 2069 495 2101 et
532 2063 657 2101 omnia
694 2076 788 2114 quae
824 2063 864 2099 in
900 2075 941 2099 eo
980 2065 1079 2105 sunt,
1122 2060 1279 2111 septimo
1317 2065 1442 2098 autem
1480 2060 1539 2097 die
1577 2060 1730 2110 quievit.

325 2129 526 2180 Propterea
555 2127 747 2166 benedixit
776 2126 962 2164 Dominus
992 2125 1065 2163 diei
1092 2124 1292 2162 sabbaothi
1312 2128 1347 2163 et
1368 2124 1616 2162 sanctificavit
1636 2137 1730 2162 eum.

857 2256 995 2295 Interr.
1024 2257 1086 2296 17.
1115 2256 1194 2303 (61³)

379 2324 577 2362 Quaenam
607 2325 696 2360 sunt
723 2326 922 2372 praecepta
950 2320 1106 2358 alterius
1132 2319 1312 2358 tabulae?

973 2385 1084 2435 Resp.

382 2453 454 2490 Sex
481 2452 559 2498 illa,
586 2464 680 2503 quae
711 2453 943 2501 sequuntur:

382 2517 600 2555 Honarabis
643 2520 786 2567 patrem
821 2520 925 2552 tuum
965 2518 1001 2551 et
1034 2516 1189 2550 matrem
1227 2516 1342 2556 tuam,
1378 2516 1420 2549 ut
1458 2510 1521 2548 diu
1558 2509 1660 2548 vivas
1695 2509 1735 2547 in

332 2586 430 2618 terra
466 2585 502 2617 et
538 2593 597 2618 res
632 2585 718 2618 tuae
744 2580 1012 2630 prosperentur
1040 2577 1080 2614 in
1108 2576 1273 2625 regione,
1300 2587 1411 2626 quam
1439 2573 1623 2611 Dominus
1650 2576 1736 2611 tuus

333 2645 403 2683 tibi
432 2644 549 2683 dabit.

384 2708 445 2748 Ne
471 2708 634 2747 occidas.

438 2847 445 2856 ³
480 2858 491 2863 Δ
521 2835 561 2864 ,ω’
