1830 3147
179 117 253 155 100

182 229 229 266 ab
258 227 329 274 his,
355 241 450 279 quae
475 228 549 265 iam
576 228 734 279 professi
771 232 871 275 sunt,
904 229 1171 280 quoquomodo
1198 230 1387 271 defi‘ciant.
1426 233 1597 273 Aliorum
1627 247 1714 274 vero

180 307 379 346 puerorum
407 298 577 344 parentes
605 293 823 332 exhortatur
851 294 898 332 ad
925 294 1083 332 istorum
1110 294 1371 336 imitationem.

232 358 422 396 Admonet
454 362 642 408 praeterea
678 358 790 396 etiam
829 371 891 396 eos
928 359 1030 409 ipsos
1057 372 1205 410 pueros,
1232 362 1297 413 qui
1325 362 1599 402 confessionem
1626 362 1714 401 fidei

180 436 265 461 suae
302 424 481 467 fecerunt,
512 427 556 460 ut
589 422 795 461 Dominum
830 422 950 461 Deum
985 423 1117 461 timere
1152 430 1329 476 perpetuo
1356 431 1526 478 pergant.
1580 427 1713 466 Vitent

177 489 312 525 malam
350 487 577 534 societatem,
612 488 833 539 parentibus
860 488 1050 535 obediant,
1080 502 1161 528 cum
1191 491 1366 530 omnibus
1396 492 1612 530 charitatem
1644 493 1710 530 ha-

177 553 289 591 beant
317 558 351 590 et
378 553 538 591 assiduis
571 553 744 604 precibus
773 567 850 591 sese
885 555 996 602 (103)
1026 553 1189 592 Domino
1219 555 1297 594 Deo
1327 557 1602 596 commendent.
1640 558 1709 595 Sa-

177 622 303 656 tanam
342 617 441 655 enim
478 631 553 656 non
590 618 763 663 dormire,
791 619 839 656 ad
867 632 976 670 quem
1005 618 1037 657 si
1063 619 1292 667 relabantur,
1318 623 1470 671 gravius
1498 621 1583 660 illos
1612 621 1710 659 iudi-

180 682 276 720 cium
323 696 485 728 manere,
529 696 641 734 quam
669 683 701 721 si
736 697 818 723 cum
854 683 938 721 aliis
972 697 1095 721 rerum
1133 684 1342 724 divinarum
1379 699 1533 737 prorsus
1567 686 1711 736 ignaris

176 753 372 800 peccarent
402 747 445 797 ¹).
1256 802 1258 805 ι

225 813 357 851 Postea
384 813 555 852 Psalmus
583 813 801 852 decantatur
827 814 875 852 ab
905 814 1088 859 Ecclesia,
1115 828 1209 866 quae
1237 815 1386 854 demum
1403 817 1604 856 dimittitur
1624 831 1705 856 cum

174 876 435 915 benedictione
463 881 499 915 et
526 890 729 927 egenorum
759 877 1095 925 commendatione,
1123 883 1164 917 ut
1194 893 1305 931 supra
1334 881 1514 933 scriptum
1535 882 1707 922 habetur.

381 1006 582 1056 Appendix
617 1007 661 1045 de
687 1007 983 1046 adolescentibus
1010 1010 1210 1048 dissolutis
1237 1015 1273 1049 et
1300 1010 1499 1060 imperitis.

224 1150 264 1187 Si
291 1149 356 1201 qui
382 1149 650 1194 adolescentes,
676 1150 716 1188 in
744 1155 874 1189 nostra
901 1151 1070 1190 Ecclesia
1098 1153 1289 1204 baptizati,
1316 1160 1401 1205 post
1423 1168 1564 1193 annum
1591 1168 1704 1206 quar·

167 1215 447 1262 tumdeeimuxn‚
482 1220 545 1253 aut
583 1229 656 1254 non
687 1217 776 1254 satis
804 1216 844 1254 in
872 1217 1053 1267 religione
1080 1219 1246 1258 instituti
1274 1233 1353 1258 esse
1381 1226 1443 1259 aut
1472 1220 1585 1258 vitam
1606 1234 1704 1258 non-

170 1279 264 1317 nihil
310 1279 530 1318 dissolutam
574 1293 683 1330 agere
719 1276 1057 1332 deprehendantur,
1094 1283 1148 1321 sic
1185 1289 1225 1322 ut
1262 1285 1320 1337 vel
1355 1297 1430 1322 non
1470 1284 1616 1335 possint
1655 1286 1701 1322 ad

169 1345 314 1382 Coenae
342 1358 450 1383 usum
485 1345 647 1390 admitti,
675 1345 743 1392 vel,
771 1347 882 1384 semel
911 1348 1077 1395 admissi,
1107 1349 1225 1387 arceri
1253 1363 1399 1387 rursum
1426 1355 1578 1401 propter
1606 1350 1702 1388 vitae

166 1410 421 1461 impuritatem
472 1410 642 1457 debeant,
695 1414 794 1449 tum'
819 1411 988 1450 Ministri
1025 1413 1215 1452 Ecclesiae
1259 1415 1345 1452 illos
1389 1415 1435 1452 ad
1484 1428 1523 1452 se
1569 1420 1704 1453 vocant

167 1481 392 1527 vocatosque
436 1490 481 1514 ex
517 1477 632 1514 verbo
677 1476 748 1514 Dei
792 1477 1084 1528 reprehendunt,
1120 1485 1155 1517 et
1201 1480 1443 1518 sciscitantur
1492 1481 1536 1518 de
1581 1481 1702 1518 causis

169 1540 226 1578 vel
263 1539 470 1592 imperitiae
507 1541 559 1578 vel
596 1541 820 1579 insolentiae
854 1541 1035 1592 ipsorum.
1091 1543 1240 1582 Quodsi
1276 1544 1400 1595 aliqua
1446 1544 1574 1596 culpae
1617 1558 1702 1596 pars

163 1604 204 1642 in
239 1603 459 1656 parentibus
495 1617 574 1642 esse
612 1604 792 1650 videatur,
819 1611 1021 1644 monentur
1047 1608 1209 1658 primum
1236 1612 1409 1659 parentes
1443 1607 1527 1659 ipsi,
1557 1608 1703 1654 deinde,

166 1669 198 1706 si
233 1669 509 1707 admonitiones
545 1671 657 1718 (104)
695 1670 889 1719 negligant
925 1675 961 1709 et
998 1671 1073 1709 sint
1110 1686 1154 1710 ex
1204 1673 1386 1718 Ecclesia,
1421 1673 1526 1711 iuxta
1561 1674 1700 1724 gradus

166 1728 386 1785 disciplinae
424 1733 714 1772 Ecclesiasticae
751 1735 1090 1785 reprehenduntur.
1145 1736 1184 1773 Si
1215 1750 1301 1775 vero
1329 1738 1471 1775 nullam
1499 1738 1539 1775 in
1566 1751 1700 1789 paren-

164 1798 266 1836 tibus
295 1799 441 1849 culpam
469 1812 548 1836 esse
577 1802 732 1845 constet,
762 1799 825 1837 sed
855 1800 963 1850 culpa
991 1800 1038 1838 sit
1067 1801 1106 1839 in
1133 1801 1225 1852 ipsis
1254 1802 1397 1846 liberis,
1425 1803 1491 1854 qui
1518 1815 1594 1841 non
1614 1817 1700 1841 raro

164 1863 216 1901 ita
253 1863 485 1900 insolescunt
521 1864 559 1900 in
588 1863 853 1911 adolescentia,
880 1868 922 1903 ut
950 1878 1025 1903 non
1054 1879 1281 1917 magnopere
1309 1871 1501 1905 morentur
1526 1872 1699 1918 parentes

163 1927 278 1978 ipsos,
313 1928 452 1965 nedum
478 1928 628 1965 illorum
656 1928 934 1967 admonitiones
962 1934 1028 1967 aut
1055 1929 1166 1968 etiam
1197 1931 1473 1981 castigationes,
1498 1936 1579 1970 tum
1607 1945 1698 1971 eon-

164 1993 310 2031 solandi
347 1997 433 2030 sunt
467 1998 639 2044 parentes
673 1994 746 2045 ipsi
783 1997 819 2031 et
856 2007 937 2032 cum
974 1995 1026 2032 eis
1056 1995 1275 2046 capiendum
1306 1997 1515 2043 consilium,
1544 1997 1575 2035 si
1603 2010 1697 2048 quo-

165 2058 278 2096 modo
321 2057 477 2096 iuvenili
517 2059 724 2096 liberorum
760 2054 982 2100 insolentiae
1018 2060 1164 2097 frenum
1202 2061 1374 2099 adhiberi
1409 2062 1541 2112 possit.
1603 2062 1700 2099 Puer

164 2136 250 2161 vero
296 2136 359 2161 seu
404 2123 623 2161 adolescens
662 2124 838 2161 severiter
873 2124 1024 2162 interim
1061 2138 1083 2162 a
1122 2125 1309 2164 Ministris
1346 2126 1612 2176 obiurgabitur
1653 2140 1697 2165 ex

164 2189 279 2225 verbo
315 2187 397 2233 Dei,
432 2187 634 2239 propositis
671 2188 728 2225 illi
757 2188 928 2226 videlicet
960 2189 1072 2226 minis
1102 2189 1252 2237 divinis,
1279 2191 1353 2228 nisi
1380 2191 1587 2243 resipiscat,
1613 2195 1649 2230 et
1676 2205 1697 2230 a

164 2253 310 2290 Coenae
337 2252 559 2290 Dominicae
586 2265 658 2290 usu
685 2252 944 2303 suspendetur.

219 2318 259 2354 Si
296 2330 382 2355 vero
414 2317 551 2368 aliquis
587 2317 647 2362 sit,
681 2317 746 2368 qui
773 2331 893 2368 neque
918 2317 1130 2356 istiusmodi
1157 2318 1419 2368 obiurgatione
1462 2332 1582 2370 neque
1608 2319 1697 2356 item

163 2381 407 2432 suspensione
440 2395 461 2419 a
499 2382 643 2418 Coenae
677 2394 748 2418 usu
782 2385 988 2428 moveatur,
1023 2382 1087 2420 sed
1115 2383 1283 2434 quotidie
1311 2384 1473 2421 deterior
1499 2387 1609 2433 atque
1636 2383 1697 2420 in-

163 2445 397 2484 tractabilior
433 2447 511 2492 fiat,
547 2445 611 2483 ubi
639 2445 685 2483 ad
713 2459 854 2483 annum
882 2447 1243 2485 octavumdecimutn
1274 2452 1338 2485 aut
1366 2447 1585 2497 vigesimum
1613 2460 1696 2497 per-

166 2511 307 2549 venerit
334 2514 369 2548 et
397 2511 682 2548 Ecclesiasticas
711 2511 987 2549 admonitiones
1016 2517 1254 2550 contemnere
1281 2511 1526 2549 nihilominus
1554 2515 1699 2562 pergat,

166 2588 249 2613 eum
286 2575 438 2625 publico
474 2576 591 2612 totius
628 2575 820 2613 Ecclesiae
847 2576 952 2613 luctu
980 2575 1379 2615 excommunicabitur.
1432 2575 1584 2613 Etenim
1612 2582 1694 2613 curn

164 2639 266 2677 Deus
295 2639 385 2676 olim
413 2639 630 2690 parentibus
657 2640 695 2677 id
723 2641 950 2692 praeceperit
968 2640 1014 2688 2),
1041 2646 1081 2678 ut
1106 2640 1405 2692 p1·aef1·actos*ac
1433 2639 1587 2677 rebelles
1608 2652 1695 2677 suos

163 2703 301 2741 liberos
328 2703 374 2739 ad
405 2702 667 2751 Mag-istratum
698 2703 895 2749 deferrent,
922 2709 974 2750 ut,
1001 2708 1179 2754 tanquam
1214 2703 1285 2741 Dei
1311 2702 1428 2753 ipsius
1456 2702 1494 2739 in
1516 2702 1693 2740 mandato

161 2767 279 2818 ipsius
308 2767 351 2805 de
378 2767 731 2817 parenti-(lembus
761 2768 993 2807 honorandis
1022 2773 1309 2820 contemptores,
1342 2773 1461 2806 morte
1487 2769 1692 2820 plecteren-

208 2896 231 2939 ¹)
254 2895 331 2929 Luc,
356 2895 404 2927 11.
448 2894 467 2927 2
491 2895 559 2929 Pet.
581 2896 610 2929 23,
862 2896 889 2936 ²)
915 2895 1007 2928 Deut.
1030 2897 1080 2928 21.
