1830 3147
206 116 251 154 58

204 228 291 265 ferri
319 228 502 273 audimus,
521 249 571 257 —
599 226 662 264 sed
700 230 740 264 ut
777 226 868 264 ordo
906 232 1028 265 certus
1054 227 1093 264 in
1120 227 1202 278 pari
1227 227 1369 279 alioqui
1394 228 1578 279 planeque
1604 225 1732 266 eadem

203 294 371 332 omnium
419 293 527 330 simul
570 292 877 343 Presbyterorum
917 292 1190 342 gubernatione
1225 293 1489 331 Ecclesiastica
1532 293 1736 331 retineatur

178 362 317 410 =utque
344 358 468 395 omnia
497 357 627 394 ordine
654 370 698 395 ac
725 357 899 396 decenter
926 359 1029 403 fiant,
1057 359 1104 395 ab
1132 371 1209 395 uno
1237 357 1340 395 illam
1364 357 1477 395 ordiri
1497 371 1647 395 necesse
1665 361 1734 396 est.

203 424 303 462 Quia
340 436 426 460 vero
460 422 662 474 plurimum
699 423 866 464 interest.
902 437 923 460 a
956 436 1118 474 quonam
1148 423 1368 460 sumendum
1399 423 1446 460 sit
1473 423 1668 461 exordium
1695 423 1735 460 in

201 493 279 526 tota
316 487 506 525 Ecclesiae
533 488 827 536 gubernatione,
863 488 1009 526 etiamsi
1036 501 1159 539 parem
1188 491 1413 538 potestatem
1442 500 1570 525 omnes
1598 487 1733 538 pariter

202 552 375 590 Seniores
411 552 586 597 habeant,
624 552 777 590 docetur
813 552 1005 597 Ecclesia,
1040 551 1258 601 gravissime
1297 565 1449 603 peccare
1493 565 1557 589 eos
1594 565 1738 598 omues,

201 617 263 668 qui
293 617 333 654 in
361 616 573 668 quaerendo
602 621 711 667 atque
740 617 911 666 eligendo
940 617 994 665 (D
1025 619 1079 664 la)
1109 616 1460 667 Superintendente,
1487 616 1637 667 quidvis
1664 629 1735 667 po-

201 682 276 720 tius
304 681 417 726 aliud,
445 695 556 732 quam
585 681 702 719 solam
730 681 799 719 Dei
826 681 984 730 gloriam
1015 681 1194 731 regnique
1223 681 1280 718 sui
1300 681 1338 718 in
1361 681 1529 719 Ecclesia
1548 694 1733 732 propaga·

199 745 342 783 tionem
384 744 589 782 intuentur.
645 744 692 782 Et
727 745 814 782 licet
849 745 889 781 in
925 744 1153 794 reliquorum
1190 744 1302 781 etiam
1341 744 1507 781 omnium
1544 744 1734 782 Ecclesiae

203 810 463 848 Ministrorum
491 815 727 862 praepostera
756 810 935 848 electione
963 809 1126 858 graviter
1156 822 1243 846 sane
1270 815 1455 859 peccatur,
1492 810 1735 860 quemadmo-

202 876 288 913 dum
325 876 416 913 alibi
441 876 514 912 iam
544 875 682 912 dictum
712 878 789 920 est,
824 875 886 912 hic
913 880 1038 912 tamen
1065 877 1170 912 tanto
1200 863 1352 922 grarius
1378 878 1565 925 peccatur,
1593 879 1733 925 quanto

199 942 283 993 plus
310 941 468 992 periculi
495 940 665 978 imminet
692 940 763 977 toti
791 939 993 984 Ecclesiae,
1021 939 1051 976 si
1079 952 1210 989 parum
1239 938 1456 986 diligentem
1484 943 1548 975 aut
1574 938 1735 984 fidelem,

200 1020 247 1044 ne
275 1006 395 1043 dicam
424 1006 588 1055 ineptum
620 1003 996 1055 Superintendentem
1025 1003 1160 1040 habeat
1188 1003 1265 1040 sive
1293 1003 1560 1053 Inspectorem.

252 1070 397 1108 Deinde
434 1070 646 1120 exponitur,
682 1070 721 1106 in
758 1068 894 1119 quibus
931 1067 1076 1106 functio
1117 1067 1466 1119 Superintendentis
1493 1067 1731 1119 potissimum

201 1136 407 1174 consistere
435 1135 624 1172 videatur:

252 1203 286 1239 1.
320 1204 363 1238 ut
399 1213 528 1237 omnes
557 1199 745 1236 Ecclesiae
785 1198 982 1236 Ministros
1019 1199 1059 1235 in
1096 1199 1264 1249 ipsorum
1301 1197 1429 1235 officiis
1465 1197 1570 1234 iuxta
1609 1198 1733 1235 cuius·

199 1279 268 1318 que
304 1265 551 1303 ministerium
589 1263 774 1307 observet,
807 1264 918 1300 fidem
948 1276 990 1300 ac
1029 1263 1261 1312 diligentiam
1290 1263 1441 1300 illorum
1473 1263 1731 1299 commendet:

201 1333 330 1367 contra
378 1342 461 1366 vero
513 1328 708 1377 segnitiem
755 1340 798 1364 ac
844 1327 1111 1376 negligentiam
1158 1326 1404 1377 reprehendat
1442 1326 1562 1377 sitque
1608 1332 1733 1364 custos

200 1408 392 1446 supremus
421 1393 635 1431 retinendae
663 1406 705 1430 ac
733 1392 898 1441 legitime
919 1392 1173 1430 observandae
1194 1392 1479 1430 Ecclesiasticae
1501 1392 1731 1443 disciplinae.

251 1463 285 1499 2.
325 1463 365 1497 ut
403 1459 598 1497 Ministros
635 1462 776 1503 omncs,
813 1459 959 1509 quoties
997 1471 1088 1509 opus
1127 1463 1203 1502 est,
1249 1464 1449 1503 convocet,
1485 1457 1653 1495 ordinem
1690 1470 1733 1495 ac

200 1537 423 1561 consensum
451 1523 664 1560 unanimem
691 1523 788 1559 inter
816 1535 878 1559 eos
907 1521 1075 1564 retineat,
1110 1521 1268 1572 illosque
1297 1535 1361 1558 sua
1390 1526 1425 1559 et
1452 1521 1567 1558 totius
1601 1521 1732 1558 Eccle-

200 1589 276 1626 siae
312 1588 511 1626 autoritate
555 1601 599 1624 cx
637 1587 750 1624 verbo
781 1587 849 1624 Dei
887 1590 1018 1636 arguat
1053 1590 1088 1624 et
1129 1590 1359 1636 compescat,
1397 1585 1517 1622 sicubi
1547 1594 1648 1636 septa
1677 1585 1732 1622 sui

199 1652 398 1690 ministerii
425 1651 686 1689 transcendere
715 1656 909 1689 conentur.
987 1644 989 1647 V

252 1721 286 1756 3.
326 1724 365 1754 ut
407 1730 555 1768 operam
596 1730 741 1754 omnem
781 1730 887 1753 suam
922 1715 1112 1753 Ecclesiae
1149 1728 1259 1766 supra
1289 1715 1381 1752 alios
1420 1715 1615 1752 Ministros
1651 1728 1731 1752 om-

201 1796 266 1821 nes
293 1782 504 1833 impendat,
542 1794 616 1819 non
646 1781 685 1818 in
712 1780 830 1832 ipsius
859 1784 1006 1818 tantum
1032 1780 1319 1828 gubernatione,
1347 1780 1408 1816 sed
1436 1780 1476 1817 in
1504 1780 1642 1817 tuenda
1668 1780 1733 1816 illa

200 1848 311 1885 etiam
340 1847 515 1884 adversus
545 1859 673 1883 omnes
702 1845 863 1882 insultus
891 1845 1108 1896 quorumvis
1136 1843 1446 1888 adversariorum,
1487 1843 1563 1881 sive
1591 1843 1731 1882 doctri-

202 1926 270 1950 nae
304 1911 503 1962 puritatem
540 1923 582 1947 ac
611 1922 833 1947 consensum
861 1923 881 1946 a
908 1909 1014 1946 falsis
1044 1908 1276 1945 Doctoribus
1303 1908 1536 1951 labefactari,
1565 1908 1641 1945 sive
1670 1922 1731 1945 or-

165 2014 168 2016 ,
204 1977 327 2014 dinem
365 1990 408 2013 ac
446 1976 619 2012 decorum
646 1975 687 2011 in
716 1974 883 2011 Ecclesia
912 1973 1056 2018 violari,
1094 1973 1169 2010 sive
1196 1986 1324 2023 pacem
1351 1986 1394 2010 ac
1422 1973 1732 2024 tranquillitatem

201 2042 299 2079 illius
342 2055 406 2093 per
450 2041 718 2078 nonnullorum
754 2040 794 2076 in
832 2039 1001 2076 Ecclesia
1035 2038 1276 2075 insolentiam
1312 2038 1523 2088 perturbari
1561 2052 1732 2090 quoquo·

202 2108 312 2145 modo
342 2108 535 2156 contingat
563 2105 614 2154 (D
645 2105 716 2152 lb).

252 2176 287 2210 4.
326 2175 388 2216 ut,
441 2169 755 2222 quemadmodum
801 2169 880 2220 ipse
934 2182 1127 2219 supremus
1171 2171 1225 2206 est
1280 2172 1403 2206 custos
1449 2161 1733 2207 Ecclesiasticae

203 2236 422 2287 disciplinae
455 2235 496 2272 in
533 2234 719 2272 Ministris
747 2234 829 2271 aliis
858 2233 1033 2271 omnibus
1070 2237 1106 2270 et
1132 2236 1209 2270 tota
1239 2232 1419 2277 Ecclesia,
1452 2233 1505 2271 ita
1532 2233 1610 2284 ipse
1638 2247 1731 2284 quo·

203 2314 273 2352 que
309 2301 425 2338 eidem
465 2300 683 2351 disciplinae
711 2298 996 2336 Ecclesiasticae
1025 2311 1102 2335 sese
1131 2302 1215 2335 ante
1243 2298 1335 2335 alios
1364 2297 1537 2335 subiiciat
1574 2302 1609 2335 et
1641 2299 1731 2335 sub-

203 2366 328 2403 mittat
374 2366 492 2416 sitque
537 2364 724 2415 exemplar
760 2363 949 2414 quoddam
976 2363 1128 2413 reliquis
1166 2362 1351 2409 Ministris
1387 2362 1562 2399 omnibus
1590 2368 1626 2400 et
1661 2364 1731 2400 toti

203 2429 392 2467 Ecclesiae
420 2429 457 2466 in
487 2429 589 2466 omni
616 2429 765 2479 pietate,
794 2427 917 2465 studio
945 2427 1152 2476 religionis,
1180 2426 1434 2464 sollicitudine
1460 2439 1527 2477 pro
1552 2430 1631 2464 tota
1657 2427 1731 2465 Ec-

204 2492 314 2530 clesia
342 2496 378 2530 et
406 2491 623 2542 disciplinae
652 2490 934 2530 Ecclesiasticae
962 2490 1234 2529 observatione.

255 2556 382 2596 Tertio
419 2557 629 2606 exponitur,
668 2556 904 2606 qualemnam
943 2555 1062 2592 virum
1102 2555 1145 2593 ad
1175 2558 1320 2593 tantum
1350 2568 1487 2592 munus
1514 2555 1730 2594 obeundum

204 2622 332 2674 quaeri
368 2620 527 2671 eligique
563 2624 752 2670 oporteat:
790 2632 920 2670 nempe
948 2632 1044 2662 eum,
1081 2620 1156 2670 qui,
1183 2624 1223 2657 ut
1250 2620 1347 2657 inter
1374 2632 1502 2656 omnes
1531 2620 1623 2658 alios
1655 2620 1729 2659 Mi-

204 2688 341 2726 nistros
381 2699 422 2723 ac
452 2685 624 2722 Seniores
653 2685 842 2723 Ecclesiae
877 2684 1008 2722 ordine
1044 2697 1087 2722 ac
1124 2685 1206 2722 loco
1243 2675 1380 2735 prinias
1419 2689 1539 2735 partes
1568 2684 1731 2730 obtinet,

203 2752 256 2790 ita
289 2751 364 2789 illis
403 2749 578 2787 omnibus
615 2749 725 2786 etiam
754 2749 962 2787 eruditione
990 2748 1125 2801 pietate
1151 2749 1332 2798 gravitate
1360 2761 1403 2785 ac
1430 2749 1627 2799 prudentia
1663 2763 1728 2786 an-

249 2893 273 2932 1)
298 2891 314 2923 1
338 2890 411 2921 eor.
436 2889 483 2920 14.
