1830 3147
1582 170 1656 207 153

111 278 273 327 gloriam
312 281 347 316 et
388 276 658 315 sublevandam
695 290 762 328 pro
801 281 930 316 nostra
963 278 1063 316 virili
1104 279 1221 331 ipsius
1250 280 1472 325 Ecclesiam,
1499 281 1655 332 perinde

114 346 227 393 atque
256 342 286 380 si
315 342 527 381 eommunia
556 348 691 388 essent,
719 343 890 394 exposita
919 356 1062 393 semper
1092 343 1308 384 habeamus.
1339 347 1450 394 (227)

167 407 327 446 Rursum
359 420 445 445 vero
472 407 514 445 in
542 407 624 458 ipso
653 408 896 445 convivarum
924 421 1034 459 opere
1062 409 1258 447 accubitus
1286 423 1351 456 seu
1381 423 1578 449 consessus
1610 410 1654 448 ad

113 485 280 510 mensam
316 471 568 518 Dominicam,
606 472 924 523 quemadmodum
962 472 1072 511 nobis
1110 479 1146 511 et
1183 475 1352 512 nuncin
1383 476 1457 514 vita
1487 475 1557 513 hae
1586 489 1655 514 no-

114 540 190 575 stra
226 549 354 588 pacem
391 527 636 587 ae'quietem
672 537 784 586 longe
821 536 1096 588 optatissimam
1134 545 1285 576 nostrae
1313 540 1350 577 in
1382 540 1534 579 Christo
1564 554 1655 579 con-

114 602 290 639 scientiae
325 615 390 652 per
427 601 541 639 fidem
577 605 613 640 et
650 602 794 652 gloriae
824 602 971 640 demum
1002 616 1044 640 ac
1071 603 1269 652 dignitatis
1299 610 1447 643 nostrae
1477 606 1588 644 etiam
1615 606 1656 644 in

112 679 228 716 regno
256 665 326 704 Dei
353 666 556 716 imaginem
585 666 769 717 quandam
806 667 919 705 refert
946 671 1058 718 atque
1079 667 1289 715 adumbrat,
1310 670 1433 707 —ita
1455 684 1523 708 nos
1545 671 1656 708 simul

114 730 232 768 nostri
269 730 433 768 vicissim
469 731 646 769 admonet
683 732 803 779 officii,
845 736 886 770 ut
916 737 1015 770 certa
1043 737 1195 771 nostrae
1224 734 1334 773 huius
1361 737 1463 787 pacis
1490 738 1656 787 gloriac-

112 809 184 846 que
218 799 408 847 praeterea
447 797 595 835 futurae
632 796 770 834 fiducia
812 810 941 835 omnes
970 799 1125 836 omnino
1155 799 1251 837 vitae
1281 800 1390 839 huius
1419 806 1571 840 nostrae
1599 804 1657 841 af-

112 861 299 899 flictiones
336 874 379 899 ac
415 862 607 901 molestias
636 875 861 914 omnemque
891 864 1051 902 Satanae
1079 869 1114 902 01
1144 865 1221 902 eius
1252 867 1456 904 satellitum
1483 868 1657 918 tyranni-

114 925 196 963 dem
243 926 332 963 forti
374 926 613 978 infractoque
657 940 800 978 semper
838 927 962 965 animo
1000 929 1243 979 perferamus,
1271 943 1325 973 ae.
1362 931 1462 969 velut
1498 931 1535 969 in
1573 932 1656 983 ipso

114 990 255 1028 Christi
295 990 449 1029 Domini
487 991 572 1029 sinu
609 991 881 1038 recumbentes,
908 1006 974 1043 pro
1004 993 1180 1032 omnibus
1209 1008 1353 1046 semper
1382 995 1546 1034 Domino
1577 997 1656 1036 Deo

113 1060 240 1093 nostro
277 1056 418 1105 gratias
455 1070 622 1106 agamus,
662 1057 766 1103 certi,
802 1070 879 1094 non
915 1071 1024 1108 posse
1063 1059 1225 1097 conferri
1264 1060 1338 1098 ullo
1368 1061 1480 1099 modo
1508 1066 1658 1101 nostras

114 1121 173 1157 hie
221 1120 441 1159 afflictiones
480 1135 563 1159 cum
603 1121 754 1160 coelesti
790 1122 854 1160 illa
896 1122 1175 1175 immortalique
1212 1126 1347 1175 gloria.
1389 1140 1502 1177 quam
1539 1128 1659 1166 0011115

109 1190 259 1224 nostrae
289 1186 376 1224 fidei
406 1186 476 1224 sub
507 1200 708 1225 consessus
736 1188 858 1225 nostri
886 1188 923 1225 in
955 1189 1080 1226 Coena
1110 1190 1281 1239 symbolo
1311 1191 1514 1230 iutuemur.

166 1250 308 1289 Deinde
350 1251 518 1302 acceptio
569 1251 609 1289 in
654 1265 788 1290 manus
825 1253 1069 1291 convivarum
1106 1255 1214 1305 panis
1255 1269 1298 1292 ac
1334 1256 1461 1306 poculi
1499 1257 1660 1303 Coenae,

110 1313 424 1365 quemadmodum
464 1314 576 1352 nobis
614 1314 785 1364 designat
823 1317 1048 1367 peculiarem
1089 1317 1230 1355 Christi
1259 1317 1413 1356 Domini
1442 1333 1509 1370 pro
1539 1320 1648 1358 nobis

111 1392 249 1423 euram,
287 1378 375 1417 dum
412 1392 481 1417 nos
508 1379 572 1417 ille
601 1393 620 1417 e
647 1380 723 1418 suis
750 1381 927 1418 manibus
956 1394 1088 1432 panem
1118 1395 1162 1420 ac
1188 1384 1366 1434 poculum
1396 1385 1563 1436 accipere
1589 1385 1647 1423 iu-

112 1444 185 1491 bet,
222 1443 275 1482 ita
312 1457 380 1482 nos
417 1445 706 1483 commonefacit
734 1445 844 1483 etiam
874 1450 1024 1484 mutuae
1054 1451 1204 1486 nostrae
1233 1448 1529 1498 invi-(22s)oem
1557 1451 1650 1488 alio-

112 1521 193 1546 ruri
228 1521 295 1560 pro
324 1509 407 1546 aliis
445 1522 553 1547 curae
591 1522 634 1547 ac
672 1509 950 1557 sollicitudinis,
978 1516 1032 1557 ut,
1060 1512 1124 1563 qui
1151 1513 1263 1550 unius
1291 1527 1442 1552 mensae
1471 1515 1651 1553 convivae

111 1586 250 1619 sumus,
280 1572 409 1611 demus
437 1574 548 1611 etiam
576 1573 615 1611 in
645 1574 808 1612 solidum
837 1588 986 1626 operam
1016 1589 1157 1623 omnes,
1186 1582 1224 1615 ut
1252 1577 1517 1616 adumbratum
1541 1579 1651 1616 nobis

113 1639 257 1676 Coenae
295 1630 403 1688 signo
444 1639 584 1676 donum
612 1639 706 1676 illud
735 1653 778 1676 :tc
805 1640 1028 1678 beneficium
1059 1641 1200 1679 Christi
1229 1655 1313 1679 vere
1342 1656 1410 1681 nos
1439 1657 1483 1681 ex
1511 1643 1651 1695 ipsius-

111 1708 185 1740 met
214 1703 355 1740 Christi
384 1703 537 1740 Domini
568 1704 741 1741 manibus
772 1705 978 1755 percepisse
1006 1718 1136 1743 omnes
1164 1706 1301 1757 pariter
1330 1708 1548 1746 sentiamus.
1577 1709 1651 1745 Po·
1702 1704 1707 1708 '

110 1768 296 1805 tissimum
333 1772 457 1805 tamen
485 1768 664 1806 admonet
694 1768 891 1807 Ministros
919 1769 1034 1820 ipsos,
1063 1780 1114 1814 ut,
1143 1784 1256 1822 quam
1284 1759 1406 1810 nosfri
1434 1772 1494 1818 hic
1525 1779 1652 1810 curam

111 1846 129 1869 a
169 1832 319 1870 Christo
355 1832 519 1869 Domino
558 1832 726 1871 habitam
764 1847 843 1871 esse
873 1833 1002 1872 vident
1030 1835 1069 1872 in
1099 1835 1309 1874 ministerio
1336 1836 1465 1888 ipsius,
1495 1837 1651 1875 eandem

109 1897 180 1948 ipsi
217 1910 367 1948 quoque
403 1897 442 1935 in
481 1911 547 1935 suo
585 1898 660 1935 sibi
694 1898 905 1936 ministerio
943 1899 1161 1949 intelligant
1197 1914 1265 1951 pro
1304 1914 1369 1939 sua
1410 1902 1510 1939 virili
1545 1916 1652 1954 prae-

111 1961 281 1998 standam
320 1962 474 1999 omnino
512 1975 603 2008 esse,
639 1965 682 2000 ut
721 1976 846 2000 coram
885 1963 954 2001 Dei
990 1963 1130 2002 iudicio
1168 1966 1269 2012 olim,
1299 1979 1375 2003 non
1405 1967 1577 2017 equidem
1605 1969 1652 2006 ad

110 2026 398 2064 ostentationem
443 2027 773 2078 aucupandamve-
798 2028 860 2066 hie
897 2029 994 2080 apud
1029 2029 1203 2068 homines
1240 2031 1352 2068 ullam
1383 2031 1537 2069 omnino
1575 2033 1653 2071 sive

111 2091 270 2139 gratiam
314 2091 390 2128 sive
431 2092 604 2141 gloriam,
650 2092 714 2130 sed
750 2092 797 2130 ad
836 2093 1026 2131 Ecclesiae
1063 2095 1301 2145 potissimum
1340 2097 1649 2147 propagationem

113 2157 348 2206 fructumque
375 2156 477 2193 illius
506 2156 700 2207 publicum
729 2157 768 2195 in
797 2157 1014 2206 cognitione
1044 2159 1243 2209 Euangelii
1273 2160 1414 2198 Christi
1443 2161 1651 2200 ministerio

113 2233 180 2257 suo
209 2219 331 2257 functi
352 2233 432 2257 esse
460 2220 676 2259 videantur.

165 2286 309 2323 Rursus
337 2284 653 2336 quemadmodum
681 2299 778 2337 acce,
793 2286 848 2324 tio
875 2286 956 2337 ipsa
982 2287 1090 2337 panis
1119 2291 1153 2325 et
1180 2289 1308 2339 poculi
1336 2290 1481 2328 Coenae
1507 2290 1546 2328 in
1574 2305 1652 2329 ma-

115 2365 184 2389 nus
222 2350 464 2388 convivarum
500 2350 587 2387 fidei
624 2356 774 2388 nostrae
812 2351 1073 2389 certitudinem
1112 2352 1223 2390 nobis
1252 2352 1424 2402 designat
1453 2355 1497 2392 de
1525 2359 1653 2393 nostra

114 2417 186 2453 iam
215 2428 314 2467 pace,
331 2428 375 2452 ae
403 2415 527 2466 quiete
555 2415 594 2452 in
624 2415 787 2460 Christ0‚
816 2420 1000 2467 quatenus
1030 2431 1130 2463 sane,
1157 2422 1310 2469 accepto
1338 2419 1377 2456 in
1406 2433 1539 2458 manus
1559 2434 1655 2472 pane

113 2494 155 2518 ae
191 2480 326 2531 poculo
365 2480 524 2524 Coenae,
563 2487 732 2517 nostram
768 2493 838 2518 nos
877 2494 961 2519 cum
997 2481 1079 2532 ipso
1119 2482 1419 2520 communionem
1451 2490 1550 2522 certo
1580 2485 1653 2522 iam

114 2544 403 2596 apprehendisse
440 2558 483 2583 ac
521 2545 635 2582 veluti
672 2545 844 2584 manibus
884 2547 1022 2584 nostris
1051 2551 1177 2584 tencre
1205 2551 1399 2594 testamur,
1426 2549 1478 2586 ita
1506 2563 1575 2587 nos
1604 2551 1654 2588 si-

115 2610 308 2658 (229)mul
335 2610 447 2648 etiam
476 2611 776 2658 commonefacit,
809 2625 854 2650 ne
882 2611 1069 2650 ineffabile
1098 2612 1169 2649 hoc
1198 2612 1340 2651 Christi
1368 2613 1521 2652 Domini
1544 2616 1656 2653 bene-

115 2675 241 2713 ficium
260 2697 309 2704 —
332 2675 476 2713 delatae
497 2675 670 2713 videlicet
692 2676 800 2713 nobis
822 2680 972 2715 nostrae
991 2690 1114 2714 seeum
1137 2678 1427 2721 communionis,
1446 2683 1481 2717 et
1500 2680 1657 2730 proinde

116 2741 218 2790 pacis
245 2740 318 2777 iam
348 2740 459 2778 etiam
487 2754 530 2778 ae
558 2741 694 2791 quietis
723 2747 874 2779 nostrae
902 2742 939 2780 in
968 2742 1049 2793 ipso
1079 2764 1126 2770 -
1149 2751 1211 2779 aut
1240 2747 1458 2795 contemptu
1486 2745 1557 2795 ipsi
1585 2757 1655 2782 no-

117 2809 192 2842 stro
230 2809 433 2856 nostraque
466 2806 656 2856 impietate
695 2820 715 2843 a
753 2807 863 2845 nobis
901 2808 1164 2859 propellamus,
1201 2812 1265 2845 aut
1302 2808 1534 2860 hypocritica
1561 2810 1657 2848 illud

116 2868 189 2906 fide
216 2883 285 2907 nos
314 2869 499 2920 accepisse
526 2872 727 2919 fingamus.

170 2934 361 2972 Postremo
390 2936 626 2987 participatio
655 2936 733 2987 ipsa
762 2937 870 2987 panis
898 2950 941 2974 ae
969 2937 1093 2989 poculi
1123 2936 1159 2976 111
1191 2937 1656 2992 Coena‚que1nadmodum
