<?xml version="1.0" encoding="UTF-8"?>
<!DOCTYPE html PUBLIC "-//W3C//DTD XHTML 1.0 Transitional//EN"
    "http://www.w3.org/TR/xhtml1/DTD/xhtml1-transitional.dtd">
<html xmlns="http://www.w3.org/1999/xhtml" xml:lang="en" lang="en">
 <head>
  <title>
</title>
<meta http-equiv="Content-Type" content="text/html;charset=utf-8" />
  <meta name='ocr-system' content='tesseract 3.04.00' />
  <meta name='ocr-capabilities' content='ocr_page ocr_carea ocr_par ocr_line ocrx_word'/>
</head>
<body>
  <div class='ocr_page' id='page_1' title='image "./operatameditaqua02lask_0610.png"; bbox 0 0 1830 3147; ppageno 0'>
   <div class='ocr_carea' id='block_1_1' title="bbox 219 85 1025 133">
    <p class='ocr_par' dir='ltr' id='par_1_1' title="bbox 219 85 1025 133">
     <span class='ocr_line' id='line_1_1' title="bbox 219 85 1025 133; baseline -0.004 -9"><span class='ocrx_word' id='word_1_1' title='bbox 219 85 281 133; x_wconf 84' lang='lat' dir='ltr'>[A.</span> <span class='ocrx_word' id='word_1_2' title='bbox 308 85 352 122; x_wconf 89' lang='lat' dir='ltr'>D.</span> <span class='ocrx_word' id='word_1_3' title='bbox 379 85 490 133; x_wconf 77' lang='lat'>1545]</span> <span class='ocrx_word' id='word_1_4' title='bbox 956 87 1025 121; x_wconf 82' lang='lat'>590</span> 
     </span>
    </p>
   </div>
   <div class='ocr_carea' id='block_1_2' title="bbox 223 192 1766 1345">
    <p class='ocr_par' dir='ltr' id='par_1_2' title="bbox 223 192 1762 303">
     <span class='ocr_line' id='line_1_2' title="bbox 223 192 1762 243; baseline -0.001 -13"><span class='ocrx_word' id='word_1_5' title='bbox 223 198 347 231; x_wconf 84' lang='lat' dir='ltr'>nostro</span> <span class='ocrx_word' id='word_1_6' title='bbox 380 194 483 242; x_wconf 86' lang='lat' dir='ltr'>petit,</span> <span class='ocrx_word' id='word_1_7' title='bbox 516 194 560 231; x_wconf 85' lang='lat' dir='ltr'>ad</span> <span class='ocrx_word' id='word_1_8' title='bbox 592 197 630 231; x_wconf 89' lang='lat' dir='ltr'>te</span> <span class='ocrx_word' id='word_1_9' title='bbox 663 206 724 243; x_wconf 89' lang='lat' dir='ltr'>per</span> <span class='ocrx_word' id='word_1_10' title='bbox 757 195 851 232; x_wconf 89' lang='lat' dir='ltr'>hunc</span> <span class='ocrx_word' id='word_1_11' title='bbox 884 195 1049 231; x_wconf 90' lang='lat' dir='ltr'>nuntium</span> <span class='ocrx_word' id='word_1_12' title='bbox 1084 195 1344 231; x_wconf 74' lang='lat' dir='ltr'>transmitteret</span> <span class='ocrx_word' id='word_1_13' title='bbox 1379 197 1493 242; x_wconf 87' lang='lat' dir='ltr'>utque</span> <span class='ocrx_word' id='word_1_14' title='bbox 1525 193 1568 230; x_wconf 85' lang='lat' dir='ltr'>ad</span> <span class='ocrx_word' id='word_1_15' title='bbox 1601 195 1665 230; x_wconf 81' lang='lat' dir='ltr'>tua</span> <span class='ocrx_word' id='word_1_16' title='bbox 1695 192 1762 229; x_wconf 84' lang='lat' dir='ltr'>tibi</span> 
     </span>
     <span class='ocr_line' id='line_1_3' title="bbox 226 246 466 303; baseline 0.004 -12"><span class='ocrx_word' id='word_1_17' title='bbox 226 246 466 303; x_wconf 80' lang='lat' dir='ltr'>responderet.</span> 
     </span>
    </p>

    <p class='ocr_par' dir='ltr' id='par_1_3' title="bbox 224 316 1766 904">
     <span class='ocr_line' id='line_1_4' title="bbox 272 316 1763 364; baseline 0 -11"><span class='ocrx_word' id='word_1_18' title='bbox 272 317 399 364; x_wconf 86' lang='lat' dir='ltr'><strong>Equus</strong></span> <span class='ocrx_word' id='word_1_19' title='bbox 434 316 656 355; x_wconf 86' lang='lat' dir='ltr'>commodato</span> <span class='ocrx_word' id='word_1_20' title='bbox 691 317 777 353; x_wconf 90' lang='lat' dir='ltr'>mihi</span> <span class='ocrx_word' id='word_1_21' title='bbox 808 317 913 353; x_wconf 88' lang='lat' dir='ltr'>datus</span> <span class='ocrx_word' id='word_1_22' title='bbox 947 317 1120 354; x_wconf 88' lang='lat' dir='ltr'>eiusmodi</span> <span class='ocrx_word' id='word_1_23' title='bbox 1153 320 1238 362; x_wconf 81' lang='lat' dir='ltr'>erat,</span> <span class='ocrx_word' id='word_1_24' title='bbox 1270 319 1313 353; x_wconf 89' lang='lat' dir='ltr'>ut</span> <span class='ocrx_word' id='word_1_25' title='bbox 1338 329 1410 353; x_wconf 92' lang='lat' dir='ltr'>uno</span> <span class='ocrx_word' id='word_1_26' title='bbox 1436 328 1508 353; x_wconf 92' lang='lat' dir='ltr'>non</span> <span class='ocrx_word' id='word_1_27' title='bbox 1531 316 1681 364; x_wconf 86' lang='lat' dir='ltr'>amplius</span> <span class='ocrx_word' id='word_1_28' title='bbox 1707 316 1763 355; x_wconf 86' lang='lat' dir='ltr'>die</span> 
     </span>
     <span class='ocr_line' id='line_1_5' title="bbox 224 377 1762 426; baseline 0.001 -12"><span class='ocrx_word' id='word_1_29' title='bbox 224 378 326 414; x_wconf 89' lang='lat' dir='ltr'>illum</span> <span class='ocrx_word' id='word_1_30' title='bbox 364 378 565 425; x_wconf 82' lang='lat' dir='ltr'>equitarim.</span> <span class='ocrx_word' id='word_1_31' title='bbox 614 377 760 415; x_wconf 88' lang='lat' dir='ltr'>Referet</span> <span class='ocrx_word' id='word_1_32' title='bbox 785 377 852 414; x_wconf 90' lang='lat' dir='ltr'>tibi</span> <span class='ocrx_word' id='word_1_33' title='bbox 878 378 1039 422; x_wconf 86' lang='lat' dir='ltr'>nuntius,</span> <span class='ocrx_word' id='word_1_34' title='bbox 1065 381 1238 426; x_wconf 86' lang='lat' dir='ltr'>quantum</span> <span class='ocrx_word' id='word_1_35' title='bbox 1263 378 1392 415; x_wconf 85' lang='lat' dir='ltr'>laboris</span> <span class='ocrx_word' id='word_1_36' title='bbox 1417 382 1454 414; x_wconf 86' lang='grc'>61</span> <span class='ocrx_word' id='word_1_37' title='bbox 1478 377 1659 414; x_wconf 72' lang='lat' dir='ltr'>molestiae</span> <span class='ocrx_word' id='word_1_38' title='bbox 1684 389 1762 415; x_wconf 85' lang='lat' dir='ltr'>eum</span> 
     </span>
     <span class='ocr_line' id='line_1_6' title="bbox 224 438 1761 487; baseline -0.001 -12"><span class='ocrx_word' id='word_1_39' title='bbox 224 439 286 476; x_wconf 86' lang='lat' dir='ltr'>illo</span> <span class='ocrx_word' id='word_1_40' title='bbox 312 438 547 476; x_wconf 84' lang='lat' dir='ltr'><strong>habuerimus.</strong></span> <span class='ocrx_word' id='word_1_41' title='bbox 574 439 682 476; x_wconf 89' lang='lat' dir='ltr'>Hunc</span> <span class='ocrx_word' id='word_1_42' title='bbox 706 439 844 476; x_wconf 82' lang='lat' dir='ltr'>reducit</span> <span class='ocrx_word' id='word_1_43' title='bbox 869 439 937 476; x_wconf 88' lang='lat' dir='ltr'>iste</span> <span class='ocrx_word' id='word_1_44' title='bbox 962 439 1036 487; x_wconf 88' lang='lat' dir='ltr'>ipse</span> <span class='ocrx_word' id='word_1_45' title='bbox 1061 440 1210 476; x_wconf 88' lang='lat' dir='ltr'>nuntius</span> <span class='ocrx_word' id='word_1_46' title='bbox 1232 439 1275 476; x_wconf 89' lang='lat' dir='ltr'>ad</span> <span class='ocrx_word' id='word_1_47' title='bbox 1301 452 1381 476; x_wconf 91' lang='lat' dir='ltr'>eum</span> <span class='ocrx_word' id='word_1_48' title='bbox 1398 439 1499 475; x_wconf 89' lang='lat' dir='ltr'>cuius</span> <span class='ocrx_word' id='word_1_49' title='bbox 1516 440 1582 475; x_wconf 83' lang='grc'><strong>651.</strong></span> <span class='ocrx_word' id='word_1_50' title='bbox 1616 438 1761 475; x_wconf 88' lang='lat' dir='ltr'>Utinam</span> 
     </span>
     <span class='ocr_line' id='line_1_7' title="bbox 225 500 1764 548; baseline 0 -12"><span class='ocrx_word' id='word_1_51' title='bbox 225 500 325 537; x_wconf 88' lang='lat' dir='ltr'>illum</span> <span class='ocrx_word' id='word_1_52' title='bbox 361 514 543 548; x_wconf 85' lang='lat' dir='ltr'>nunquam</span> <span class='ocrx_word' id='word_1_53' title='bbox 578 500 765 537; x_wconf 83' lang='lat' dir='ltr'>vidissem!</span> <span class='ocrx_word' id='word_1_54' title='bbox 817 501 934 548; x_wconf 79' lang='lat' dir='ltr'>Cogor</span> <span class='ocrx_word' id='word_1_55' title='bbox 967 501 1090 548; x_wconf 82' lang='lat' dir='ltr'>itaque</span> <span class='ocrx_word' id='word_1_56' title='bbox 1122 514 1238 537; x_wconf 88' lang='lat' dir='ltr'>meum</span> <span class='ocrx_word' id='word_1_57' title='bbox 1263 502 1426 538; x_wconf 87' lang='lat' dir='ltr'>retinere.</span> <span class='ocrx_word' id='word_1_58' title='bbox 1480 500 1553 537; x_wconf 91' lang='lat' dir='ltr'>Ubi</span> <span class='ocrx_word' id='word_1_59' title='bbox 1585 500 1764 547; x_wconf 82' lang='lat' dir='ltr'>intelliges</span> 
     </span>
     <span class='ocr_line' id='line_1_8' title="bbox 226 561 1766 610; baseline -0.001 -12"><span class='ocrx_word' id='word_1_60' title='bbox 226 561 429 610; x_wconf 84' lang='lat' dir='ltr'>Principem</span> <span class='ocrx_word' id='word_1_61' title='bbox 448 563 478 609; x_wconf 81' lang='grc'>5)</span> <span class='ocrx_word' id='word_1_62' title='bbox 513 562 583 598; x_wconf 84' lang='grc'><strong>1161·</strong></span> <span class='ocrx_word' id='word_1_63' title='bbox 617 574 722 598; x_wconf 83' lang='grc'><strong>51111111</strong></span> <span class='ocrx_word' id='word_1_64' title='bbox 755 561 925 598; x_wconf 83' lang='lat' dir='ltr'>adornare</span> <span class='ocrx_word' id='word_1_65' title='bbox 950 562 1042 598; x_wconf 80' lang='lat' dir='ltr'>velle</span> <span class='ocrx_word' id='word_1_66' title='bbox 1068 562 1301 598; x_wconf 85' lang='lat' dir='ltr'>Wormatiam</span> <span class='ocrx_word' id='word_1_67' title='bbox 1318 565 1361 609; x_wconf 76' lang='lat' dir='ltr'>G),</span> <span class='ocrx_word' id='word_1_68' title='bbox 1387 567 1423 598; x_wconf 89' lang='lat' dir='ltr'>et</span> <span class='ocrx_word' id='word_1_69' title='bbox 1449 574 1520 609; x_wconf 90' lang='lat' dir='ltr'>quo</span> <span class='ocrx_word' id='word_1_70' title='bbox 1546 565 1704 610; x_wconf 86' lang='lat' dir='ltr'>tempore</span> <span class='ocrx_word' id='word_1_71' title='bbox 1729 574 1766 598; x_wconf 91' lang='lat' dir='ltr'>se</span> 
     </span>
     <span class='ocr_line' id='line_1_9' title="bbox 225 623 1762 672; baseline 0 -14"><span class='ocrx_word' id='word_1_72' title='bbox 225 623 262 659; x_wconf 88' lang='lat' dir='ltr'>in</span> <span class='ocrx_word' id='word_1_73' title='bbox 289 623 381 658; x_wconf 89' lang='lat' dir='ltr'>viam</span> <span class='ocrx_word' id='word_1_74' title='bbox 407 623 489 659; x_wconf 87' lang='lat' dir='ltr'>dare</span> <span class='ocrx_word' id='word_1_75' title='bbox 514 623 613 667; x_wconf 90' lang='lat' dir='ltr'>velit,</span> <span class='ocrx_word' id='word_1_76' title='bbox 640 636 737 671; x_wconf 85' lang='lat' dir='ltr'>rogo,</span> <span class='ocrx_word' id='word_1_77' title='bbox 764 626 806 659; x_wconf 86' lang='lat' dir='ltr'>ut</span> <span class='ocrx_word' id='word_1_78' title='bbox 831 636 886 660; x_wconf 90' lang='lat' dir='ltr'>me</span> <span class='ocrx_word' id='word_1_79' title='bbox 912 636 974 672; x_wconf 87' lang='lat' dir='ltr'>per</span> <span class='ocrx_word' id='word_1_80' title='bbox 991 623 1205 660; x_wconf 88' lang='lat' dir='ltr'>conductum</span> <span class='ocrx_word' id='word_1_81' title='bbox 1222 624 1259 660; x_wconf 88' lang='lat' dir='ltr'>in</span> <span class='ocrx_word' id='word_1_82' title='bbox 1277 624 1340 660; x_wconf 90' lang='lat' dir='ltr'>hoc</span> <span class='ocrx_word' id='word_1_83' title='bbox 1358 623 1582 672; x_wconf 80' lang='lat' dir='ltr'>peculiariter</span> <span class='ocrx_word' id='word_1_84' title='bbox 1598 623 1762 659; x_wconf 81' lang='lat' dir='ltr'>nuntium</span> 
     </span>
     <span class='ocr_line' id='line_1_10' title="bbox 226 684 1762 733; baseline 0 -13"><span class='ocrx_word' id='word_1_85' title='bbox 226 684 332 721; x_wconf 84' lang='lat' dir='ltr'>facias</span> <span class='ocrx_word' id='word_1_86' title='bbox 359 684 554 728; x_wconf 84' lang='lat' dir='ltr'>certiorem,</span> <span class='ocrx_word' id='word_1_87' title='bbox 588 685 792 733; x_wconf 87' lang='lat' dir='ltr'>praesertim</span> <span class='ocrx_word' id='word_1_88' title='bbox 827 685 857 721; x_wconf 90' lang='lat' dir='ltr'>si</span> <span class='ocrx_word' id='word_1_89' title='bbox 892 698 970 733; x_wconf 87' lang='lat' dir='ltr'>spes</span> <span class='ocrx_word' id='word_1_90' title='bbox 997 685 1054 729; x_wconf 88' lang='lat' dir='ltr'>sit,</span> <span class='ocrx_word' id='word_1_91' title='bbox 1090 685 1132 721; x_wconf 88' lang='lat' dir='ltr'>de</span> <span class='ocrx_word' id='word_1_92' title='bbox 1158 685 1327 731; x_wconf 81' lang='lat' dir='ltr'>religione</span> <span class='ocrx_word' id='word_1_93' title='bbox 1351 685 1425 721; x_wconf 88' lang='lat' dir='ltr'>illic</span> <span class='ocrx_word' id='word_1_94' title='bbox 1450 684 1584 732; x_wconf 85' lang='lat' dir='ltr'>aliquid</span> <span class='ocrx_word' id='word_1_95' title='bbox 1610 687 1762 721; x_wconf 84' lang='lat' dir='ltr'>tractan-</span> 
     </span>
     <span class='ocr_line' id='line_1_11' title="bbox 227 745 1764 794; baseline 0.001 -13"><span class='ocrx_word' id='word_1_96' title='bbox 227 745 309 781; x_wconf 86' lang='lat' dir='ltr'>dum</span> <span class='ocrx_word' id='word_1_97' title='bbox 346 758 432 789; x_wconf 90' lang='lat' dir='ltr'>esse,</span> <span class='ocrx_word' id='word_1_98' title='bbox 465 749 529 782; x_wconf 89' lang='lat' dir='ltr'>aut</span> <span class='ocrx_word' id='word_1_99' title='bbox 563 746 669 782; x_wconf 83' lang='lat' dir='ltr'>etiam</span> <span class='ocrx_word' id='word_1_100' title='bbox 705 746 735 782; x_wconf 90' lang='lat' dir='ltr'>si</span> <span class='ocrx_word' id='word_1_101' title='bbox 769 758 839 782; x_wconf 88' lang='lat' dir='ltr'>non</span> <span class='ocrx_word' id='word_1_102' title='bbox 873 750 1060 790; x_wconf 83' lang='lat' dir='ltr'>tractetur,</span> <span class='ocrx_word' id='word_1_103' title='bbox 1095 746 1199 783; x_wconf 89' lang='lat' dir='ltr'>modo</span> <span class='ocrx_word' id='word_1_104' title='bbox 1232 749 1275 782; x_wconf 91' lang='lat' dir='ltr'>ut</span> <span class='ocrx_word' id='word_1_105' title='bbox 1309 749 1445 783; x_wconf 88' lang='lat' dir='ltr'>certum</span> <span class='ocrx_word' id='word_1_106' title='bbox 1484 747 1543 790; x_wconf 83' lang='lat' dir='ltr'>sit,</span> <span class='ocrx_word' id='word_1_107' title='bbox 1581 746 1764 794; x_wconf 85' lang='lat' dir='ltr'>Principes</span> 
     </span>
     <span class='ocr_line' id='line_1_12' title="bbox 225 805 1764 855; baseline 0.001 -13"><span class='ocrx_word' id='word_1_108' title='bbox 225 805 459 852; x_wconf 83' lang='lat' dir='ltr'>Evangelicos</span> <span class='ocrx_word' id='word_1_109' title='bbox 485 806 672 843; x_wconf 82' lang='lat' dir='ltr'>adfuturos</span> <span class='ocrx_word' id='word_1_110' title='bbox 698 819 785 843; x_wconf 87' lang='lat' dir='ltr'>esse.</span> <span class='ocrx_word' id='word_1_111' title='bbox 823 807 907 843; x_wconf 88' lang='lat' dir='ltr'>Non</span> <span class='ocrx_word' id='word_1_112' title='bbox 933 820 1076 855; x_wconf 88' lang='lat' dir='ltr'>possum</span> <span class='ocrx_word' id='word_1_113' title='bbox 1102 808 1170 844; x_wconf 88' lang='lat' dir='ltr'>iam</span> <span class='ocrx_word' id='word_1_114' title='bbox 1196 807 1308 855; x_wconf 86' lang='lat' dir='ltr'>plura.</span> <span class='ocrx_word' id='word_1_115' title='bbox 1347 807 1469 844; x_wconf 83' lang='lat' dir='ltr'>Saluta</span> <span class='ocrx_word' id='word_1_116' title='bbox 1495 807 1621 844; x_wconf 80' lang='lat' dir='ltr'>fratres</span> <span class='ocrx_word' id='word_1_117' title='bbox 1644 819 1764 844; x_wconf 88' lang='lat' dir='ltr'>omnes</span> 
     </span>
     <span class='ocr_line' id='line_1_13' title="bbox 227 867 378 904; baseline -0.007 0"><span class='ocrx_word' id='word_1_118' title='bbox 227 872 263 904; x_wconf 86' lang='lat' dir='ltr'>et</span> <span class='ocrx_word' id='word_1_119' title='bbox 291 867 378 903; x_wconf 82' lang='lat' dir='ltr'>vale.</span> 
     </span>
    </p>

    <p class='ocr_par' dir='ltr' id='par_1_4' title="bbox 223 927 1763 1098">
     <span class='ocr_line' id='line_1_14' title="bbox 272 927 1761 976; baseline 0.001 -13"><span class='ocrx_word' id='word_1_120' title='bbox 272 928 340 975; x_wconf 86' lang='lat' dir='ltr'>Egi</span> <span class='ocrx_word' id='word_1_121' title='bbox 366 940 446 964; x_wconf 87' lang='lat' dir='ltr'>cum</span> <span class='ocrx_word' id='word_1_122' title='bbox 471 927 657 965; x_wconf 85' lang='lat' dir='ltr'>Frederico</span> <span class='ocrx_word' id='word_1_123' title='bbox 684 928 729 964; x_wconf 87' lang='lat' dir='ltr'>W</span> <span class='ocrx_word' id='word_1_124' title='bbox 734 930 826 965; x_wconf 84' lang='lat' dir='ltr'>etter</span> <span class='ocrx_word' id='word_1_125' title='bbox 844 930 887 976; x_wconf 88' lang='lat'>⁷),</span> <span class='ocrx_word' id='word_1_126' title='bbox 913 930 956 964; x_wconf 90' lang='grc'>111</span> <span class='ocrx_word' id='word_1_127' title='bbox 983 927 1158 976; x_wconf 86' lang='lat' dir='ltr'>quidquid</span> <span class='ocrx_word' id='word_1_128' title='bbox 1183 928 1237 965; x_wconf 88' lang='lat' dir='ltr'>illi</span> <span class='ocrx_word' id='word_1_129' title='bbox 1254 928 1456 965; x_wconf 84' lang='lat' dir='ltr'>Hadrianus</span> <span class='ocrx_word' id='word_1_130' title='bbox 1475 930 1594 965; x_wconf 90' lang='lat' dir='ltr'>noster</span> <span class='ocrx_word' id='word_1_131' title='bbox 1612 929 1761 966; x_wconf 84' lang='lat' dir='ltr'>Franco-</span> 
     </span>
     <span class='ocr_line' id='line_1_15' title="bbox 225 988 1763 1038; baseline 0.001 -14"><span class='ocrx_word' id='word_1_132' title='bbox 225 988 412 1025; x_wconf 83' lang='lat' dir='ltr'>fordiensis</span> <span class='ocrx_word' id='word_1_133' title='bbox 436 989 582 1034; x_wconf 75' lang='lat' dir='ltr'>dederit,</span> <span class='ocrx_word' id='word_1_134' title='bbox 607 989 650 1026; x_wconf 83' lang='lat' dir='ltr'>ad</span> <span class='ocrx_word' id='word_1_135' title='bbox 676 1001 731 1026; x_wconf 87' lang='lat' dir='ltr'>mc</span> <span class='ocrx_word' id='word_1_136' title='bbox 756 1002 836 1026; x_wconf 90' lang='lat' dir='ltr'>cum</span> <span class='ocrx_word' id='word_1_137' title='bbox 862 989 966 1026; x_wconf 88' lang='lat' dir='ltr'>rebus</span> <span class='ocrx_word' id='word_1_138' title='bbox 993 990 1066 1026; x_wconf 87' lang='lat' dir='ltr'>suis</span> <span class='ocrx_word' id='word_1_139' title='bbox 1091 990 1237 1038; x_wconf 85' lang='lat' dir='ltr'>perferri</span> <span class='ocrx_word' id='word_1_140' title='bbox 1262 993 1373 1034; x_wconf 88' lang='lat' dir='ltr'>curet,</span> <span class='ocrx_word' id='word_1_141' title='bbox 1400 993 1436 1027; x_wconf 87' lang='lat' dir='ltr'>et</span> <span class='ocrx_word' id='word_1_142' title='bbox 1467 989 1511 1026; x_wconf 89' lang='lat' dir='ltr'>ad</span> <span class='ocrx_word' id='word_1_143' title='bbox 1544 990 1763 1027; x_wconf 84' lang='lat' dir='ltr'>Hadrianum</span> 
     </span>
     <span class='ocr_line' id='line_1_16' title="bbox 223 1050 937 1098; baseline 0.001 -12"><span class='ocrx_word' id='word_1_144' title='bbox 223 1050 347 1098; x_wconf 82' lang='lat' dir='ltr'>scripsi</span> <span class='ocrx_word' id='word_1_145' title='bbox 372 1054 415 1087; x_wconf 87' lang='lat' dir='ltr'>ut</span> <span class='ocrx_word' id='word_1_146' title='bbox 440 1051 491 1087; x_wconf 85' lang='lat' dir='ltr'>ita</span> <span class='ocrx_word' id='word_1_147' title='bbox 517 1051 634 1087; x_wconf 85' lang='lat' dir='ltr'>faciat.</span> <span class='ocrx_word' id='word_1_148' title='bbox 684 1051 822 1087; x_wconf 87' lang='lat' dir='ltr'>lterum</span> <span class='ocrx_word' id='word_1_149' title='bbox 850 1051 937 1088; x_wconf 84' lang='lat' dir='ltr'>vale.</span> 
     </span>
    </p>

    <p class='ocr_par' dir='ltr' id='par_1_5' title="bbox 225 1113 1765 1345">
     <span class='ocr_line' id='line_1_17' title="bbox 274 1113 1765 1163; baseline 0.001 -14"><span class='ocrx_word' id='word_1_150' title='bbox 274 1114 426 1161; x_wconf 83' lang='lat' dir='ltr'>Propter</span> <span class='ocrx_word' id='word_1_151' title='bbox 453 1114 583 1150; x_wconf 86' lang='lat' dir='ltr'>fractos</span> <span class='ocrx_word' id='word_1_152' title='bbox 608 1126 753 1161; x_wconf 78' lang='lat' dir='ltr'>aggeres</span> <span class='ocrx_word' id='word_1_153' title='bbox 779 1126 821 1150; x_wconf 83' lang='lat' dir='ltr'>ex</span> <span class='ocrx_word' id='word_1_154' title='bbox 847 1113 1079 1151; x_wconf 85' lang='lat' dir='ltr'>inundatione</span> <span class='ocrx_word' id='word_1_155' title='bbox 1104 1127 1175 1151; x_wconf 89' lang='lat' dir='ltr'>non</span> <span class='ocrx_word' id='word_1_156' title='bbox 1201 1127 1344 1163; x_wconf 89' lang='lat' dir='ltr'>possum</span> <span class='ocrx_word' id='word_1_157' title='bbox 1369 1114 1449 1152; x_wconf 87' lang='grc'><strong>11136</strong></span> <span class='ocrx_word' id='word_1_158' title='bbox 1481 1127 1570 1162; x_wconf 85' lang='lat' dir='ltr'>quae</span> <span class='ocrx_word' id='word_1_159' title='bbox 1605 1114 1765 1151; x_wconf 87' lang='lat' dir='ltr'>venimus</span> 
     </span>
     <span class='ocr_line' id='line_1_18' title="bbox 226 1173 1761 1221; baseline 0.001 -13"><span class='ocrx_word' id='word_1_160' title='bbox 226 1173 261 1209; x_wconf 90' lang='lat' dir='ltr'>in</span> <span class='ocrx_word' id='word_1_161' title='bbox 289 1173 438 1209; x_wconf 83' lang='lat' dir='ltr'>Frisiam</span> <span class='ocrx_word' id='word_1_162' title='bbox 464 1173 589 1217; x_wconf 89' lang='lat' dir='ltr'>redire,</span> <span class='ocrx_word' id='word_1_163' title='bbox 616 1173 675 1209; x_wconf 88' lang='lat' dir='ltr'>sed</span> <span class='ocrx_word' id='word_1_164' title='bbox 701 1186 808 1221; x_wconf 83' lang='lat' dir='ltr'>cogor</span> <span class='ocrx_word' id='word_1_165' title='bbox 833 1173 1018 1210; x_wconf 87' lang='lat' dir='ltr'>circumire</span> <span class='ocrx_word' id='word_1_166' title='bbox 1043 1173 1304 1221; x_wconf 84' lang='lat' dir='ltr'>Oldenburgam</span> <span class='ocrx_word' id='word_1_167' title='bbox 1321 1187 1447 1221; x_wconf 89' lang='lat' dir='ltr'>usque,</span> <span class='ocrx_word' id='word_1_168' title='bbox 1470 1187 1508 1210; x_wconf 88' lang='lat' dir='ltr'>ac</span> <span class='ocrx_word' id='word_1_169' title='bbox 1526 1173 1607 1210; x_wconf 82' lang='lat' dir='ltr'>inde</span> <span class='ocrx_word' id='word_1_170' title='bbox 1624 1173 1761 1210; x_wconf 78' lang='lat' dir='ltr'>demun]</span> 
     </span>
     <span class='ocr_line' id='line_1_19' title="bbox 226 1234 1763 1283; baseline 0.001 -13"><span class='ocrx_word' id='word_1_171' title='bbox 226 1234 393 1270; x_wconf 85' lang='lat' dir='ltr'>Auricam</span> <span class='ocrx_word' id='word_1_172' title='bbox 428 1239 463 1270; x_wconf 90' lang='lat' dir='ltr'>et</span> <span class='ocrx_word' id='word_1_173' title='bbox 498 1235 549 1271; x_wconf 82' lang='lat' dir='ltr'>ita</span> <span class='ocrx_word' id='word_1_174' title='bbox 582 1234 722 1271; x_wconf 87' lang='lat' dir='ltr'>demum</span> <span class='ocrx_word' id='word_1_175' title='bbox 756 1235 913 1279; x_wconf 87' lang='lat' dir='ltr'>Emdam,</span> <span class='ocrx_word' id='word_1_176' title='bbox 947 1237 983 1271; x_wconf 86' lang='lat' dir='ltr'>et</span> <span class='ocrx_word' id='word_1_177' title='bbox 1009 1248 1082 1271; x_wconf 86' lang='lat' dir='ltr'>eam</span> <span class='ocrx_word' id='word_1_178' title='bbox 1109 1235 1152 1272; x_wconf 94' lang='lat' dir='ltr'>ob</span> <span class='ocrx_word' id='word_1_179' title='bbox 1177 1248 1316 1272; x_wconf 83' lang='lat' dir='ltr'>causam</span> <span class='ocrx_word' id='word_1_180' title='bbox 1341 1240 1429 1283; x_wconf 88' lang='lat' dir='ltr'>puto</span> <span class='ocrx_word' id='word_1_181' title='bbox 1454 1248 1570 1272; x_wconf 88' lang='lat' dir='ltr'>meum</span> <span class='ocrx_word' id='word_1_182' title='bbox 1595 1235 1695 1271; x_wconf 87' lang='lat' dir='ltr'>illum</span> <span class='ocrx_word' id='word_1_183' title='bbox 1722 1247 1763 1271; x_wconf 84' lang='lat' dir='ltr'>ex</span> 
     </span>
     <span class='ocr_line' id='line_1_20' title="bbox 225 1296 1762 1345; baseline 0.001 -14"><span class='ocrx_word' id='word_1_184' title='bbox 225 1296 340 1343; x_wconf 87' lang='lat' dir='ltr'>patria</span> <span class='ocrx_word' id='word_1_185' title='bbox 373 1309 443 1332; x_wconf 88' lang='lat' dir='ltr'>non</span> <span class='ocrx_word' id='word_1_186' title='bbox 479 1296 638 1343; x_wconf 87' lang='lat' dir='ltr'>potuisse</span> <span class='ocrx_word' id='word_1_187' title='bbox 672 1296 713 1332; x_wconf 87' lang='lat' dir='ltr'>ad</span> <span class='ocrx_word' id='word_1_188' title='bbox 747 1299 887 1345; x_wconf 88' lang='lat' dir='ltr'>tempus</span> <span class='ocrx_word' id='word_1_189' title='bbox 920 1297 1160 1333; x_wconf 86' lang='lat' dir='ltr'>constitutum</span> <span class='ocrx_word' id='word_1_190' title='bbox 1193 1297 1236 1333; x_wconf 84' lang='lat' dir='ltr'>ad</span> <span class='ocrx_word' id='word_1_191' title='bbox 1270 1311 1324 1334; x_wconf 90' lang='lat' dir='ltr'>me</span> <span class='ocrx_word' id='word_1_192' title='bbox 1350 1298 1417 1334; x_wconf 90' lang='lat' dir='ltr'>huc</span> <span class='ocrx_word' id='word_1_193' title='bbox 1443 1298 1573 1335; x_wconf 85' lang='lat' dir='ltr'>venire.</span> <span class='ocrx_word' id='word_1_194' title='bbox 1623 1298 1762 1335; x_wconf 89' lang='lat' dir='ltr'>Iterum</span> 
     </span>
    </p>
   </div>
   <div class='ocr_carea' id='block_1_3' title="bbox 226 1357 1762 1467">
    <p class='ocr_par' dir='ltr' id='par_1_6' title="bbox 226 1357 1762 1467">
     <span class='ocr_line' id='line_1_21' title="bbox 226 1357 1762 1407; baseline 0.001 -14"><span class='ocrx_word' id='word_1_195' title='bbox 226 1360 337 1404; x_wconf 87' lang='lat' dir='ltr'>atque</span> <span class='ocrx_word' id='word_1_196' title='bbox 370 1357 502 1394; x_wconf 85' lang='lat' dir='ltr'>iterum</span> <span class='ocrx_word' id='word_1_197' title='bbox 536 1360 572 1394; x_wconf 88' lang='lat' dir='ltr'>et</span> <span class='ocrx_word' id='word_1_198' title='bbox 605 1358 752 1394; x_wconf 84' lang='lat' dir='ltr'>tertium</span> <span class='ocrx_word' id='word_1_199' title='bbox 796 1357 883 1394; x_wconf 82' lang='lat' dir='ltr'>vale.</span> <span class='ocrx_word' id='word_1_200' title='bbox 932 1358 1077 1407; x_wconf 79' lang='lat' dir='ltr'>Raptim</span> <span class='ocrx_word' id='word_1_201' title='bbox 1111 1358 1366 1407; x_wconf 86' lang='lat' dir='ltr'>Hosnabrugae</span> <span class='ocrx_word' id='word_1_202' title='bbox 1400 1359 1456 1396; x_wconf 89' lang='lat' dir='ltr'>die</span> <span class='ocrx_word' id='word_1_203' title='bbox 1487 1359 1658 1397; x_wconf 85' lang='lat' dir='ltr'>Mercurii</span> <span class='ocrx_word' id='word_1_204' title='bbox 1682 1361 1762 1407; x_wconf 89' lang='lat' dir='ltr'>post</span> 
     </span>
     <span class='ocr_line' id='line_1_22' title="bbox 227 1417 909 1467; baseline 0.004 -13"><span class='ocrx_word' id='word_1_205' title='bbox 227 1417 388 1455; x_wconf 82' lang='lat' dir='ltr'>Laetare.</span> <span class='ocrx_word' id='word_1_206' title='bbox 417 1420 476 1466; x_wconf 84' lang='lat'>(18</span> <span class='ocrx_word' id='word_1_207' title='bbox 504 1419 644 1467; x_wconf 83' lang='lat' dir='ltr'>Martii)</span> <span class='ocrx_word' id='word_1_208' title='bbox 672 1419 777 1456; x_wconf 89' lang='lat' dir='ltr'>Anno</span> <span class='ocrx_word' id='word_1_209' title='bbox 805 1419 909 1457; x_wconf 78' lang='lat'>1545.</span> 
     </span>
    </p>
   </div>
   <div class='ocr_carea' id='block_1_4' title="bbox 230 1559 1768 2103">
    <p class='ocr_par' dir='ltr' id='par_1_7' title="bbox 230 1559 1768 2103">
     <span class='ocr_line' id='line_1_23' title="bbox 273 1559 1766 1602; baseline 0.001 -11"><span class='ocrx_word' id='word_1_210' title='bbox 273 1561 298 1601; x_wconf 78' lang='lat'>¹)</span> <span class='ocrx_word' id='word_1_211' title='bbox 323 1560 482 1591; x_wconf 81' lang='lat' dir='ltr'>Iohannes</span> <span class='ocrx_word' id='word_1_212' title='bbox 506 1559 693 1601; x_wconf 77' lang='lat' dir='ltr'>Siburgicus</span> <span class='ocrx_word' id='word_1_213' title='bbox 717 1570 741 1591; x_wconf 87' lang='grc'>5.</span> <span class='ocrx_word' id='word_1_214' title='bbox 765 1559 940 1601; x_wconf 69' lang='lat' dir='ltr'>sibergius,</span> <span class='ocrx_word' id='word_1_215' title='bbox 964 1560 1143 1592; x_wconf 77' lang='lat' dir='ltr'>sacellarius</span> <span class='ocrx_word' id='word_1_216' title='bbox 1167 1559 1275 1602; x_wconf 87' lang='lat' dir='ltr'>Episc.</span> <span class='ocrx_word' id='word_1_217' title='bbox 1299 1561 1569 1593; x_wconf 81' lang='lat' dir='ltr'>monasteriensis.</span> <span class='ocrx_word' id='word_1_218' title='bbox 1594 1561 1644 1594; x_wconf 86' lang='lat' dir='ltr'>Cf.</span> <span class='ocrx_word' id='word_1_219' title='bbox 1671 1561 1766 1593; x_wconf 73' lang='grc' dir='ltr'><strong>ΗΑΜ-</strong></span> 
     </span>
     <span class='ocr_line' id='line_1_24' title="bbox 230 1615 1766 1659; baseline 0 -11"><span class='ocrx_word' id='word_1_220' title='bbox 230 1625 387 1653; x_wconf 68' lang='lat' dir='ltr'>MELMAN,</span> <span class='ocrx_word' id='word_1_221' title='bbox 417 1616 471 1656; x_wconf 77' lang='lat' dir='ltr'>Op.</span> <span class='ocrx_word' id='word_1_222' title='bbox 492 1627 563 1657; x_wconf 70' lang='lat' dir='ltr'>qen.</span> <span class='ocrx_word' id='word_1_223' title='bbox 586 1615 659 1648; x_wconf 71' lang='lat' dir='ltr'>hist.</span> <span class='ocrx_word' id='word_1_224' title='bbox 692 1616 822 1656; x_wconf 72' lang='lat' dir='ltr'>Westplc.</span> <span class='ocrx_word' id='word_1_225' title='bbox 846 1626 877 1657; x_wconf 88' lang='lat' dir='ltr'>p.</span> <span class='ocrx_word' id='word_1_226' title='bbox 902 1615 994 1647; x_wconf 80' lang='lat'>1295.</span> <span class='ocrx_word' id='word_1_227' title='bbox 1017 1616 1044 1656; x_wconf 71' lang='lat'>2)</span> <span class='ocrx_word' id='word_1_228' title='bbox 1068 1617 1146 1647; x_wconf 88' lang='lat' dir='ltr'>Erat</span> <span class='ocrx_word' id='word_1_229' title='bbox 1168 1616 1224 1647; x_wconf 89' lang='lat' dir='ltr'>ille</span> <span class='ocrx_word' id='word_1_230' title='bbox 1239 1617 1428 1648; x_wconf 82' lang='lat' dir='ltr'>Franciseus</span> <span class='ocrx_word' id='word_1_231' title='bbox 1445 1617 1463 1648; x_wconf 71' lang='lat' dir='ltr'>a</span> <span class='ocrx_word' id='word_1_232' title='bbox 1480 1617 1641 1655; x_wconf 84' lang='lat' dir='ltr'>Waldeck,</span> <span class='ocrx_word' id='word_1_233' title='bbox 1658 1617 1766 1659; x_wconf 86' lang='lat' dir='ltr'>Episc.</span> 
     </span>
     <span class='ocr_line' id='line_1_25' title="bbox 231 1672 1765 1714; baseline 0 -10"><span class='ocrx_word' id='word_1_234' title='bbox 231 1672 498 1713; x_wconf 77' lang='lat' dir='ltr'>Osnabrngcnsis.</span> <span class='ocrx_word' id='word_1_235' title='bbox 530 1672 772 1710; x_wconf 76' lang='lat' dir='ltr'>HAMMELMAN,</span> <span class='ocrx_word' id='word_1_236' title='bbox 798 1683 826 1704; x_wconf 94' lang='grc'><strong>0.</strong></span> <span class='ocrx_word' id='word_1_237' title='bbox 850 1672 871 1704; x_wconf 96' lang='grc'>1.</span> <span class='ocrx_word' id='word_1_238' title='bbox 894 1683 927 1714; x_wconf 90' lang='lat' dir='ltr'>p.</span> <span class='ocrx_word' id='word_1_239' title='bbox 951 1672 1043 1704; x_wconf 74' lang='lat'>1134.</span> <span class='ocrx_word' id='word_1_240' title='bbox 1089 1672 1115 1712; x_wconf 82' lang='lat'>³)</span> <span class='ocrx_word' id='word_1_241' title='bbox 1139 1672 1264 1710; x_wconf 79' lang='lat' dir='ltr'>Iborch,</span> <span class='ocrx_word' id='word_1_242' title='bbox 1297 1675 1437 1704; x_wconf 80' lang='lat' dir='ltr'>castrum</span> <span class='ocrx_word' id='word_1_243' title='bbox 1461 1673 1543 1705; x_wconf 84' lang='lat' dir='ltr'>dioc.</span> <span class='ocrx_word' id='word_1_244' title='bbox 1566 1673 1702 1704; x_wconf 86' lang='lat' dir='ltr'>Osnabr.</span> <span class='ocrx_word' id='word_1_245' title='bbox 1726 1673 1765 1704; x_wconf 83' lang='lat' dir='ltr'>ad</span> 
     </span>
     <span class='ocr_line' id='line_1_26' title="bbox 230 1727 1768 1770; baseline 0 -11"><span class='ocrx_word' id='word_1_246' title='bbox 230 1728 293 1760; x_wconf 88' lang='grc'><strong>(1110</strong></span> <span class='ocrx_word' id='word_1_247' title='bbox 322 1728 476 1759; x_wconf 85' lang='lat' dir='ltr'>milliaria</span> <span class='ocrx_word' id='word_1_248' title='bbox 506 1738 606 1769; x_wconf 87' lang='lat' dir='ltr'>parva</span> <span class='ocrx_word' id='word_1_249' title='bbox 640 1727 737 1759; x_wconf 88' lang='lat' dir='ltr'>sitnm</span> <span class='ocrx_word' id='word_1_250' title='bbox 771 1727 809 1758; x_wconf 83' lang='lat' dir='ltr'>ab</span> <span class='ocrx_word' id='word_1_251' title='bbox 841 1727 919 1759; x_wconf 88' lang='lat' dir='ltr'>urbe</span> <span class='ocrx_word' id='word_1_252' title='bbox 954 1727 1090 1760; x_wconf 86' lang='lat' dir='ltr'>Osnabr.</span> <span class='ocrx_word' id='word_1_253' title='bbox 1114 1728 1307 1759; x_wconf 72' lang='lat' dir='ltr'>HAMMELM.</span> <span class='ocrx_word' id='word_1_254' title='bbox 1330 1740 1361 1770; x_wconf 90' lang='lat' dir='ltr'>p.</span> <span class='ocrx_word' id='word_1_255' title='bbox 1385 1728 1455 1762; x_wconf 75' lang='lat'>687.</span> <span class='ocrx_word' id='word_1_256' title='bbox 1498 1729 1526 1767; x_wconf 75' lang='lat'>⁴)</span> <span class='ocrx_word' id='word_1_257' title='bbox 1552 1729 1650 1770; x_wconf 68' lang='lat' dir='ltr'>Perqo</span> <span class='ocrx_word' id='word_1_258' title='bbox 1679 1728 1768 1766; x_wconf 83' lang='lat' dir='ltr'>dicit,</span> 
     </span>
     <span class='ocr_line' id='line_1_27' title="bbox 230 1783 1766 1826; baseline -0.001 -10"><span class='ocrx_word' id='word_1_259' title='bbox 230 1795 303 1816; x_wconf 88' lang='lat' dir='ltr'>nam</span> <span class='ocrx_word' id='word_1_260' title='bbox 328 1786 459 1816; x_wconf 85' lang='lat' dir='ltr'>venerat</span> <span class='ocrx_word' id='word_1_261' title='bbox 482 1783 628 1816; x_wconf 83' lang='lat' dir='ltr'>Colonia.</span> <span class='ocrx_word' id='word_1_262' title='bbox 652 1784 702 1815; x_wconf 88' lang='lat' dir='ltr'>Cf.</span> <span class='ocrx_word' id='word_1_263' title='bbox 726 1784 785 1826; x_wconf 88' lang='lat' dir='ltr'>Ep.</span> <span class='ocrx_word' id='word_1_264' title='bbox 809 1784 860 1816; x_wconf 76' lang='lat'>26.</span> <span class='ocrx_word' id='word_1_265' title='bbox 904 1785 931 1824; x_wconf 87' lang='grc'>5)</span> <span class='ocrx_word' id='word_1_266' title='bbox 956 1784 1107 1826; x_wconf 81' lang='lat' dir='ltr'>Archicp.</span> <span class='ocrx_word' id='word_1_267' title='bbox 1131 1784 1256 1822; x_wconf 88' lang='lat' dir='ltr'>Colon.,</span> <span class='ocrx_word' id='word_1_268' title='bbox 1280 1785 1363 1826; x_wconf 84' lang='lat' dir='ltr'>apud</span> <span class='ocrx_word' id='word_1_269' title='bbox 1387 1795 1479 1826; x_wconf 85' lang='lat' dir='ltr'>quem</span> <span class='ocrx_word' id='word_1_270' title='bbox 1503 1784 1665 1815; x_wconf 86' lang='lat' dir='ltr'>Hardenb.</span> <span class='ocrx_word' id='word_1_271' title='bbox 1689 1787 1766 1815; x_wconf 86' lang='lat' dir='ltr'>tune</span> 
     </span>
     <span class='ocr_line' id='line_1_28' title="bbox 231 1840 1766 1882; baseline -0.001 -9"><span class='ocrx_word' id='word_1_272' title='bbox 231 1844 309 1873; x_wconf 80' lang='lat' dir='ltr'>erat.</span> <span class='ocrx_word' id='word_1_273' title='bbox 353 1842 379 1880; x_wconf 73' lang='lat'>⁶)</span> <span class='ocrx_word' id='word_1_274' title='bbox 405 1841 600 1872; x_wconf 83' lang='lat' dir='ltr'>Wormatiae</span> <span class='ocrx_word' id='word_1_275' title='bbox 625 1841 765 1871; x_wconf 86' lang='lat' dir='ltr'>Comitia</span> <span class='ocrx_word' id='word_1_276' title='bbox 788 1840 911 1871; x_wconf 86' lang='lat' dir='ltr'>indicta</span> <span class='ocrx_word' id='word_1_277' title='bbox 934 1844 1035 1878; x_wconf 86' lang='lat' dir='ltr'>crant,</span> <span class='ocrx_word' id='word_1_278' title='bbox 1060 1841 1114 1872; x_wconf 87' lang='lat' dir='ltr'>ubi</span> <span class='ocrx_word' id='word_1_279' title='bbox 1139 1841 1176 1871; x_wconf 88' lang='lat' dir='ltr'>de</span> <span class='ocrx_word' id='word_1_280' title='bbox 1199 1841 1354 1882; x_wconf 79' lang='lat' dir='ltr'>religione</span> <span class='ocrx_word' id='word_1_281' title='bbox 1378 1844 1535 1882; x_wconf 75' lang='lat' dir='ltr'>ageretur.</span> <span class='ocrx_word' id='word_1_282' title='bbox 1569 1842 1596 1880; x_wconf 86' lang='lat'>⁷)</span> <span class='ocrx_word' id='word_1_283' title='bbox 1621 1840 1766 1872; x_wconf 84' lang='lat' dir='ltr'>Coniicio</span> 
     </span>
     <span class='ocr_line' id='line_1_29' title="bbox 231 1896 1767 1940; baseline -0.001 -12"><span class='ocrx_word' id='word_1_284' title='bbox 231 1908 290 1940; x_wconf 89' lang='lat' dir='ltr'>pro</span> <span class='ocrx_word' id='word_1_285' title='bbox 322 1897 444 1934; x_wconf 77' lang='lat' dir='ltr'>Wetter,</span> <span class='ocrx_word' id='word_1_286' title='bbox 477 1896 621 1927; x_wconf 75' lang='lat' dir='ltr'>Westiunz</span> <span class='ocrx_word' id='word_1_287' title='bbox 645 1896 816 1937; x_wconf 76' lang='lat' dir='ltr'>legendum</span> <span class='ocrx_word' id='word_1_288' title='bbox 840 1907 918 1927; x_wconf 85' lang='grc'><strong>6556.</strong></span> <span class='ocrx_word' id='word_1_289' title='bbox 941 1896 1131 1927; x_wconf 85' lang='lat' dir='ltr'>Fredericus</span> <span class='ocrx_word' id='word_1_290' title='bbox 1154 1896 1304 1934; x_wconf 87' lang='lat' dir='ltr'>Westius‚</span> <span class='ocrx_word' id='word_1_291' title='bbox 1321 1896 1641 1933; x_wconf 83' lang='lat' dir='ltr'>Padcrbornensis,l.</span> <span class='ocrx_word' id='word_1_292' title='bbox 1658 1896 1697 1928; x_wconf 93' lang='lat' dir='ltr'>U.</span> <span class='ocrx_word' id='word_1_293' title='bbox 1713 1896 1767 1934; x_wconf 71' lang='lat' dir='ltr'>D„</span> 
     </span>
     <span class='ocr_line' id='line_1_30' title="bbox 231 1952 1766 1996; baseline -0.001 -11"><span class='ocrx_word' id='word_1_294' title='bbox 231 1953 336 1996; x_wconf 85' lang='lat' dir='ltr'>primo</span> <span class='ocrx_word' id='word_1_295' title='bbox 365 1953 460 1985; x_wconf 82' lang='lat' dir='ltr'>Arch.</span> <span class='ocrx_word' id='word_1_296' title='bbox 495 1953 609 1985; x_wconf 91' lang='lat' dir='ltr'>Colon.</span> <span class='ocrx_word' id='word_1_297' title='bbox 638 1952 798 1994; x_wconf 81' lang='lat' dir='ltr'>sigillifer,</span> <span class='ocrx_word' id='word_1_298' title='bbox 826 1958 899 1994; x_wconf 87' lang='lat' dir='ltr'>post</span> <span class='ocrx_word' id='word_1_299' title='bbox 923 1952 1027 1994; x_wconf 84' lang='lat' dir='ltr'>Epist.</span> <span class='ocrx_word' id='word_1_300' title='bbox 1052 1953 1192 1983; x_wconf 88' lang='lat' dir='ltr'>Monast.</span> <span class='ocrx_word' id='word_1_301' title='bbox 1218 1953 1433 1990; x_wconf 87' lang='lat' dir='ltr'>conciliarius,</span> <span class='ocrx_word' id='word_1_302' title='bbox 1457 1963 1517 1994; x_wconf 84' lang='lat' dir='ltr'>ope</span> <span class='ocrx_word' id='word_1_303' title='bbox 1540 1952 1766 1994; x_wconf 81' lang='lat' dir='ltr'>Christopliori</span> 
     </span>
     <span class='ocr_line' id='line_1_31' title="bbox 233 2008 1766 2050; baseline -0.001 -10"><span class='ocrx_word' id='word_1_304' title='bbox 233 2008 464 2050; x_wconf 78' lang='lat' dir='ltr'>Oldenburgici</span> <span class='ocrx_word' id='word_1_305' title='bbox 489 2008 615 2040; x_wconf 87' lang='lat' dir='ltr'>comitis</span> <span class='ocrx_word' id='word_1_306' title='bbox 638 2008 670 2039; x_wconf 89' lang='lat' dir='ltr'>in</span> <span class='ocrx_word' id='word_1_307' title='bbox 694 2008 822 2039; x_wconf 85' lang='lat' dir='ltr'>Phrisia</span> <span class='ocrx_word' id='word_1_308' title='bbox 846 2008 1004 2039; x_wconf 76' lang='lat' dir='ltr'>Orientali</span> <span class='ocrx_word' id='word_1_309' title='bbox 1029 2008 1066 2039; x_wconf 85' lang='lat' dir='ltr'>ab</span> <span class='ocrx_word' id='word_1_310' title='bbox 1091 2009 1185 2039; x_wconf 88' lang='lat' dir='ltr'>Anna</span> <span class='ocrx_word' id='word_1_311' title='bbox 1208 2011 1365 2050; x_wconf 84' lang='lat' dir='ltr'>receptus,</span> <span class='ocrx_word' id='word_1_312' title='bbox 1389 2008 1580 2039; x_wconf 84' lang='lat' dir='ltr'>Cancellarii</span> <span class='ocrx_word' id='word_1_313' title='bbox 1597 2008 1680 2050; x_wconf 87' lang='lat' dir='ltr'>apud</span> <span class='ocrx_word' id='word_1_314' title='bbox 1698 2019 1766 2039; x_wconf 81' lang='lat' dir='ltr'>eam</span> 
     </span>
     <span class='ocr_line' id='line_1_32' title="bbox 234 2064 1303 2103; baseline 0 -7"><span class='ocrx_word' id='word_1_315' title='bbox 234 2075 364 2097; x_wconf 87' lang='lat' dir='ltr'>munere</span> <span class='ocrx_word' id='word_1_316' title='bbox 389 2066 518 2096; x_wconf 86' lang='lat' dir='ltr'>functus</span> <span class='ocrx_word' id='word_1_317' title='bbox 542 2067 600 2096; x_wconf 88' lang='lat' dir='ltr'>est.</span> <span class='ocrx_word' id='word_1_318' title='bbox 645 2065 695 2096; x_wconf 88' lang='lat' dir='ltr'>Cf.</span> <span class='ocrx_word' id='word_1_319' title='bbox 719 2065 911 2096; x_wconf 76' lang='lat' dir='ltr'>HAMMELM.</span> <span class='ocrx_word' id='word_1_320' title='bbox 934 2075 964 2096; x_wconf 92' lang='lat' dir='ltr'>o.</span> <span class='ocrx_word' id='word_1_321' title='bbox 987 2064 1007 2096; x_wconf 94' lang='lat' dir='ltr'>l.</span> <span class='ocrx_word' id='word_1_322' title='bbox 1031 2065 1102 2103; x_wconf 72' lang='lat'>229,</span> <span class='ocrx_word' id='word_1_323' title='bbox 1126 2064 1303 2096; x_wconf 78' lang='lat'>1331—35.</span> 
     </span>
    </p>
   </div>
   <div class='ocr_carea' id='block_1_5' title="bbox 608 2172 1560 2179">
    <p class='ocr_par' dir='ltr' id='par_1_8' title="bbox 608 2172 1560 2179">
     <span class='ocr_line' id='line_1_33' title="bbox 608 2172 1560 2179; baseline 0 0"><span class='ocrx_word' id='word_1_324' title='bbox 608 2172 1560 2179; x_wconf 95' lang='lat' dir='ltr'> </span> 
     </span>
    </p>
   </div>
   <div class='ocr_carea' id='block_1_6' title="bbox 234 2273 1764 2436">
    <p class='ocr_par' dir='ltr' id='par_1_9' title="bbox 234 2273 1764 2436">
     <span class='ocr_line' id='line_1_34' title="bbox 234 2273 1764 2320; baseline -0.003 -9"><span class='ocrx_word' id='word_1_325' title='bbox 234 2274 297 2311; x_wconf 83' lang='lat' dir='ltr'>N0.</span> <span class='ocrx_word' id='word_1_326' title='bbox 325 2273 384 2311; x_wconf 73' lang='lat'>26.</span> <span class='ocrx_word' id='word_1_327' title='bbox 1336 2273 1473 2320; x_wconf 54' lang='lat' dir='ltr'>[turdos.</span> <span class='ocrx_word' id='word_1_328' title='bbox 1499 2287 1519 2309; x_wconf 86' lang='lat' dir='ltr'>s.</span> <span class='ocrx_word' id='word_1_329' title='bbox 1537 2285 1559 2310; x_wconf 77' lang='lat' dir='ltr'>a.</span> <span class='ocrx_word' id='word_1_330' title='bbox 1578 2276 1632 2310; x_wconf 72' lang='lat' dir='ltr'>u&#39;a.</span> <span class='ocrx_word' id='word_1_331' title='bbox 1653 2286 1676 2318; x_wconf 82' lang='lat' dir='ltr'>p,</span> <span class='ocrx_word' id='word_1_332' title='bbox 1692 2274 1764 2319; x_wconf 64' lang='grc'><strong>131]</strong></span> 
     </span>
     <span class='ocr_line' id='line_1_35' title="bbox 523 2394 1500 2436; baseline -0.006 -2"><span class='ocrx_word' id='word_1_333' title='bbox 523 2394 582 2434; x_wconf 78' lang='lat' dir='ltr'>An</span> <span class='ocrx_word' id='word_1_334' title='bbox 610 2395 874 2436; x_wconf 52' lang='lat' dir='ltr'>Panem-nm,</span> <span class='ocrx_word' id='word_1_335' title='bbox 904 2395 1186 2431; x_wconf 68' lang='lat' dir='ltr'>Bmmscmznm</span> <span class='ocrx_word' id='word_1_336' title='bbox 1215 2396 1251 2428; x_wconf 87' lang='lat' dir='ltr'>ct</span> <span class='ocrx_word' id='word_1_337' title='bbox 1277 2396 1346 2429; x_wconf 77' lang='lat' dir='ltr'>tom</span> <span class='ocrx_word' id='word_1_338' title='bbox 1375 2394 1500 2429; x_wconf 68' lang='lat' dir='ltr'>CAMP.</span> 
     </span>
    </p>
   </div>
   <div class='ocr_carea' id='block_1_7' title="bbox 232 2512 1768 2934">
    <p class='ocr_par' dir='ltr' id='par_1_10' title="bbox 232 2512 1768 2934">
     <span class='ocr_line' id='line_1_36' title="bbox 282 2512 1768 2567; baseline -0.006 -10"><span class='ocrx_word' id='word_1_339' title='bbox 282 2518 316 2559; x_wconf 84' lang='lat' dir='ltr'>S.</span> <span class='ocrx_word' id='word_1_340' title='bbox 343 2517 460 2567; x_wconf 77' lang='lat' dir='ltr'>Cogor</span> <span class='ocrx_word' id='word_1_341' title='bbox 486 2532 582 2556; x_wconf 87' lang='lat' dir='ltr'>nunc</span> <span class='ocrx_word' id='word_1_342' title='bbox 609 2530 670 2567; x_wconf 87' lang='lat' dir='ltr'>per</span> <span class='ocrx_word' id='word_1_343' title='bbox 696 2529 789 2553; x_wconf 88' lang='lat' dir='ltr'>meas</span> <span class='ocrx_word' id='word_1_344' title='bbox 816 2516 1063 2564; x_wconf 84' lang='lat' dir='ltr'>occupationes</span> <span class='ocrx_word' id='word_1_345' title='bbox 1088 2515 1169 2550; x_wconf 88' lang='lat' dir='ltr'>unis</span> <span class='ocrx_word' id='word_1_346' title='bbox 1195 2514 1237 2551; x_wconf 87' lang='lat' dir='ltr'>ad</span> <span class='ocrx_word' id='word_1_347' title='bbox 1262 2527 1324 2551; x_wconf 92' lang='lat' dir='ltr'>vos</span> <span class='ocrx_word' id='word_1_348' title='bbox 1343 2527 1461 2551; x_wconf 87' lang='lat' dir='ltr'>omnes</span> <span class='ocrx_word' id='word_1_349' title='bbox 1478 2513 1590 2550; x_wconf 83' lang='lat' dir='ltr'>literis</span> <span class='ocrx_word' id='word_1_350' title='bbox 1607 2512 1768 2557; x_wconf 86' lang='lat' dir='ltr'>scribere,</span> 
     </span>
     <span class='ocr_line' id='line_1_37' title="bbox 233 2575 1766 2623; baseline -0.007 -5"><span class='ocrx_word' id='word_1_351' title='bbox 233 2582 312 2618; x_wconf 87' lang='lat' dir='ltr'>Viri</span> <span class='ocrx_word' id='word_1_352' title='bbox 347 2582 473 2618; x_wconf 81' lang='lat' dir='ltr'>fratres</span> <span class='ocrx_word' id='word_1_353' title='bbox 514 2580 550 2616; x_wconf 89' lang='grc'>111</span> <span class='ocrx_word' id='word_1_354' title='bbox 585 2579 728 2616; x_wconf 84' lang='lat' dir='ltr'>Christo</span> <span class='ocrx_word' id='word_1_355' title='bbox 762 2578 915 2614; x_wconf 87' lang='lat' dir='ltr'>Domino</span> <span class='ocrx_word' id='word_1_356' title='bbox 949 2576 1187 2613; x_wconf 87' lang='lat' dir='ltr'>dilectissimi!</span> <span class='ocrx_word' id='word_1_357' title='bbox 1215 2576 1321 2623; x_wconf 84' lang='lat' dir='ltr'>idque</span> <span class='ocrx_word' id='word_1_358' title='bbox 1352 2575 1482 2623; x_wconf 78' lang='lat' dir='ltr'>paucis,</span> <span class='ocrx_word' id='word_1_359' title='bbox 1515 2587 1593 2610; x_wconf 87' lang='lat' dir='ltr'>nam</span> <span class='ocrx_word' id='word_1_360' title='bbox 1627 2576 1766 2621; x_wconf 87' lang='lat' dir='ltr'>tempus</span> 
     </span>
     <span class='ocr_line' id='line_1_38' title="bbox 233 2635 1767 2690; baseline -0.007 -10"><span class='ocrx_word' id='word_1_361' title='bbox 233 2644 345 2680; x_wconf 82' lang='lat' dir='ltr'>multa</span> <span class='ocrx_word' id='word_1_362' title='bbox 369 2656 440 2679; x_wconf 92' lang='lat' dir='ltr'>non</span> <span class='ocrx_word' id='word_1_363' title='bbox 465 2642 656 2690; x_wconf 84' lang='lat' dir='ltr'>permittit.</span> <span class='ocrx_word' id='word_1_364' title='bbox 705 2640 845 2676; x_wconf 85' lang='lat' dir='ltr'>Literas</span> <span class='ocrx_word' id='word_1_365' title='bbox 870 2642 1006 2675; x_wconf 85' lang='lat' dir='ltr'>vestras</span> <span class='ocrx_word' id='word_1_366' title='bbox 1033 2639 1124 2675; x_wconf 88' lang='lat' dir='ltr'>forte</span> <span class='ocrx_word' id='word_1_367' title='bbox 1151 2637 1294 2674; x_wconf 86' lang='lat' dir='ltr'>fortuna</span> <span class='ocrx_word' id='word_1_368' title='bbox 1325 2637 1407 2673; x_wconf 89' lang='lat' dir='ltr'>dum</span> <span class='ocrx_word' id='word_1_369' title='bbox 1434 2637 1500 2672; x_wconf 90' lang='lat' dir='ltr'>huc</span> <span class='ocrx_word' id='word_1_370' title='bbox 1531 2635 1767 2683; x_wconf 88' lang='lat' dir='ltr'>proficiscerer</span> 
     </span>
     <span class='ocr_line' id='line_1_39' title="bbox 232 2695 1767 2750; baseline -0.005 -10"><span class='ocrx_word' id='word_1_371' title='bbox 232 2705 268 2740; x_wconf 91' lang='lat' dir='ltr'>in</span> <span class='ocrx_word' id='word_1_372' title='bbox 295 2704 422 2740; x_wconf 85' lang='lat' dir='ltr'>itinere</span> <span class='ocrx_word' id='word_1_373' title='bbox 455 2703 583 2750; x_wconf 84' lang='lat' dir='ltr'>accepi,</span> <span class='ocrx_word' id='word_1_374' title='bbox 618 2701 704 2737; x_wconf 80' lang='lat' dir='ltr'>mihi</span> <span class='ocrx_word' id='word_1_375' title='bbox 737 2700 851 2736; x_wconf 88' lang='lat' dir='ltr'>multo</span> <span class='ocrx_word' id='word_1_376' title='bbox 887 2699 1117 2747; x_wconf 83' lang='lat' dir='ltr'>gratissimas,</span> <span class='ocrx_word' id='word_1_377' title='bbox 1151 2699 1186 2734; x_wconf 89' lang='lat' dir='ltr'>in</span> <span class='ocrx_word' id='word_1_378' title='bbox 1213 2698 1342 2745; x_wconf 87' lang='lat' dir='ltr'>quibus</span> <span class='ocrx_word' id='word_1_379' title='bbox 1369 2696 1537 2744; x_wconf 83' lang='lat' dir='ltr'>suspicari</span> <span class='ocrx_word' id='word_1_380' title='bbox 1562 2695 1646 2731; x_wconf 87' lang='lat' dir='ltr'>mihi</span> <span class='ocrx_word' id='word_1_381' title='bbox 1671 2696 1767 2732; x_wconf 89' lang='lat' dir='ltr'>vide·</span> 
     </span>
     <span class='ocr_line' id='line_1_40' title="bbox 233 2756 1766 2808; baseline -0.005 -8"><span class='ocrx_word' id='word_1_382' title='bbox 233 2765 329 2808; x_wconf 84' lang='lat' dir='ltr'>mini,</span> <span class='ocrx_word' id='word_1_383' title='bbox 356 2778 410 2800; x_wconf 88' lang='lat' dir='ltr'>me</span> <span class='ocrx_word' id='word_1_384' title='bbox 436 2764 478 2799; x_wconf 88' lang='lat' dir='ltr'>de</span> <span class='ocrx_word' id='word_1_385' title='bbox 503 2762 704 2799; x_wconf 83' lang='lat' dir='ltr'>deserendis</span> <span class='ocrx_word' id='word_1_386' title='bbox 730 2761 888 2797; x_wconf 85' lang='lat' dir='ltr'>Phrisiae</span> <span class='ocrx_word' id='word_1_387' title='bbox 914 2760 1082 2796; x_wconf 87' lang='lat' dir='ltr'>Ecclesiis</span> <span class='ocrx_word' id='word_1_388' title='bbox 1108 2759 1242 2806; x_wconf 87' lang='lat' dir='ltr'>aliquid</span> <span class='ocrx_word' id='word_1_389' title='bbox 1268 2758 1434 2805; x_wconf 79' lang='lat' dir='ltr'>cogitare.</span> <span class='ocrx_word' id='word_1_390' title='bbox 1476 2757 1551 2803; x_wconf 84' lang='lat' dir='ltr'>Ego</span> <span class='ocrx_word' id='word_1_391' title='bbox 1577 2769 1659 2793; x_wconf 83' lang='lat' dir='ltr'>vero</span> <span class='ocrx_word' id='word_1_392' title='bbox 1678 2756 1766 2792; x_wconf 87' lang='lat' dir='ltr'>nihil</span> 
     </span>
     <span class='ocr_line' id='line_1_41' title="bbox 233 2816 1768 2870; baseline -0.004 -10"><span class='ocrx_word' id='word_1_393' title='bbox 233 2825 338 2861; x_wconf 88' lang='lat' dir='ltr'>huius</span> <span class='ocrx_word' id='word_1_394' title='bbox 370 2824 500 2870; x_wconf 80' lang='lat' dir='ltr'>cogito,</span> <span class='ocrx_word' id='word_1_395' title='bbox 534 2823 594 2859; x_wconf 88' lang='lat' dir='ltr'>sed</span> <span class='ocrx_word' id='word_1_396' title='bbox 619 2822 697 2858; x_wconf 86' lang='lat' dir='ltr'>aliis</span> <span class='ocrx_word' id='word_1_397' title='bbox 724 2833 867 2869; x_wconf 90' lang='lat' dir='ltr'>quoque</span> <span class='ocrx_word' id='word_1_398' title='bbox 893 2832 1030 2868; x_wconf 86' lang='lat' dir='ltr'>operam</span> <span class='ocrx_word' id='word_1_399' title='bbox 1057 2832 1167 2855; x_wconf 85' lang='lat' dir='ltr'>meam</span> <span class='ocrx_word' id='word_1_400' title='bbox 1193 2819 1235 2855; x_wconf 89' lang='lat' dir='ltr'>ad</span> <span class='ocrx_word' id='word_1_401' title='bbox 1262 2822 1400 2865; x_wconf 88' lang='lat' dir='ltr'>tempus</span> <span class='ocrx_word' id='word_1_402' title='bbox 1425 2816 1570 2864; x_wconf 87' lang='lat' dir='ltr'>aliquod</span> <span class='ocrx_word' id='word_1_403' title='bbox 1596 2816 1768 2864; x_wconf 82' lang='lat' dir='ltr'>denegare</span> 
     </span>
     <span class='ocr_line' id='line_1_42' title="bbox 233 2879 1335 2934; baseline -0.007 -11"><span class='ocrx_word' id='word_1_404' title='bbox 233 2899 303 2924; x_wconf 88' lang='grc'><strong>11011</strong></span> <span class='ocrx_word' id='word_1_405' title='bbox 329 2897 482 2934; x_wconf 86' lang='lat' dir='ltr'>possum,</span> <span class='ocrx_word' id='word_1_406' title='bbox 508 2884 613 2931; x_wconf 87' lang='lat' dir='ltr'>idque</span> <span class='ocrx_word' id='word_1_407' title='bbox 639 2883 868 2930; x_wconf 85' lang='lat' dir='ltr'>permittente</span> <span class='ocrx_word' id='word_1_408' title='bbox 893 2881 928 2917; x_wconf 90' lang='lat' dir='ltr'>id</span> <span class='ocrx_word' id='word_1_409' title='bbox 954 2881 1038 2916; x_wconf 78' lang='lat' dir='ltr'>milii</span> <span class='ocrx_word' id='word_1_410' title='bbox 1064 2893 1140 2916; x_wconf 84' lang='lat' dir='ltr'>mea</span> <span class='ocrx_word' id='word_1_411' title='bbox 1166 2879 1335 2916; x_wconf 85' lang='lat' dir='ltr'>Ecclesia.</span> 
     </span>
    </p>
   </div>
  </div>
 </body>
</html>
