1830 3147
834 117 901 157 673
1357 113 1422 161 [A.
1454 106 1497 150 D.
1523 111 1634 160 1552]

112 230 242 267 collata
273 230 327 265 hic
359 229 394 265 in
418 239 472 264 me
496 226 667 263 hominem
694 227 851 273 ignotum
876 237 916 262 ae
942 225 1157 272 peregrinum
1185 223 1362 263 beneficia,
1384 228 1489 269 atque
1513 233 1631 257 eorum

103 290 429 327 commemoratione
467 288 601 323 illorum
636 299 773 335 quoque
809 285 1082 322 benevolentiam
1119 289 1225 332 atque
1272 284 1381 320 officia
1419 282 1628 331 praedicare,

97 350 156 397 qui
190 361 242 385 me
276 348 331 384 hic
355 348 418 384 hac
444 359 517 382 mea
544 347 820 393 peregrinatione
847 357 909 392 pro
948 357 1011 380 sua
1039 344 1168 380 virtute
1193 348 1297 391 atque
1323 343 1537 378 humanitate
1573 342 1632 377 ad-

100 411 278 446 iuverunt.
335 407 502 455 Equidem
547 406 771 453 gratitudinis
805 406 918 442 officia
951 406 1004 441 vel
1032 405 1188 441 hostibus
1226 406 1307 452 ipsis
1344 404 1478 452 probari
1509 404 1635 446 solent,

99 472 223 506 nedum
251 475 289 505 ut
314 481 378 515 ego
403 469 576 515 ingratum
603 468 637 503 id
663 469 736 502 sore
762 472 879 514 putem
906 472 985 502 tuae
1014 467 1191 502 Maiestati
1228 467 1371 513 Regiae.
1395 467 1423 502 si
1448 470 1483 502 et
1508 465 1636 502 collata

100 530 155 565 hie
190 530 226 566 in
262 540 315 564 me
353 529 516 564 beneficia
541 534 576 564 et
601 540 716 564 eorum
742 528 801 575 qui
830 540 882 563 me
907 527 1118 562 adiuverunt
1143 526 1253 563 officia
1281 527 1374 573 apud
1410 525 1503 562 illam
1529 538 1634 572 agno·

99 603 193 627 scam
225 602 267 626 ac
299 590 505 637 praedicem,
536 590 579 625 ad
613 589 881 625 contestandam
914 588 1160 634 gratitudinem
1187 601 1295 624 meam
1320 600 1420 636 quam
1445 587 1574 633 alioqui
1600 588 1634 622 in

102 664 154 687 me
182 651 369 687 desiderari
393 650 533 686 nollem.
558 650 733 697 Quodque
758 648 800 685 ad
830 649 996 684 beneficia
1020 650 1096 695 ipsa
1121 649 1155 684 in
1183 661 1235 684 me
1261 648 1316 684 hic
1340 649 1474 685 collata
1498 648 1639 690 attinet,

98 723 139 747 ea
173 712 309 747 notiora
339 716 424 747 sunt
457 711 523 746 iam
558 722 658 757 quam
696 714 737 746 ut
776 709 881 756 longa
916 709 1071 744 oratione
1095 713 1231 756 egeant,
1255 709 1422 755 siquidem
1449 720 1525 755 ego.
1552 707 1635 743 alibi

99 779 317 819 contemptus
352 779 456 819 atque
490 772 635 811 invisus,
671 771 724 807 hie
759 783 840 806 vero
873 771 985 812 homo,
1017 776 1056 805 nt
1080 771 1165 811 dixi,
1191 771 1331 815 ignotus
1356 781 1396 804 ac
1422 769 1635 816 peregrinus,

98 833 149 868 ita
173 833 309 868 interim
333 845 410 869 sum
434 842 598 879 acceptus
625 844 686 879 per
709 832 854 878 gratiam
879 831 955 872 Dei,
982 836 1020 866 ut
1047 831 1156 877 Regis
1190 829 1634 877 pientissimibenelicentia

99 897 136 928 et
166 894 280 939 gentis
315 894 403 929 adeo
441 894 557 929 totius·
580 893 795 928 humanitate
819 893 973 932 adiutus,
997 905 1066 927 non
1091 892 1201 927 solum
1227 904 1296 926 non
1321 903 1438 937 egeam
1465 891 1550 937 ipse,
1576 889 1634 925 sed

99 959 135 988 et
159 954 235 989 aliis
261 958 434 1000 uteunque
459 955 561 990 etiam
590 955 752 1000 prodesse
776 953 903 1000 possim
924 954 966 995 ¹).
989 953 1063 990 Qui
1087 964 1169 987 vero
1195 952 1267 987 suis
1294 964 1345 986 me
1371 952 1434 987 hae
1467 952 1502 986 in
1539 955 1635 996 parte

100 1014 219 1050 officiis
243 1014 462 1055 adiuverunt,
487 1015 549 1050 etsi
575 1016 690 1060 plures
717 1015 868 1054 fuerunt,
892 1025 994 1060 quam
1023 1017 1062 1047 ut
1086 1012 1140 1047 hic
1166 1013 1334 1047 numerari
1350 1023 1442 1047 nune
1456 1011 1635 1046 commode

103 1076 249 1122 possint,
284 1080 398 1111 tamen
425 1076 516 1111 inter
552 1075 630 1111 illos
663 1087 731 1110 non
766 1080 958 1122 postremus
994 1074 1135 1109 omnino
1160 1073 1226 1108 suit
1249 1073 1290 1114 is,
1323 1074 1378 1109 cui
1406 1073 1508 1108 hasce
1546 1083 1638 1107 meas

101 1136 236 1171 litteras
269 1136 313 1171 ad
338 1140 434 1172 tuam
460 1136 681 1172 Maiestatem
707 1134 924 1182 perferendas
950 1135 1126 1170 transmisi
1153 1137 1193 1179 ²),
1230 1135 1288 1180 qui
1313 1145 1389 1169 eum
1416 1134 1633 1169 Germaniam

101 1200 208 1232 totam
246 1199 338 1232 intra
372 1196 437 1232 hoc
469 1196 644 1232 biennium
684 1201 911 1243 peragrasset,
945 1196 1035 1231 istuc
1058 1206 1196 1242 quoque
1221 1206 1256 1230 se
1282 1195 1347 1230 iam
1374 1194 1439 1229 iter
1463 1205 1562 1229 suum
1588 1193 1639 1228 in-

100 1258 245 1294 stituere
279 1257 379 1298 velle,
416 1269 475 1304 per
500 1257 633 1293 litteras
660 1257 741 1293 mihi
765 1257 942 1297 indicavit,
969 1261 1008 1291 nt
1033 1262 1187 1292 nostram
1211 1267 1349 1302 quoque
1376 1255 1555 1291 Poloniam
1586 1256 1636 1290 vi·

103 1319 185 1355 deat
222 1323 258 1355 et
290 1324 383 1355 tuam
411 1321 633 1356 Maiestatem
659 1319 804 1365 Regiam
828 1318 969 1354 salutet.
1004 1318 1068 1353 Est
1091 1321 1204 1352 autem
1232 1316 1283 1351 vir
1307 1320 1442 1363 praeter
1467 1327 1538 1350 uon
1564 1315 1639 1350 vul-

102 1393 218 1428 garem
244 1379 474 1416 eruditionem
497 1391 539 1416 ae
565 1392 732 1416 summam
760 1379 924 1427 pietatem
952 1391 992 1414 ea
1019 1378 1204 1425 prudentia
1229 1379 1265 1413 et
1279 1376 1486 1413 dexteritate
1509 1377 1636 1422 ingenii

105 1440 288 1488 praeditus.
315 1444 353 1477 ut
377 1445 547 1488 quantum
582 1441 618 1477 in
656 1453 795 1477 recessu
834 1439 969 1480 habeat,
1001 1452 1071 1475 non
1106 1438 1208 1474 facile
1233 1450 1274 1474 ex
1302 1438 1414 1473 verbis
1439 1442 1501 1472 aut
1526 1439 1638 1473 fronte

103 1503 222 1550 ipsius,
248 1502 340 1550 quod
365 1502 505 1544 dieitur,
535 1502 745 1549 deprehendi
771 1502 900 1548 possit:
926 1504 1059 1548 quanto
1086 1500 1192 1546 magis
1217 1499 1397 1534 verborum
1426 1509 1548 1544 parcus
1573 1502 1638 1537 est.

106 1569 203 1601 tanto
228 1565 305 1611 plus
333 1563 435 1600 habet
459 1564 578 1599 iudicii
602 1568 637 1598 et
662 1563 857 1610 gravitatis,
882 1566 918 1597 et
942 1567 995 1597 est
1020 1573 1061 1596 eo
1085 1560 1216 1607 alioqui
1241 1559 1295 1596 hic
1321 1560 1411 1599 loeo,
1437 1563 1475 1594 ut
1499 1562 1536 1594 et
1558 1570 1640 1594 con-

106 1627 191 1662 siliis
217 1625 337 1671 Regiis
363 1625 502 1660 intersit
529 1629 564 1659 et
588 1624 759 1659 thesauris
782 1623 884 1658 etiam
910 1622 1033 1668 Regiis
1058 1633 1181 1667 magna
1212 1633 1253 1655 ex
1274 1625 1371 1666 parte
1388 1619 1525 1666 praesit.
1551 1619 1638 1654 Cum

108 1688 214 1734 igitur
248 1686 344 1722 illum
369 1698 433 1732 ego
457 1685 628 1732 proficisci
654 1685 745 1720 istuc
771 1683 860 1719 velle
887 1683 1152 1722 intellexissem,
1179 1681 1242 1717 hac
1268 1681 1347 1716 mihi
1373 1680 1504 1716 ratione
1531 1692 1638 1715 meam

104 1758 186 1793 erga
220 1745 317 1782 illum
352 1744 599 1791 gratitudinem
634 1745 665 1780 ei
699 1748 875 1790 uteunque
912 1742 1165 1789 approbandam
1205 1752 1281 1776 esse
1303 1740 1436 1788 putavi,
1465 1744 1507 1775 ut
1530 1739 1640 1785 ipsius

106 1808 141 1843 in
179 1818 231 1842 me
256 1806 366 1842 officia
389 1805 482 1853 apud
507 1809 602 1840 tuam
630 1805 847 1840 Maiestatem
874 1814 1096 1850 agnoscerem
1121 1805 1158 1838 et
1196 1800 1437 1846 praedicarem,
1461 1800 1518 1846 qui
1543 1800 1641 1846 equi-

105 1866 182 1902 dem
208 1872 307 1902 tanta
331 1878 412 1913 erga
436 1877 487 1900 me
515 1864 726 1900 humanitate
749 1864 803 1900 hie
827 1875 960 1910 semper
985 1870 1038 1899 est
1064 1875 1146 1898 usus
1171 1866 1276 1907 atque
1301 1861 1487 1896 etiamnum
1514 1860 1639 1895 absens

107 1938 167 1974 per
198 1938 280 1962 suos
318 1927 435 1967 utitur,
469 1929 637 1972 quantum
673 1937 740 1960 non
775 1936 908 1971 semper
948 1925 1072 1959 fratres
1109 1935 1129 1957 a
1154 1920 1320 1957 fratribus
1347 1919 1492 1967 experiri
1517 1919 1641 1955 solent.

107 1989 227 2026 Quare
251 1988 279 2023 si
304 1987 337 2023 id
363 1987 435 2022 ullo
461 1987 562 2022 modo
588 1991 668 2021 tuae
694 1997 834 2033 quoque
864 1984 1043 2021 Maiestati
1069 1987 1205 2030 gratum
1239 1987 1303 2023 est,
1328 1981 1420 2028 quod
1446 1993 1521 2027 ego,
1546 1981 1639 2016 illius

106 2048 235 2094 alioqui
266 2047 437 2088 subditus,
463 2047 511 2083 ita
536 2046 591 2082 hic
617 2052 782 2094 exceptus
809 2047 888 2087 sim,
912 2044 1074 2093 quodque
1099 2045 1127 2080 is
1152 2045 1304 2090 optimus
1328 2048 1433 2089 atquc
1460 2042 1639 2088 integerri-

110 2120 184 2143 mus
211 2109 262 2143 vir
290 2111 387 2143 tanta
412 2120 464 2143 me
500 2119 564 2143 sua
590 2107 831 2142 benevolentia
856 2107 904 2142 sit
929 2106 1139 2151 complexus,
1165 2110 1257 2140 tuam
1284 2104 1386 2139 etiam
1416 2103 1637 2139 Maiestatem

110 2169 270 2214 Regiam,
300 2168 484 2203 Dominum
512 2179 623 2203 meum
651 2167 974 2208 clementissimum,
997 2178 1131 2201 summa
1154 2177 1232 2202 cum
1259 2164 1480 2200 observantia
1503 2176 1574 2204 oro,
1601 2167 1641 2198 ut

108 2230 348 2276 qualecunque
383 2229 521 2265 tandem
557 2229 631 2264 eius
668 2229 777 2276 ipsius
811 2227 1035 2275 gratitudinis
1060 2226 1222 2263 inditium
1263 2226 1312 2262 illi
1346 2238 1405 2272 pro
1440 2225 1552 2272 Regia
1578 2237 1640 2260 sua

110 2291 235 2326 virtute
270 2302 309 2327 ac
341 2290 525 2326 clementia
560 2290 672 2325 facere
706 2289 878 2336 dignetur,
913 2293 949 2324 et
981 2289 1120 2336 quidem
1157 2300 1226 2323 non
1261 2300 1335 2322 mea
1373 2288 1512 2322 tantum
1538 2288 1640 2321 unius

108 2363 226 2392 causa,
253 2350 310 2386 scd
337 2355 373 2385 et
395 2350 538 2386 aliorum
565 2351 623 2397 qui
649 2350 714 2386 hue
740 2351 830 2386 forte
855 2350 1042 2397 aliquando
1067 2350 1170 2385 istinc
1196 2352 1280 2384 suut
1307 2348 1456 2388 venturi,
1481 2351 1521 2383 ut
1541 2348 1644 2383 intel-

109 2411 206 2458 ligat,
240 2410 348 2447 officia
382 2410 529 2446 subditis
567 2415 648 2446 tuae
688 2411 882 2447 Maiestatis
919 2411 973 2446 hie
1010 2410 1176 2458 praestita
1213 2415 1294 2444 tuae
1329 2409 1430 2444 etiam
1458 2408 1648 2448 Maiestati,

111 2472 260 2507 Domino
293 2475 412 2507 nostro
445 2471 723 2512 clementissimo,
759 2475 858 2518 grata
903 2483 990 2507 esse.
1037 2469 1144 2509 Quod
1169 2473 1338 2517 superest,
1364 2482 1428 2517 ego
1454 2481 1507 2505 me
1532 2469 1645 2515 ipsum

111 2532 226 2573 etiam,
252 2533 475 2579 quantumvis
501 2532 570 2568 fere
595 2531 815 2574 reiectitium,
841 2535 922 2568 tuae
946 2532 1083 2568 interim
1112 2530 1290 2567 Maiestati
1315 2530 1406 2565 omni
1433 2542 1509 2565 meo
1532 2529 1647 2565 studio

117 2592 182 2629 fide
207 2597 313 2640 atque
349 2593 570 2628 observantia
607 2591 871 2640 diligentissime
907 2592 1122 2634 commendo,
1151 2597 1185 2627 et
1211 2591 1323 2627 Deum
1349 2603 1422 2633 oro,
1450 2594 1545 2626 tuam
1573 2591 1649 2626 Ma·

114 2653 270 2690 iestatem
295 2658 407 2689 servet
432 2659 468 2690 et
492 2653 674 2701 gubernet,
699 2654 849 2702 mihique
885 2653 950 2690 hoo
976 2654 1118 2695 tribuat,
1144 2656 1183 2689 ut
1206 2665 1318 2689 meum
1345 2664 1425 2700 erga
1450 2651 1544 2688 illam
1577 2657 1649 2688 stu-

113 2713 207 2750 dium
242 2713 344 2750 fidem
378 2718 482 2761 atque
517 2715 770 2751 observantiam
806 2715 980 2753 declarare
1016 2715 1133 2762 aliquo
1170 2714 1271 2751 modo
1304 2713 1443 2761 possim.
1500 2712 1650 2750 nondini

119 2774 166 2810 16
195 2776 394 2812 Decembris
419 2788 510 2812 anno
538 2777 642 2812 1552.

343 2836 438 2872 Tuae
466 2836 645 2873 Maiestati
671 2848 786 2874 sacrae
811 2837 942 2885 Regiae
969 2835 1228 2873 addictissimus
1254 2836 1404 2872 servitor
1429 2841 1464 2872 et
1487 2834 1648 2871 subditus

966 2901 1130 2937 Iofflxsss
1155 2901 1175 2937 Ξι
1202 2901 1321 2937 Lisco
1347 2913 1390 2937 m.
1416 2913 1466 2946 pr,

172 2955 224 3002 11,
1463 2961 1508 2997 43
