1830 3147
65 128 1196 144 nmaemmaeaemmwmmwwmwwwmvmaeaeaeae
1199 126 1549 137 asaeaemmmmmwmaeae

343 451 1295 513 SERENISSIMO

227 611 738 664 EIDEMQUE
814 610 1408 652 POPE'NTISSI—

54 775 112 801 mo
141 759 323 813 Prinez'pi
359 763 396 800 et
426 759 605 809 Domino,
644 759 811 799 Domino
842 758 1087 811 Siqz'smundo
1118 759 1306 809 Azaqu-s‘lo,
1340 757 1418 798 Dei
1444 756 1582 809 qratia

111 832 214 884 Reqi
243 831 446 881 Polom'ae,
478 832 627 884 Blaffno
657 831 873 872 Lituanz'ae
905 831 1008 880 duci,
1041 830 1225 879 Bussiae,
1258 829 1522 883 Przcssiaeque

172 904 303 954 totius,
337 919 384 945 ae
414 904 622 945 Mazoviae
653 908 723 944 etc.
756 903 950 944 Domino.-
981 902 1150 944 Domz’no
1180 916 1259 942 meo
1296 902 1465 942 Clemen-

229 976 387 1016 tissimo.
430 975 753 1030 Amplissimoque
793 975 907 1016 illius
947 974 1122 1025 Senatui,
1164 978 1201 1015 et
1241 973 1412 1014 omnibus

278 1051 491 1101 praeterea
521 1047 651 1100 Requi
678 1048 914 1088 Ordinibus:
943 1047 1126 1088 Dominis
1146 1062 1192 1087 aa·
1211 1046 1354 1087 Patro-

346 1120 407 1160 nis
447 1119 552 1169 meis,
584 1119 823 1175 pariterque
854 1123 892 1161 et
908 1119 1121 1176 fratribus
1150 1133 1298 1159 summa

528 1207 612 1233 cum
643 1193 890 1235 observantia
920 1192 1106 1234 colendis.

108 1582 303 1621 MAGNA
347 1587 403 1621 est
436 1583 657 1635 iampridem
694 1585 898 1622 multorum
933 1585 1176 1635 querimonia,
1214 1585 1295 1623 Rex
1333 1585 1587 1631 Serenissime,

57 1647 292 1698 Amplissimi
320 1647 495 1686 Proceres
522 1652 633 1699 atque
662 1648 824 1687 Ordines
854 1649 977 1698 Regni
1005 1650 1141 1688 totius!
1172 1663 1247 1687 non
1276 1653 1403 1687 extare
1432 1662 1588 1700 usquam

56 1712 204 1762 plenam
238 1712 351 1750 ullam
390 1713 646 1752 Ecclesiastici
680 1714 797 1752 totius
835 1714 1032 1752 ministerii
1070 1715 1227 1752 formam
1267 1728 1331 1752 seu
1370 1714 1589 1766 descriptio·

56 1789 154 1821 nem,
200 1790 312 1828 quam
347 1778 566 1828 praesertim
604 1783 746 1817 certum
784 1783 891 1824 esset,
918 1794 940 1816 a
967 1780 1155 1830 primaeva
1183 1780 1246 1817 illa
1274 1784 1358 1830 post
1386 1780 1589 1831 Apostolos

55 1838 225 1877 Ecclesia
258 1841 484 1879 unanimiter
520 1842 756 1880 observatam
794 1843 921 1882 fuisse.
974 1843 1176 1881 Enimvero
1215 1844 1246 1881 si
1285 1857 1379 1895 quae
1406 1844 1590 1882 eiusmodi

56 1909 196 1942 extaret
231 1905 454 1956 (inquiunt).
491 1907 601 1944 facile
638 1920 727 1945 sane
764 1907 811 1945 ad
846 1908 951 1945 illam
987 1908 1103 1946 cuivis
1131 1908 1258 1945 liceret
1294 1909 1449 1946 omnino
1477 1922 1587 1960 quam

54 1969 223 2019 proxime
258 1970 445 2017 accedere,
479 1971 517 2009 in
545 1985 586 2009 ea
613 1972 849 2023 potissimum
879 1973 998 2011 nostri
1025 1986 1125 2011 nunc
1152 1975 1292 2021 tem-(7.
1323 1974 1485 2024 2²¹)poris
1514 1974 1587 2010 Ec-

57 2033 251 2070 clesiarum
286 2035 534 2082 restitutione,
583 2042 618 2074 et
654 2037 738 2074 tolli
775 2041 963 2087 praeterea
1000 2042 1153 2088 possent
1190 2051 1347 2087 magnae
1384 2038 1587 2076 multorum

55 2097 294 2136 dissidiorum
324 2112 368 2137 ac
394 2101 706 2150 praeiudiciorum
735 2103 962 2142 occasiones.
992 2106 1116 2154 Atque
1144 2103 1274 2140 haberi
1293 2103 1444 2154 quidem
1463 2104 1587 2141 sciunt

55 2162 185 2209 multa,
221 2163 290 2200 sub
328 2168 492 2202 veterum
521 2165 711 2204 Ecclesiae
737 2173 886 2217 patrum
916 2168 1080 2214 nomine,
1108 2182 1201 2219 quae
1230 2169 1302 2205 huc
1331 2182 1464 2217 magua
1491 2169 1585 2206 alio-

55 2227 119 2278 qui
155 2241 200 2265 ex
235 2232 340 2279 parte
374 2230 597 2280 pertineant,
625 2231 690 2269 sed
717 2245 759 2269 ea
787 2233 863 2270 fere
890 2233 1012 2270 obiter
1040 2234 1271 2285 carptimque
1297 2239 1448 2279 attacta,
1476 2239 1588 2286 atque

53 2292 106 2330 ita
141 2293 240 2331 varie
275 2294 387 2332 etiam
417 2295 647 2346 sparsimque
674 2300 848 2341 tractata,
874 2297 1014 2335 adhaec
1040 2299 1216 2349 pleraque
1242 2298 1479 2349 supposititia
1507 2312 1587 2337 esse

55 2357 194 2405 vident,
229 2363 272 2396 ut
308 2372 384 2397 non
421 2360 530 2398 facile
565 2374 603 2398 se
630 2361 830 2412 quisquam
858 2375 901 2400 ex
929 2362 1005 2400 illis
1033 2363 1217 2414 expediat,
1252 2364 1389 2400 nedum
1416 2369 1457 2401 ut
1486 2370 1585 2402 certa

55 2423 180 2474 aliqua
215 2436 260 2461 ex
297 2423 343 2461 iis
380 2424 502 2462 forma
538 2431 602 2463 aut
639 2426 752 2465 facies
789 2426 1044 2464 Ecclesiastici
1078 2428 1196 2465 totius
1234 2428 1430 2466 ministerii
1459 2430 1586 2479 colligi

53 2487 130 2524 ullo
167 2487 279 2525 modo
316 2488 396 2526 sine
433 2489 731 2528 contradictione
768 2492 1021 2542 constituique
1056 2493 1187 2542 possit.
1244 2492 1326 2542 Ego
1364 2506 1449 2530 vero
1487 2494 1584 2531 hanc

53 2551 166 2588 talem
193 2552 477 2602 querimoniam,
507 2566 583 2591 non
609 2553 774 2605 ineptam
802 2556 928 2600 modo,
957 2555 1021 2593 sed
1049 2556 1158 2606 plane
1187 2557 1315 2600 etiam,
1343 2556 1414 2594 hoe
1433 2558 1585 2608 potissi-

57 2607 163 2653 mum'
184 2621 362 2667 tempore,
389 2618 686 2668 superstitiosam
713 2632 792 2657 esse
820 2624 923 2671 puto.
952 2633 1069 2670 neque
1097 2626 1233 2658 temere
1259 2621 1297 2659 id
1325 2634 1345 2658 a
1374 2622 1513 2659 nostris
1531 2623 1584 2659 ita

54 2679 261 2717 maioribus
298 2681 419 2718 obiter
455 2682 610 2733 carptim
648 2683 820 2734 varieque
857 2697 900 2722 ac
927 2685 1087 2735 sparsim
1112 2685 1232 2722 literis
1261 2686 1477 2724 mandatum
1505 2700 1584 2724 esse

54 2747 190 2789 statuo,
235 2744 297 2782 sed
326 2745 507 2794 singulari
534 2747 782 2797 proculdubio
812 2748 959 2786 divinae
986 2749 1244 2799 providentiae
1275 2751 1446 2796 consilio,
1473 2755 1584 2802 atque

52 2820 132 2845 eam
167 2808 338 2859 inprimis
373 2810 465 2848 adeo
502 2812 550 2849 ob
580 2825 741 2859 causam,
769 2818 809 2851 ut
837 2814 945 2852 huius
973 2815 1118 2863 generis
1147 2816 1425 2867 quaerimoniae
1453 2828 1581 2855 omnes

52 2872 350 2913 retunderentur.
398 2879 454 2912 Ac
480 2876 652 2926 primuni,
680 2883 734 2915 est
763 2891 851 2915 sane
881 2878 950 2914 hoc
978 2878 1082 2916 extra
1111 2892 1260 2917 omnem
1289 2881 1581 2918 controversiam

1388 2944 1432 2981 1ἕί-
