1830 3147
244 74 305 121 [A.
332 73 377 110 D.
403 72 515 121 1552]
971 72 1040 111 674

286 184 312 223 ¹)
337 183 399 220 Sic,
422 184 458 213 ut
480 182 519 213 de
541 181 613 213 aliis
635 183 768 219 taccam,
791 181 962 213 Nicolaum
984 181 1147 213 Fui-stium
1169 184 1318 225 potenter
1334 183 1416 214 invit
1432 184 1495 224 (Cf.
1511 184 1652 221 STRYPE,
1677 184 1771 217 Mem.

242 237 284 278 of
304 237 427 268 Cranm.
451 236 477 268 I.
501 236 575 275 343)
599 237 630 266 et
653 235 897 266 Melanchthoni
921 235 1048 277 quidem
1073 235 1231 277 profuisse
1255 236 1392 275 videtur,
1427 237 1482 278 qui
1504 237 1542 268 ab
1566 240 1655 268 extra
1678 237 1774 278 epist.

243 303 317 324 suae
334 293 396 332 (ed.
413 292 513 333 Luqd.
531 291 607 323 Bac.
625 290 715 330 1647,
730 302 761 333 p.
784 292 859 331 321)
883 302 955 322 eum
970 294 1144 332 patronum
1165 302 1254 323 suum
1278 293 1441 324 colendum
1464 293 1654 326 intitulavit.
1676 294 1703 334 Ξ)
1721 294 1770 325 In-

242 347 326 379 dicia
348 347 500 389 pauciora
523 351 607 385 sunt,
631 358 726 388 quam
748 349 783 378 ut
806 357 922 378 nomen
944 346 1046 389 ipsius
1070 347 1279 389 expiscemur.

242 549 306 586 N⁰.
333 549 390 587 90.
1281 550 1349 595 [Aut.
1366 553 1388 583 in
1406 553 1461 587 ilas.
1478 552 1544 586 noct.
1563 553 1655 593 Aegidii
1668 551 1764 598 Saveh]

720 672 778 709 Ad
802 671 957 720 Princip.
982 673 1068 711 Nrc.
1095 673 1291 711 Ranzivn..

289 795 426 844 [Huius
459 794 599 831 litterae
624 793 830 841 autograph.
854 796 1056 830 recensetur
1088 793 1125 830 in
1160 816 1176 834 μ
1192 795 1372 841 Catatoque
1405 795 1503 830 fflune
1535 794 1703 830 collection
1729 794 1768 829 de

240 858 351 892 lettres
375 861 506 903 autoqr.
532 857 571 891 de
590 867 812 903 per-sonnayes
837 857 982 891 illustres
1006 857 1121 902 depuis
1146 858 1176 891 le
1199 856 1236 891 Χ
1241 856 1275 891 V
1295 856 1394 891 siecle
1417 859 1600 901 composcmt
1624 857 1655 891 le
1679 856 1767 891 cabi-

241 923 295 955 net
313 921 353 955 cle
383 919 448 955 Mr.
475 920 505 954 le
536 919 633 954 Doet.
660 919 719 954 Fr.
746 920 851 964 Eyiclz'
874 919 976 954 Succz·
999 920 1039 954 de
1063 918 1246 964 Boloqne,'’
1271 917 1411 954 divend.
1436 917 1731 953 Lutetiae-Paris.
1749 929 1769 952 a

241 979 383 1027 bibliop.
403 979 595 1015 Charavaio
620 992 666 1015 m.
685 978 817 1025 Aprilis
837 979 940 1014 1863.
967 977 1062 1014 Mala
1083 978 1227 1014 fortuna
1244 982 1361 1015 autem
1379 978 1410 1014 is
1427 979 1485 1014 eui
1501 978 1657 1014 litteram
1675 978 1783 1014 illam'

239 1042 403 1077 emtionis
429 1041 505 1077 iure
530 1040 614 1076 milii
639 1040 894 1088 procurandam
920 1040 1175 1083 mandaveram,
1201 1040 1314 1076 levius
1332 1040 1464 1077 obtulit
1481 1041 1644 1088 pretium,
1662 1053 1768 1088 quam

238 1102 440 1138 istiusmodi
464 1102 657 1150 pretiosum
684 1101 934 1137 documentum
967 1101 1044 1137 iure
1078 1101 1143 1137 sibi
1169 1101 1344 1137 vindicare
1374 1103 1525 1148 poterat,
1549 1101 1705 1148 adeoque
1729 1101 1767 1137 in

236 1164 321 1200 alias
347 1177 471 1199 manus
496 1176 549 1211 ep.
569 1163 722 1199 transiit.
748 1162 838 1198 Plus
856 1162 960 1199 semel
979 1162 1118 1209 quidem
1144 1163 1365 1198 Parisianum
1392 1162 1622 1211 Bibliopolam
1641 1163 1766 1199 Chara-

239 1226 368 1268 vaium,
393 1228 436 1261 ut
456 1225 679 1273 apographon
706 1224 830 1260 saltem
855 1224 940 1259 mihi
964 1225 1180 1270 procuraret,
1206 1224 1454 1260 officiosissime
1480 1227 1643 1272 precatus
1669 1238 1766 1261 sum:

237 1290 275 1323 at
300 1287 441 1334 quoties
467 1287 591 1334 scripsi
617 1286 725 1322 toties
750 1286 923 1333 repulsam
950 1285 1031 1328 tuli,
1057 1286 1172 1321 nescio
1199 1285 1295 1320 illius
1320 1298 1364 1321 ne
1389 1298 1434 1322 an
1460 1299 1543 1322 vero
1571 1286 1662 1322 beati
1688 1299 1766 1334 pos·

240 1348 383 1385 sessoris
402 1348 515 1395 culpa.
533 1347 632 1384 Nihil
649 1346 760 1393 igitur
780 1349 891 1382 restat
909 1359 1014 1392 quam
1041 1345 1149 1382 latine
1173 1346 1228 1382 hio
1253 1359 1438 1394 apponere,
1463 1360 1554 1395 quae
1578 1347 1701 1394 gallice
1725 1347 1768 1384 de

237 1411 303 1458 Ep.
329 1422 463 1446 summa
488 1409 524 1444 in
549 1408 710 1455 catalogo
735 1407 990 1443 indicabantur.

290 1471 381 1512 ..Nm
408 1472 488 1506 632.
520 1470 642 1506 Lasco
671 1469 853 1516 (Ioannes
887 1469 923 1515 a)
956 1469 1020 1516 Ep.
1046 1471 1184 1514 autogr.
1210 1467 1325 1515 sigillo
1352 1471 1475 1504 ornata
1499 1468 1543 1505 ad
1567 1469 1765 1516 Principem

240 1556 254 1573 Ι,
268 1532 454 1569 Nicolaum
472 1530 644 1574 RadziviL
662 1530 744 1566 data
760 1529 873 1565 Lond.
893 1530 938 1565 16
964 1529 1048 1565 Dec.
1077 1530 1179 1565 1552.
1207 1529 1269 1571 1¹12
1296 1529 1356 1564 fol.
1375 1529 1510 1565 Summi
1535 1529 1640 1577 pretii
1665 1529 1768 1576 epist.

241 1619 255 1635 a
271 1608 340 1642 qua
362 1593 551 1642 respondet
576 1593 618 1628 ad
645 1593 893 1628 invitationem
919 1590 984 1626 sibi
1019 1589 1172 1626 oblatam
1205 1590 1404 1626 revertendi
1433 1591 1470 1627 in
1505 1591 1699 1634 Poloniam,
1725 1593 1768 1626 ut

240 1656 405 1702 „Euangn
424 1656 459 1690 in
486 1654 599 1702 patria
625 1666 687 1689 sua
712 1652 938 1700 praedicaret.
991 1653 1123 1690 'Nemo
1157 1652 1293 1694 nescit,”
1325 1652 1454 1699 inquit,
1490 1675 1506 1692 a
1521 1655 1639 1688 habere
1663 1665 1711 1687 me
1735 1655 1768 1687 et

240 1730 390 1764 ,ssemper
409 1718 560 1752 habuisse
583 1718 699 1763 inqens
718 1715 854 1761 patriae
883 1725 971 1749 meae
1002 1713 1165 1748 serviendi
1196 1714 1401 1750 desiderium.
1449 1714 1547 1749 Haec
1573 1714 1771 1749 Celsixudini

241 1802 257 1819 n
272 1780 358 1815 Tuae
383 1779 533 1813 indicare
557 1778 654 1819 volui,
680 1776 767 1822 quod
788 1775 889 1811 audio
914 1785 1071 1809 rumorem
1087 1775 1212 1820 sparyi,
1232 1776 1319 1810 nolle
1335 1786 1383 1809 me
1395 1776 1543 1820 accipere
1558 1775 1766 1816 vocationem,

240 1863 255 1880 a
269 1853 363 1886 quam
389 1841 482 1887 reyz'cc
507 1840 660 1874 maiestas
684 1839 817 1884 defferre
841 1837 921 1872 mihi
945 1835 1198 1882 diqnarelurss']

240 2066 304 2102 ΝΟ.
330 2066 387 2102 91.
748 2064 862 2110 [onega
884 2067 906 2097 in
928 2067 980 2100 Ser.
997 2066 1079 2105 ligur.
1104 2066 1187 2099 nard.
1207 2077 1230 2099 s.
1246 2076 1268 2096 a.
1286 2064 1338 2097 il'ss.
1356 2063 1406 2097 47-2.
1423 2064 1551 2095 Carnam
1571 2075 1592 2097 v,
1608 2064 1676 2103 ingl.
1689 2062 1763 2107 wll]

812 2183 869 2219 Ad
895 2183 1189 2220 BULLJNGERUM.

284 2309 423 2346 Dabitis
457 2307 540 2344 mihi
576 2306 711 2343 veniam
746 2318 865 2342 omnes
896 2304 988 2347 istic,
1024 2303 1061 2339 in
1094 2302 1214 2350 primis
1249 2313 1330 2337 vero
1356 2303 1410 2345 tu,
1438 2299 1501 2335 Vir
1525 2298 1764 2336 sanctissime!

234 2373 328 2420 quod
355 2374 456 2407 tanto
482 2371 549 2406 iam
575 2374 730 2416 ‘tempore
756 2366 843 2403 nihil
868 2366 912 2402 ad
938 2377 1138 2412 quenquam
1157 2365 1314 2399 vestrum
1332 2361 1540 2410 scripserim.
1566 2361 1664 2397 Nihil
1682 2373 1763 2396 sane

234 2433 383 2470 decessit
418 2431 459 2467 de
485 2443 560 2467 mea
587 2442 668 2476 erga
694 2442 756 2464 vos
783 2430 820 2463 et
845 2429 998 2462 vestram
1024 2425 1215 2461 Ecclesiam
1252 2423 1475 2460 observantia
1501 2427 1536 2458 et
1562 2435 1623 2470 per
1648 2421 1763 2457 omnia

235 2494 416 2530 vobiscum
452 2493 487 2527 in
515 2491 666 2527 Domino
692 2489 783 2525 idem
822 2487 994 2523 sentimus
1020 2498 1156 2532 nosque
1181 2488 1306 2520 mutua
1332 2483 1511 2519 vobiscum
1536 2483 1764 2519 consensione

235 2556 398 2590 maiorem
425 2553 461 2588 in
489 2551 629 2588 modum
656 2549 889 2592 consolamur,
915 2548 974 2584 scd
999 2559 1141 2583 caussae
1165 2547 1232 2581 mei
1259 2545 1352 2581 tanti
1377 2545 1508 2593 silentii
1526 2544 1669 2579 fuerunt
1686 2555 1762 2588 gra·

235 2627 293 2650 ves
327 2613 494 2661 quaedam
530 2624 623 2648 meae
657 2610 940 2659 perturbationes
967 2611 1002 2644 et
1027 2619 1142 2650 curae,
1169 2619 1256 2653 quas
1283 2606 1364 2641 mihi
1391 2605 1564 2640 Dominus
1589 2615 1651 2650 pro
1678 2603 1766 2638 bona

235 2688 297 2711 sua
332 2675 463 2710 Divina
500 2673 687 2709 voluntate
722 2671 879 2713 immisit,
914 2681 1040 2715 meque
1077 2667 1247 2710 nonnihil,
1281 2667 1332 2702 illi
1367 2667 1414 2702 sit
1447 2665 1569 2712 gloria,
1595 2665 1764 2700 exercuit.

235 2735 370 2772 Deinde
405 2736 511 2770 etiam
538 2735 664 2770 turbae
702 2731 883 2780 quaedam,
918 2742 1006 2777 quas
1040 2730 1149 2765 Satan
1182 2729 1350 2764 adversus
1385 2740 1437 2763 me
1472 2729 1507 2762 et
1544 2728 1683 2761 nostras
1709 2726 1763 2761 hic

236 2796 408 2832 Ecclesias
433 2796 628 2831 concitavit
653 2797 689 2830 et
715 2794 908 2830 etiamnum
943 2791 1120 2828 concitare
1145 2803 1216 2826 non
1241 2792 1365 2825 cessat.

282 2857 456 2908 Quodque
480 2856 522 2892 ad
548 2856 831 2903 perturbationes
855 2865 948 2890 meas
973 2852 1117 2892 attinet,
1159 2851 1230 2886 seio
1258 2854 1293 2886 te
1320 2864 1387 2886 non
1416 2850 1535 2892 latere,
1571 2849 1761 2885 Dominum
