1830 3147
42 624 138 658 Deut.
161 624 214 658 12.

43 667 170 700 Ieremi.
194 667 224 701 7.

43 711 147 743 Math.
173 711 223 743 15.

43 753 120 787 Luc.
144 753 194 786 12.

42 795 137 839 Esay.
161 796 212 829 29.

44 1014 61 1045 1
86 1013 159 1046 Cor.
184 1014 213 1046 3.

44 1057 141 1090 Gene.
165 1058 194 1089 6.

43 1100 132 1132 Ioan.
155 1100 185 1138 1,
209 1099 239 1131 9.

43 1142 139 1176 Deut.
161 1144 190 1175 4.

44 1779 141 1814 Deut.
165 1782 194 1814 5.

45 1824 147 1856 Exod.
170 1824 198 1862 3,
222 1824 254 1858 4.

44 1866 127 1899 Deu.
149 1867 178 1904 4,
202 1866 231 1898 6.

44 1908 141 1950 Esay.
163 1909 193 1941 8.

45 1950 119 1982 Psa.
137 1951 222 1990 1‚19,
237 1951 306 1984 119.

44 1992 157 2027 Roma.
181 1994 210 2027 1.

44 2301 124 2341 Iere,
148 2301 199 2335 10.

43 2347 128 2378 Mac.
152 2346 182 2379 2.

43 2389 157 2420 Roma.
181 2388 210 2419 1.

46 2431 63 2461 1
82 2430 162 2468 JCor.
187 2430 238 2464 12.

44 2472 143 2504 Deut.
166 2472 217 2504 32.

43 2514 116 2546 Psa.
140 2514 190 2552 96,
215 2514 265 2548 10.

45 2557 63 2589 1
87 2556 161 2588 Cor.
184 2557 235 2589 10.

44 2600 164 2641 Apoca.
187 2599 215 2631 9.

46 2641 88 2672 Sa
113 2642 134 2674 i.
158 2641 209 2673 14.

47 2683 94 2715 Ga
109 2695 137 2717 a.
159 2683 189 2714 6.

334 116 406 152 366
808 125 983 155 omnen.
1012 126 1119 155 Eccr..
1147 126 1264 155 tono.

915 360 1054 399 Interr.
1084 363 1146 402 26.

382 419 516 460 Quid?
543 421 683 462 Nonne
710 423 790 463 Deo
799 423 918 474 igitur
927 428 1120 476 acceptum
1136 428 1192 464 est
1211 427 1328 476 (loa),
1347 424 1598 478 quodcunque
1607 426 1649 465 in
1659 425 1739 465 eius

330 484 513 525 honorem
532 487 725 537 faciamus,
745 489 845 528 bono
865 489 912 528 ad
932 489 971 527 id
992 489 1152 528 consilio
1171 493 1284 542 atque
1301 491 1438 543 pietate
1460 504 1547 530 vera
1564 491 1741 531 inducti?

975 554 1089 606 Resp.

381 615 542 656 Minime
579 631 681 659 sane.
735 619 849 658 Vetat
876 619 992 666 Deus,
1019 619 1127 671 quasi
1153 619 1298 658 idolum
1335 624 1444 668 esset,
1471 633 1622 660 omnem
1648 621 1740 660 reli-

327 679 480 730 gionem
513 695 625 734 quam
661 683 742 735 ipse
777 683 893 722 verbo
932 696 999 722 suo
1036 697 1115 722 non
1149 684 1317 723 instituit
1345 698 1465 738 neque
1491 685 1616 733 iussit,
1659 685 1741 725 vult

329 745 453 794 etiam,
479 750 522 785 ut
549 746 680 785 sedulo
708 746 868 786 vitemus
895 761 976 786 eam
1004 751 1117 800 atque
1143 747 1372 798 effugiamus.

917 813 1057 853 Interr.
1086 814 1148 854 27.

383 875 458 914 Cur
485 875 585 914 hoc?

977 943 1089 995 Resp.

380 1004 567 1057 Equidem
611 1006 668 1045 fas
712 1011 780 1053 est,
814 1021 884 1046 nos
921 1008 1036 1046 altam
1073 1008 1153 1046 eius
1190 1007 1440 1055 Maiestatem,
1475 1022 1552 1047 non
1590 1009 1740 1061 quidem

329 1070 435 1108 iuxta
490 1074 657 1109 nostram
711 1072 944 1111 voluntatem
990 1077 1103 1124 atque
1147 1073 1423 1124 beneplacitum
1471 1074 1591 1125 (quod
1637 1079 1742 1113 extra

331 1133 487 1173 Domini
524 1136 681 1174 verbum
719 1149 870 1175 coecum
905 1138 1017 1188 plane
1052 1141 1109 1176 est
1142 1142 1178 1176 et
1216 1139 1271 1176 nil
1307 1139 1380 1177 nisi
1409 1139 1547 1176 malum
1574 1140 1742 1191 proferre

330 1202 488 1251 potest),
525 1201 589 1239 sed
617 1202 723 1240 iuxta
751 1202 869 1254 ipsius
897 1204 1131 1242 voluntatem
1159 1207 1271 1255 atque
1299 1204 1454 1242 verbum
1484 1205 1605 1243 colere
1633 1209 1743 1257 atque

330 1265 510 1304 venerari.
548 1265 629 1304 Deo
666 1267 766 1304 enim
806 1280 927 1318 neque
951 1267 1132 1318 sapientia
1161 1264 1266 1317 (lob)
1303 1281 1424 1320 neque
1451 1269 1610 1307 facultas
1639 1269 1742 1308 deest

331 1328 493 1367 docendi
521 1343 603 1375 nos,
631 1331 810 1382 quicquid
838 1332 887 1369 ad
913 1335 1059 1370 rectum
1087 1332 1156 1370 Dei
1184 1332 1327 1371 cultum
1355 1332 1551 1384 pertineat.
1589 1333 1740 1371 Idcirco

332 1393 411 1432 Deo
448 1399 643 1446 acceptum
678 1409 758 1434 esse
795 1397 938 1448 nequit,
974 1397 1076 1448 quod
1102 1396 1182 1449 ipse
1209 1401 1322 1444 vetat,
1348 1398 1516 1450 adeoque
1543 1412 1564 1437 a
1593 1399 1742 1437 nemine

332 1458 372 1497 in
399 1459 477 1498 eius
506 1459 688 1499 honorem
717 1461 889 1500 adhiberi
916 1465 1053 1513 potest.

914 1526 1053 1566 Interr.
1082 1530 1143 1566 28.

382 1587 469 1627 Hoc
497 1602 645 1641 quoque
673 1603 717 1628 ex
744 1595 780 1629 te
809 1590 903 1630 scire
930 1591 1055 1639 velim,
1082 1605 1194 1643 quam
1223 1592 1272 1630 ob
1301 1605 1451 1631 eausam
1479 1592 1580 1632 Deus
1600 1596 1741 1633 statua-

330 1667 412 1692 rum
442 1655 583 1693 eultum
612 1656 798 1694 vetuerit?

978 1721 1091 1773 Resp.

380 1783 583 1835 Propterea
620 1785 720 1836 quod
747 1785 854 1824 iuxta
883 1786 1083 1824 essentiam
1112 1799 1217 1824 suam
1246 1789 1419 1826 aeternus
1447 1791 1517 1834 est,
1542 1789 1740 1827 immorta-

327 1848 389 1895 lis,
422 1849 817 1901 incomprehensibilis
858 1854 970 1902 atque
1005 1851 1224 1897 invisibilis,
1257 1853 1337 1890 vult
1374 1865 1443 1890 nos
1480 1853 1580 1904 apud
1617 1854 1740 1892 solum

330 1913 486 1952 verbum
524 1928 632 1953 suum
660 1928 824 1962 manere,
851 1916 886 1954 ei
912 1916 1044 1967 utique
1073 1916 1276 1962 attendere,
1304 1930 1388 1955 eum
1418 1931 1564 1970 semper
1590 1922 1626 1957 et
1652 1919 1741 1957 ubi-

329 1991 400 2028 que
438 1978 543 2016 cordi
579 1979 728 2025 habere,
763 1993 811 2018 ne
847 1983 992 2018 statuae
1028 1993 1097 2018 nos
1131 1980 1171 2019 in
1208 1980 1438 2020 oblivionem
1466 1982 1546 2020 eius
1574 1982 1740 2022 nominis

328 2042 512 2082 inducant
540 2057 660 2095 neque
688 2044 763 2082 sint
790 2043 902 2083 nobis
929 2044 1197 2096 impedimento
1225 2045 1265 2084 in
1294 2046 1398 2085 cultu
1424 2046 1554 2099 ipsius,
1582 2049 1687 2097 (11²¹)

915 2109 1053 2149 Interr.
1084 2113 1145 2149 29.

381 2174 433 2211 At
460 2186 537 2212 non
566 2173 685 2225 capi0‚
714 2187 787 2226 qua
814 2177 920 2226 parte
948 2178 1091 2213 statuae
1117 2178 1155 2214 te
1181 2174 1416 2227 impediant?

976 2239 1088 2291 Resp.

381 2303 492 2341 Nihil
527 2316 682 2355 prorsus
716 2308 784 2351 est,
820 2304 922 2356 quod
958 2305 1080 2355 magis
1117 2319 1187 2344 nos
1223 2320 1245 2344 a
1280 2306 1351 2345 Dei
1389 2306 1531 2345 honore
1565 2310 1601 2346 et
1636 2310 1737 2353 recta

330 2368 550 2417 cognitione
593 2369 770 2415 abducat,
816 2383 929 2420 quam
966 2374 1110 2409 statuae
1145 2371 1417 2411 idololatricae.
1473 2373 1600 2423 Quum
1636 2373 1737 2410 enim

331 2436 474 2471 statuas
511 2434 768 2485 contemplant
805 2435 988 2480 homines,
1023 2448 1131 2473 easve
1166 2435 1207 2474 in
1236 2436 1403 2474 animum
1430 2436 1626 2483 inducunt,
1652 2450 1736 2488 per-

329 2509 435 2534 versa
462 2497 509 2536 iis
538 2497 640 2536 subit
667 2498 809 2549 opiniO,
837 2512 932 2549 quae
959 2503 1081 2537 rectae
1110 2513 1291 2551 veraeque
1318 2500 1387 2538 Dei
1417 2500 1624 2549 cognitioni
1646 2514 1737 2539 con·

328 2561 445 2599 traria
481 2566 550 2601 est.
590 2562 717 2601 Quare
756 2563 950 2614 Scriptura
986 2577 1047 2602 eas
1085 2564 1255 2603 diabolos¹
1284 2569 1319 2603 et
1346 2566 1499 2617 laqueos
1526 2565 1738 2605 animarum

329 2628 365 2662 et
402 2629 556 2673 statuas,
585 2641 678 2678 quas
715 2628 858 2674 colunt,
892 2628 1147 2667 idololatriam
1184 2633 1220 2668 et
1256 2643 1350 2681 opus
1389 2630 1535 2668 carnale
1562 2631 1736 2682 appellat.

329 2689 442 2737 Nam,
470 2692 535 2742 qui
564 2696 705 2731 statuas
732 2692 855 2742 erigit,
881 2696 924 2731 ut
953 2693 1051 2732 colat
1069 2707 1144 2741 eas,
1171 2708 1213 2732 eo
1242 2695 1322 2745 ipso
1350 2698 1521 2740 testatur,
1549 2708 1587 2733 se
1614 2695 1736 2734 Deum

330 2751 457 2791 vivum
484 2767 504 2792 e
531 2755 643 2794 corde
670 2768 738 2795 suo
766 2768 942 2796 evocasse
969 2760 1006 2795 et
1032 2770 1134 2796 nune
1161 2757 1267 2807 (llb)
1294 2758 1348 2796 in*
1362 2761 1511 2809 pectore
1525 2771 1591 2797 suo
1612 2758 1736 2799 idolo-

331 2816 464 2856 latram
494 2830 586 2857 esse.
