1830 3147
1535 79 1577 111 25

44 187 129 226 ni'ca
166 186 419 226 Ecclesiarum
457 186 652 224 scissione.
705 186 830 236 Atque
866 186 1023 224 eandem
1051 188 1161 238 plane
1189 187 1424 225 sanctitatem
1453 190 1493 236 (Σ
1521 189 1582 236 5b)

42 252 147 291 hisce
180 253 345 304 ipsorum
384 250 542 288 floribus
580 249 794 297 tribuimus,
831 264 942 302 quam
983 252 1023 290 in
1058 253 1211 291 illorum
1247 252 1447 299 fructibus,
1483 253 1582 291 iusto

43 318 184 370 alioqui
220 317 290 355 Dei
326 315 482 360 iudidio,
521 314 700 361 videmus,
737 315 876 355 nedum
902 320 959 362 ut,
980 327 1092 368 'quae
1128 318 1385 356 recensuimus
1420 317 1583 357 absurda

49 383 176 421 omnia
212 381 405 432 multoque
441 381 547 432 plura
585 379 707 419 adhuc
742 394 807 432 per
843 380 914 419 Dei
940 381 1099 431 gratiam
1127 384 1373 433 proferemus,
1399 383 1446 421 ad
1471 384 1584 422 hosce

48 450 232 487 Catonum
267 451 483 485 nostrorum
521 446 631 486 flores
658 446 807 498 proprie
834 447 1020 497 pertinere
1048 447 1273 487 dubitemus.
1329 449 1370 486 Si
1398 462 1484 487 vero
1514 449 1584 487 sub

45 511 272 563 optimorum
317 509 453 547 florum
498 509 651 547 nomine
707 509 976 560 scripturarum
1012 510 1230 548 testimonia
1263 512 1455 560 intelligit,
1491 526 1586 564 quae

46 589 116 614 nos
153 574 325 613 videlicet
358 574 460 612 illius
494 573 635 612 iudicio
688 574 889 625 depravare
926 587 971 612 ac
1013 574 1162 613 demum
1199 575 1246 613 ad
1276 589 1407 615 causae
1435 582 1587 616 nostrae

46 640 285 680 commodum
322 639 543 690 detorquere
579 639 761 684 videmur,
795 639 834 677 id
872 653 960 678 sane
996 640 1044 678 ab
1081 640 1258 679 omnibus
1294 642 1334 679 in
1371 642 1585 681 universum

48 706 259 745 Catonibus
294 705 378 743 istis
414 705 607 743 immensis
652 705 784 743 iactari
831 705 1058 743 clamoribus
1095 706 1279 752 audimus,
1307 708 1372 744 sed
1399 712 1475 746 tam
1505 722 1588 747 vere

51 784 164 823 quam
190 770 334 821 reliqua
362 770 438 808 fere
466 769 603 815 omnia,
631 769 704 807 hoc
730 774 798 815 est,
824 773 866 808 ut
887 783 1077 821 nunquam
1098 770 1225 808 doceri
1242 772 1401 822 possint.
1430 772 1590 811 Faciunt

53 839 179 873 autem
215 834 288 871 hoc
323 833 538 880 artificiose,
565 833 880 884 quemadmodum
908 837 1017 871 antea
1045 847 1195 885 quoque
1224 834 1399 882 diximus,
1426 840 1466 874 ut
1494 850 1590 888 quo·

48 913 134 937 rum
164 899 272 950 culpa
301 911 339 936 se
365 898 515 950 ipsimet
541 898 661 936 teneri
702 911 838 948 negare
866 898 1158 950 haudquaquam
1185 904 1356 950 possunt,
1383 914 1424 938 ea
1452 901 1489 939 in
1520 915 1589 940 nos

50 968 265 1015 retorquere
294 963 464 1000 homines
492 963 680 1013 ingeniosi
709 967 903 1009 conentur,
929 964 1132 1014 quominus
1160 978 1226 1002 sua
1254 965 1365 1004 nobis
1385 966 1592 1017 approbare

51 1033 246 1078 cogantur.
277 1027 464 1079 Equidem
491 1028 531 1065 in
559 1028 738 1066 omnibus
767 1028 1007 1078 dogmatibus
1038 1029 1170 1067 ordine
1199 1043 1265 1068 suo
1293 1032 1592 1082 propugnandis,

50 1092 89 1130 id
117 1091 290 1143 inprimis
319 1091 510 1129 observari
538 1091 644 1135 solet,
670 1095 725 1136 ut,
753 1105 847 1142 quae
874 1092 1090 1130 affirmanda
1108 1093 1344 1145 suscipimus,
1363 1100 1449 1133 ante
1466 1096 1592 1134 omnia

54 1155 352 1208 comprobemus,
378 1155 594 1207 priusquam
621 1155 666 1194 ad
695 1155 855 1193 aliorum
883 1156 1115 1195 obiectiones
1141 1158 1359 1196 refutandas
1387 1159 1591 1199 veniamus.

53 1222 147 1260 Cum
175 1220 289 1270 igitur
319 1221 479 1259 Catones
509 1220 630 1258 nostri
664 1221 977 1272 propugnandam
1015 1222 1087 1259 sibi
1115 1227 1265 1261 sumant
1294 1225 1494 1262 confictam
1522 1224 1590 1262 sub

52 1289 191 1337 papatu
228 1286 459 1337 corporalem
496 1288 535 1334 (δ
565 1287 624 1333 6³)
662 1285 701 1323 in
738 1299 833 1337 pane
871 1299 1006 1324 coenae
1043 1288 1226 1325 naturalis
1256 1288 1396 1327 Christi
1426 1289 1593 1341 corporis

52 1351 299 1402 praesentiam
327 1355 363 1389 et
391 1351 721 1389 manducationem
747 1373 798 1380 —
818 1352 891 1390 nisi
919 1353 1021 1403 quod
1040 1366 1121 1390 eam
1142 1353 1241 1404 Papa
1260 1367 1326 1405 per
1345 1368 1448 1392 suam
1466 1362 1592 1393 trans·

57 1416 422 1460 substantiationem,
457 1416 522 1454 isti
558 1429 644 1453 vero
682 1429 745 1467 per
774 1429 913 1455 novum
942 1418 1068 1455 nescio
1097 1418 1199 1469 quod
1227 1418 1500 1458 delitescentiae
1527 1434 1593 1470 ge-

57 1493 127 1517 nus
155 1480 250 1517 tucri
279 1480 409 1518 volunt
435 1502 486 1509 —
506 1480 597 1518 haec
619 1494 707 1518 sane
727 1481 802 1519 illis
821 1481 1011 1520 evidenter
1030 1483 1226 1533 probanda
1245 1489 1354 1529 esset,
1374 1485 1593 1536 priusquam

58 1544 285 1583 descendant
320 1545 368 1583 ad
398 1549 545 1584 nostras
574 1546 657 1597 (qui
683 1546 787 1584 illam
815 1547 1100 1598 impugnamus)
1129 1547 1371 1588 obiectiones.
1427 1551 1594 1602 Cumque

57 1611 179 1648 sontes
213 1610 292 1648 eius
332 1624 419 1648 suae
447 1611 677 1661 praesentiae
714 1611 754 1649 in
782 1611 907 1649 verbis
935 1612 1093 1658 Coenac,
1122 1613 1434 1664 quemadmodum
1464 1620 1500 1653 et
1526 1629 1593 1667 pa·

58 1675 188 1725 pistae,
225 1679 519 1722 commonstrare
556 1680 750 1723 conentur,
785 1677 850 1714 illa
886 1677 998 1715 nobis
1036 1691 1124 1716 sane
1161 1683 1246 1717 ante
1273 1679 1398 1718 omnia
1426 1680 1525 1719 nude
1552 1695 1596 1719 ac

58 1739 276 1791 simpliciter
311 1753 496 1791 exponere
533 1740 732 1786 debebant,
759 1745 1004 1793 posteaquam
1034 1743 1240 1781 clarissima
1268 1757 1349 1783 esse
1380 1745 1533 1793 iactant,
1560 1752 1596 1785 et

58 1804 207 1856 quidem
245 1805 349 1843 iuxta
389 1806 557 1843 omnium
593 1806 859 1857 particularum
897 1806 1079 1852 ordinem,
1113 1809 1383 1861 ostendereque
1409 1810 1455 1848 ad
1483 1825 1594 1862 quem

60 1869 214 1907 modum
248 1869 354 1908 iuxta
389 1884 498 1909 usum
537 1872 758 1909 familiarem
795 1876 906 1923 atque
948 1873 1164 1911 unanimem
1202 1874 1408 1926 scripturae
1437 1889 1594 1915 consen-

59 1948 139 1972 sum
169 1948 236 1986 pro
273 1935 364 1986 ipsis
403 1936 555 1975 faciant.
610 1937 692 1974 Nos
721 1937 822 1975 enim
851 1937 1155 1977 constantissime
1182 1953 1361 1988 negamus
1390 1941 1487 1979 ullos
1515 1955 1596 1980 om-

61 1998 151 2036 nino
190 2000 312 2038 fontes
342 2001 546 2051 corporalis
573 2001 687 2039 ullius
716 2002 947 2052 praesentiae
973 2003 1010 2040 in
1041 2003 1165 2041 verbis
1193 2003 1268 2042 illis
1297 2010 1434 2049 extare,
1460 2006 1595 2044 nedum

65 2069 105 2102 ut
140 2077 185 2102 ex
221 2064 296 2102 illis
333 2066 390 2102 vel
416 2065 598 2116 papistica
635 2066 1009 2104 transsubstantiatio
1047 2067 1104 2105 vel
1133 2068 1319 2106 Catonum
1347 2069 1504 2108 istorum
1534 2071 1597 2108 de·

61 2127 270 2166 litescentia
316 2141 400 2166 cum
439 2129 637 2180 corporali,
672 2143 783 2181 quam
814 2134 996 2176 statuunt,
1032 2131 1322 2170 manducatione
1359 2133 1485 2184 colligi
1521 2135 1597 2172 ullo

65 2193 175 2230 modo
203 2193 336 2244 possit.
383 2194 506 2244 Atque
534 2195 729 2245 proferunt
757 2195 907 2246 quidem
935 2196 1078 2246 aliquas
1108 2196 1306 2234 verborum
1335 2198 1486 2236 illorum
1515 2212 1600 2238 coc-

63 2270 132 2295 nae
158 2257 496 2308 interpretationes,
532 2258 596 2295 scd
625 2272 718 2309 quae
746 2272 865 2309 neque
893 2264 980 2297 sunt
1007 2260 1129 2297 nudae
1165 2274 1207 2298 ac
1236 2261 1436 2313 simplices,
1472 2265 1600 2315 quales

63 2322 205 2373 alioqui
234 2322 361 2360 haberi
390 2327 561 2374 oportere
590 2324 706 2372 cla-(3
719 2324 899 2371 6¹³)mant,
926 2329 961 2362 et
989 2329 1076 2363 sunt
1102 2330 1288 2376 praeterea
1318 2327 1513 2379 scripturis
1539 2329 1600 2367 in-

65 2392 189 2425 suetae
223 2388 406 2439 planeque
448 2392 608 2433 coactae,
644 2393 853 2439 pugnantes
881 2394 1069 2441 praeterea
1107 2403 1190 2428 cum
1227 2391 1315 2429 fidei
1352 2394 1540 2444 analogia,
1567 2399 1603 2434 ct

64 2466 158 2504 quae
184 2453 355 2492 unanimi
383 2453 590 2505 scripturae
619 2467 803 2493 consensu
832 2456 1031 2507 approbari
1062 2470 1139 2494 non
1165 2462 1336 2509 possunt.

120 2518 196 2556 Hic
231 2518 348 2568 igitur
385 2518 521 2556 sistant
548 2519 735 2570 paulisper
763 2520 921 2569 gradum
950 2520 1111 2558 Catones
1140 2521 1261 2559 nostri
1289 2526 1324 2560 et
1353 2522 1441 2560 hinc
1471 2537 1509 2561 se
1537 2538 1602 2562 ex-

66 2582 217 2633 plicent,
243 2582 457 2634 priusquam
487 2583 559 2620 alia
587 2583 791 2633 attingant.
830 2584 930 2622 Nam
959 2585 1027 2622 etsi
1054 2598 1118 2636 per
1147 2599 1215 2624 nos
1244 2586 1339 2624 nihil
1366 2588 1605 2635 obiiceretur,

68 2650 132 2683 aut
167 2645 278 2682 etiam
314 2650 464 2683 nostrae
500 2645 730 2685 obiectiones
768 2661 896 2686 omnes
932 2649 1186 2688 refutarentur
1213 2652 1333 2702 (quod
1361 2656 1484 2690 tamen
1513 2667 1603 2691 nus-

68 2722 181 2759 quam
208 2709 406 2757 videmus),
433 2710 602 2748 nondum
629 2710 781 2748 interim
809 2712 980 2749 doctrina
1006 2713 1172 2764 ipsorum
1202 2716 1392 2761 subsistet,
1410 2717 1483 2754 nisi
1501 2718 1604 2755 illius

69 2773 192 2811 fontes
227 2773 413 2824 perspicui
448 2774 488 2812 in
522 2775 635 2812 verbo
672 2774 742 2813 Dei
776 2782 1131 2817 commonstrentur.
1187 2779 1259 2817 Sed
1294 2780 1354 2817 hic
1391 2780 1464 2819 sibi
1490 2782 1606 2833 probe

72 2840 233 2877 Catones
269 2840 389 2877 nostri
426 2846 558 2879 cavent
593 2844 630 2879 ct
668 2842 894 2881 coacervatis
932 2843 1179 2895 undecunque
1207 2844 1458 2895 sartaginibus
1486 2846 1606 2884 aliena

75 2903 306 2945 calumniari,
334 2918 444 2955 quam
473 2919 538 2943 sua
567 2906 737 2956 probare,
766 2907 920 2946 malunt.
