1830 3147
1599 65 1672 103 231

122 199 234 238 quem
261 185 392 230 alium,
420 184 452 222 si
479 187 583 221 tanta
612 195 717 221 mora
747 181 859 219 noxia
889 193 969 218 esse
999 180 1318 229 videa-(524)tur.
1373 179 1422 217 In
1451 191 1526 230 quo
1556 181 1665 217 coetu

121 251 161 290 id
197 250 372 303 inprimis
408 250 545 299 agitur,
582 252 624 286 ut
662 247 856 285 doctrinae
892 246 1038 299 puritas
1076 259 1359 297 consensusque
1394 244 1601 289 unanimis,
1629 248 1666 282 et

121 315 220 354 vitae
246 317 336 355 item
363 314 533 367 probitas
561 317 675 365 atque
702 311 1029 363 integritasinter
1059 311 1271 357 Ministros‚
1302 310 1477 349 Seniores
1504 323 1548 348 ac
1576 309 1668 347 Dia-

122 394 239 420 conos
276 381 388 418 simul
424 392 553 417 omnes
594 378 814 416 observetur
841 382 877 416 et
906 376 1156 415 custodiatur.
1209 376 1357 414 Primus
1385 383 1512 414 autem
1537 375 1669 414 istius-

123 447 226 485 modi
261 451 389 485 coetus
425 446 586 483 habetur
621 457 749 482 mense
788 444 941 489 Martio,
977 442 1144 481 secundo
1182 441 1242 479 die
1278 442 1383 480 Iovis
1418 441 1534 488 illius,
1577 442 1672 479 alter

123 526 210 552 vero
255 512 420 551 secundo
469 511 529 549 die
565 511 669 548 Iovis
707 510 747 548 in
785 522 913 548 mense
950 508 1078 553 Iunio,
1112 507 1247 546 tertius
1273 507 1365 545 item
1393 507 1453 546 die
1480 507 1585 545 Iovis
1613 520 1671 545 se-

125 578 249 617 cundo
293 579 333 616 in
378 591 506 616 mense
541 576 773 628 Septembre,
808 585 844 614 et
880 580 1036 627 quartus
1073 573 1134 612 die
1168 574 1273 611 Iovis
1316 574 1482 612 secundo
1519 574 1559 612 in
1595 573 1672 611 De-

124 644 284 683 cembre.
338 644 517 682 Proximo
554 647 679 680 autem
725 643 783 680 die
821 641 920 679 Solis
947 644 1035 679 ante
1063 639 1278 692 praedictos
1307 639 1420 677 hosce
1449 639 1672 691 disciplinae

122 709 222 748 inter
252 703 451 748 Ministros
490 707 746 746 observandae
783 707 861 745 dies
899 710 1073 754 monetur
1119 704 1199 743 eius
1234 704 1289 742 rei
1333 705 1374 742 in
1401 704 1554 756 publica
1583 717 1674 743 con-

125 775 233 813 cione
258 779 341 814 tota
368 774 540 813 Ecclesia
569 778 605 813 et
634 778 816 824 rogantur
844 774 980 811 fratres
1008 773 1049 810 in
1078 771 1249 809 Ecclesia
1277 783 1422 817 omneS‚
1448 774 1502 817 ut,
1533 771 1564 808 si
1591 771 1676 821 quis

125 842 296 888 omnino,
332 842 390 879 vel
424 841 466 879 in
495 841 682 887 doctrina,
711 840 769 877 vel
797 840 836 877 in
866 839 942 877 vita
973 838 1252 884 Ministrorum,
1285 836 1486 874 Seniorum
1514 849 1558 874 ac
1585 836 1678 874 Dia-

121 912 321 952 -conoruin,
357 907 501 959 aliquid
541 907 616 944 ullo
655 905 767 943 modo
805 905 985 957 requirat,
1022 907 1088 942 aut
1125 916 1342 955 quenquam
1379 902 1533 939 illorum
1560 902 1677 940 ullius

124 973 178 1011 rei
224 973 378 1010 nomine
413 971 695 1010 admonendum
733 969 1131 1021 reprehendendumve
1169 982 1250 1007 esse
1285 972 1404 1020 putet,
1437 967 1478 1005 id
1514 971 1556 1005 ut
1592 971 1679 1005 ante

126 1039 400 1090 praescriptum
438 1038 536 1076 diem
574 1038 679 1075 Iovis
714 1037 823 1075 illum
860 1036 974 1074 alicui
1012 1049 1031 1073 e
1061 1035 1287 1074 Senioribus
1316 1033 1459 1072 indicet
1486 1034 1527 1071 in
1556 1033 1679 1071 chari-

125 1108 203 1142 tate
247 1108 284 1142 et
326 1104 502 1142 libertate
546 1103 778 1146 Christiana,
815 1106 856 1140 ut
892 1102 966 1140 hoc
1000 1101 1126 1152 ipsum
1163 1114 1229 1152 per
1265 1100 1454 1138 fraternas
1489 1099 1529 1137 in
1569 1104 1678 1137 coetu

127 1169 192 1207 illo
236 1168 516 1208 admonitiones
555 1169 693 1218 corrigi
723 1168 763 1206 in
793 1172 961 1219 tempore
988 1167 1123 1219 possit.
1178 1166 1266 1204 Hoc
1295 1180 1385 1204 sane
1412 1180 1492 1204 esse
1520 1166 1681 1204 officium

125 1235 294 1273 omnium
332 1223 587 1273 membrorum
618 1233 958 1283 Eccle-(525)siae‚
984 1237 1028 1272 ut
1057 1232 1229 1271 omnium
1259 1231 1580 1270 clandestinarum
1610 1232 1680 1268 ob-

127 1301 397 1339 trectationum
434 1314 478 1338 ac
506 1301 851 1339 murmurationum
880 1299 1059 1338 adversus
1088 1298 1291 1351 Ministros
1319 1298 1359 1335 in
1380 1298 1554 1335 Ecclesia
1570 1310 1681 1335 occa-

129 1366 254 1405 siones
292 1380 423 1404 omnes
461 1366 659 1405 tollantur.
700 1365 903 1416 'Quisquis
941 1365 1054 1411 enim,
1101 1377 1178 1402 non
1215 1363 1422 1402 admonitis
1458 1363 1537 1400 ulla
1566 1363 1611 1400 de
1639 1376 1678 1400 re

130 1431 365 1477 Senioribus,
404 1431 672 1469 Ministrorum
711 1431 887 1482 deinceps
927 1430 1202 1481 Seniorumque
1239 1442 1283 1466 ac
1323 1428 1583 1466 Diaconorum
1621 1428 1679 1465 vel

130 1497 341 1536 doctrinam
381 1498 438 1536 vel
467 1498 581 1535 vitain
612 1497 863 1535 nibilominus
899 1497 939 1534 in
969 1496 1141 1534 Ecclesia
1168 1495 1395 1539 traduceret,
1422 1495 1454 1532 is
1485 1495 1574 1532 sane
1602 1507 1680 1533 non

125 1563 215 1609 alio,
251 1577 362 1614 quam
401 1563 676 1615 perturbatoris
713 1575 757 1600 ac
792 1561 1081 1600 murmuratoris
1117 1561 1203 1598 loco
1241 1574 1261 1598 a
1289 1561 1474 1613 fratribus
1503 1552 1682 1598 omnibus

130 1629 325 1668 habendus
371 1634 480 1668 esset.
535 1620 693 1667 Interim
731 1633 871 1675 tamen,
919 1641 966 1666 ne
1003 1628 1206 1679 quisquam
1242 1627 1360 1665 ullam
1398 1626 1681 1665 accusationem

129 1696 275 1734 adferat
335 1696 515 1734 adversus
567 1708 782 1747 quenquam
842 1694 1109 1732 Ministrorum
1164 1693 1271 1732 verbi
1325 1692 1573 1731 Seniorumve
1617 1695 1682 1731 aut

127 1761 240 1799 etiarn
279 1760 541 1799 Diaconorum
579 1761 749 1805 omnino,
785 1759 858 1798 nisi
900 1760 1004 1797 illam
1034 1759 1197 1797 duorum
1225 1763 1290 1796 aut
1318 1758 1433 1796 trium
1461 1757 1681 1796 testimonio

129 1827 370 1879 comprobari
405 1840 516 1879 posse
553 1827 661 1873 sciat,
697 1826 763 1877 qui
800 1825 1019 1877 praesertim
1059 1828 1122 1862 aut
1159 1837 1178 1862 e
1221 1825 1380 1862 fratrum
1426 1837 1584 1861 numero
1613 1836 1673 1860 es-

128 1898 224 1939 sent,
260 1898 324 1932 aut
361 1893 504 1944 alioqui
540 1893 594 1931 ita
630 1893 825 1943 inculpate
860 1891 1044 1938 viverent,
1081 1894 1121 1929 ut
1159 1890 1204 1928 de
1231 1890 1305 1928 fide
1332 1890 1487 1931 illorum
1517 1889 1683 1927 dubitari

128 1950 205 1998 nori
240 1963 382 2011 posset.
437 1959 638 1997 Prohiberi
674 1958 774 1996 enim
813 1971 832 1995 a
868 1957 1001 2013 Paulo,
1038 1970 1086 1994 ne
1123 1956 1223 1994 ullae
1261 1956 1442 1994 adversus
1482 1954 1681 1992 Ministros

129 2026 321 2064 Ecclesiae
357 2025 619 2063 accusationes
658 2024 921 2068 admittantur,
949 2022 1023 2060 nisi
1052 2022 1123 2060 sub
1154 2026 1256 2060 certo
1285 2021 1447 2059 duorum
1476 2025 1538 2058 aut
1565 2020 1680 2058 trium

131 2092 348 2130 testimonio
371 2093 415 2139 ¹).
446 2091 502 2129 De
531 2091 602 2128 hoc
629 2091 682 2127 ita
711 2093 887 2127 monetur
915 2088 1067 2139 publice
1095 2091 1175 2126 tota
1203 2087 1374 2125 Ecclesia
1397 2087 1457 2124 die
1476 2085 1576 2123 Solis
1592 2098 1680 2137 pro-

131 2157 234 2195 ximo
271 2162 358 2195 ante
393 2157 503 2194 illum
541 2157 639 2194 diem
676 2156 796 2199 Iovis,
822 2153 1082 2193 observandae
1120 2153 1219 2191 inter
1255 2152 1457 2190 Ministros
1485 2151 1679 2189 Ecclesia·

131 2222 245 2260 sticae
274 2221 496 2273 disciplinae
524 2221 771 2259 destinatum.
802 2220 940 2258 Postea
968 2232 1058 2258 vero
1086 2231 1199 2270 quam
1227 2217 1272 2256 ad
1304 2217 1552 2255 constitutum
1582 2215 1681 2254 diem

129 2289 238 2326 illum
267 2287 371 2325 Iovis
402 2287 586 2331 Ministri,
613 2288 727 2336 (526)
759 2286 936 2324 Seniores
974 2298 1018 2323 ac
1047 2284 1211 2322 Diaconi
1239 2297 1370 2322 omnes
1407 2286 1681 2328 convenerunt,

131 2359 212 2391 tum
239 2366 338 2390 unus
365 2366 384 2391 e
413 2351 519 2390 verbi
548 2351 738 2389 Ministris
768 2350 942 2388 hortatur
972 2362 1103 2387 omnes
1132 2349 1181 2387 ad
1209 2348 1330 2387 divini
1359 2348 1526 2386 nominis
1545 2347 1680 2385 seriam

130 2417 421 2464 invocationem,
456 2417 610 2469 ipseque
648 2416 733 2455 aliis
777 2414 1080 2455 auscultantibus
1117 2417 1292 2467 precatur
1329 2413 1376 2452 ad
1406 2413 1508 2451 hunc
1535 2417 1602 2451 aut
1630 2413 1681 2451 si-

132 2486 261 2524 milem
288 2484 465 2522 modum:

185 2616 415 2654 Precatio
452 2615 500 2653 in
537 2618 680 2653 coetu
720 2604 1072 2652 Ministrorum
1107 2612 1239 2651 circa
1277 2611 1582 2664 disciplinae
1609 2612 1679 2650 in-

132 2687 205 2720 ter
232 2682 362 2733 ipsos
390 2679 697 2733 peculiarem
725 2678 1151 2718 observationem.

188 2831 205 2848 n
217 2813 381 2858 Domine
409 2813 522 2859 Deus,
548 2812 603 2851 fili
634 2811 703 2851 Dei
728 2811 802 2849 vivi
821 2811 1025 2864 unigenite,
1044 2812 1132 2855 Iesu
1152 2811 1319 2850 Christe!
1348 2813 1413 2864 qui
1433 2825 1502 2851 nos
1524 2811 1680 2855 miseros

169 2942 194 2981 ¹)
219 2941 236 2972 1
261 2941 343 2974 Tim.
370 2943 397 2976 5.
