1830 3147
1560 89 1604 125 la

68 199 263 236 Caeterum
293 211 366 236 non
396 201 452 235 cst
479 210 580 235 nunc
608 197 773 236 instituti
802 198 922 235 nostri
950 198 1021 235 ista
1049 198 1234 249 persequi,
1259 201 1406 236 tantum
1435 197 1528 235 haec
1555 199 1605 235 ita

62 264 246 314 attingere
282 263 411 315 paucis
446 262 562 308 volui,
605 266 647 300 ut
683 275 813 300 omnes
848 261 1066 311 intelligant
1101 262 1347 301 vanissimum
1384 275 1476 308 csse,
1503 264 1602 314 quod

61 328 219 367 fartores
245 329 310 367 isti
337 341 487 367 suarum
516 328 748 377 farraginum
777 328 822 366 de
851 327 1023 366 convicta
1059 329 1197 366 erroris
1232 329 1400 380 adeoque
1435 332 1471 367 et
1499 329 1604 366 dam-

59 398 148 432 nata
176 398 306 431 nostra,
334 393 518 440 doctrina,
541 397 577 431 et
605 393 757 444 quidem
785 393 963 442 legitimis
991 393 1246 431 Ecclesiarum
1274 394 1438 440 iudiciis,
1455 407 1603 443 nugan-

59 462 132 498 tur.
160 458 311 496 Iactant
328 458 416 496 item
436 460 472 496 et
492 461 717 495 conventum
738 457 763 494 S
776 457 827 494 ch
841 456 1140 494 malcaldien
1153 470 1266 503 sem,
1286 457 1349 495 sed
1370 459 1409 495 in
1429 470 1502 508 quo
1519 460 1604 495 tan-

61 524 216 562 tundem
245 523 398 570 habent,
425 523 526 575 quod
554 523 600 561 de
629 522 822 561 doctrinae
850 526 1001 560 nostrae
1028 523 1075 572 (γ
1104 524 1163 570 6²²)
1185 523 1497 569 condemnatione
1516 536 1604 574 pro-

63 589 159 626 ferre
184 580 342 640 possint.
373 588 538 626 conatus
567 587 716 638 quidem
745 593 800 625 est
827 587 907 625 illic
934 587 991 625 vir
1018 591 1169 625 sanctae
1195 588 1397 626 memoriae
1426 587 1604 626 Marti-

64 666 151 691 nus
179 653 422 697 Bucerus,
448 652 646 704 productis
674 652 901 704 quibusdam
929 652 1080 690 dicendi
1098 644 1283 697 formulis,
1303 653 1603 692 conciliationem

62 730 250 769 quaerere,
277 717 354 762 sed,
383 730 468 756 cum
493 731 634 769 paucos
660 722 876 756 nostrarum
901 718 1065 769 partium
1092 717 1221 756 adesse
1249 718 1402 765 videret,
1429 731 1507 756 rem
1523 732 1605 756 orn-

62 795 147 819 nem
185 781 225 819 in
262 782 364 819 aliud
400 786 548 834 tompus
588 783 768 833 suspendi
805 782 962 827 curavit,
998 783 1099 820 facta
1138 782 1291 820 interim
1329 783 1606 822 conciliationis

63 860 140 898 spe,
167 847 199 885 si
225 852 371 898 praeter
398 849 645 898 Augusta-nae
674 848 922 886 confessionis
951 848 1072 899 capita
1099 848 1197 886 nihil
1223 848 1445 897 exigeretur.
1501 849 1606 887 Quid

63 923 151 948 vero
179 914 215 948 et
243 911 304 948 hic.
331 915 399 956 est,
427 912 597 957 obsecro,
633 912 736 963 quod
765 912 975 950 doctrinam
1004 916 1172 950 nostram
1200 912 1277 950 ullo
1305 913 1420 951 modo
1448 913 1604 951 damna-

63 980 140 1014 tam
168 989 260 1022 esse,
288 976 404 1015 videri
431 977 579 1028 possit?
617 977 666 1015 Et
694 981 819 1015 tamen
845 977 1062 1015 istiusmodi
1090 978 1203 1016 fumis
1239 978 1390 1029 cxplcnt
1417 992 1503 1016 suas
1530 979 1607 1016 far-

62 1040 210 1090 ragines
248 1042 410 1080 Catones
446 1042 580 1087 nostri,
607 1055 654 1080 ne
683 1042 779 1080 nihil
807 1042 980 1081 videlicet
1008 1043 1146 1080 habere
1175 1043 1385 1088 videantur,
1413 1057 1486 1095 quo
1518 1057 1606 1082 cau-

68 1119 148 1144 sam
175 1119 295 1152 suam,
321 1107 397 1144 iam
424 1107 567 1158 alioqui
594 1108 856 1154 inclinantem,
883 1112 1106 1148 sustentent.
1155 1109 1349 1147 Caeterum
1377 1109 1452 1147 illis
1481 1123 1611 1161 super-

65 1175 120 1210 est
155 1171 279 1210 adhuc
316 1173 429 1210 Sacra
472 1173 593 1224 (quod
635 1173 789 1222 dicitur)
826 1174 1018 1219 Anchora,
1055 1174 1281 1224 Augustana
1319 1175 1529 1222 confessi03
1559 1176 1607 1213 ad

68 1236 165 1275 hanc
200 1237 314 1282 enim,
345 1237 414 1275 ubi
450 1238 547 1276 nihil
583 1238 685 1276 aliud
713 1243 893 1290 superest,
920 1252 1109 1277 recurrere
1148 1240 1270 1278 solent
1306 1245 1343 1279 et
1379 1241 1477 1279 tanti
1503 1242 1609 1279 illam

67 1302 224 1349 faciunt,
263 1307 302 1341 ut
336 1316 414 1341 non
451 1303 575 1342 desint
610 1304 708 1342 inter
744 1304 861 1356 ipsos,
889 1309 925 1343 et
952 1305 1104 1356 quidem
1133 1319 1211 1344 non
1239 1306 1432 1357 postremi,
1459 1308 1525 1358 qui
1554 1307 1611 1345 di-

70 1371 169 1412 cant,
200 1381 237 1405 se
264 1369 375 1406 malle
404 1368 449 1406 de
476 1369 586 1406 Pauli
612 1368 730 1420 ipsius
760 1370 949 1421 Apostoli,
977 1384 1091 1421 quam
1120 1371 1179 1408 vel
1206 1370 1252 1408 de
1280 1371 1451 1418 Lutheri,
1478 1372 1536 1410 vel
1565 1373 1610 1410 de

68 1433 315 1472 confessionis
342 1435 586 1483 Augustanae
615 1435 787 1473 doctrina
816 1436 1001 1475 dubitare.
1058 1436 1140 1474 Nos
1171 1450 1257 1474 vero
1287 1437 1496 1475 doctrinam
1527 1441 1608 1476 Au-

70 1502 253 1548 gustanae
282 1500 543 1545 confessionis,
571 1505 612 1538 ut
640 1500 832 1547 debemus,
859 1501 1012 1552 plurimi
1040 1502 1211 1548 facimus,
1240 1502 1303 1541 sed
1334 1517 1416 1541 cum
1439 1504 1610 1542 doctrina

70 1562 293 1614 Prophetica
329 1568 441 1615 atque
477 1565 698 1616 Apostolica
735 1578 812 1603 non
841 1569 1026 1617 aequa-(7
1056 1567 1216 1615 ssb)mus,
1244 1581 1364 1618 neque
1391 1568 1469 1606 ullo
1498 1570 1612 1606 modo

68 1628 302 1678 aequandam
339 1642 420 1667 esse
456 1629 645 1681 putamus.
699 1630 858 1668 Interim
894 1635 1020 1669 tamen
1049 1644 1126 1670 non
1155 1632 1337 1679 videmus,
1364 1633 1546 1683 quidnam
1573 1635 1611 1672 in

71 1697 313 1732 eontroversa
341 1694 412 1732 hac
441 1708 505 1732 sua
535 1694 792 1733 delitescentia
821 1696 999 1734 adversus
1028 1701 1196 1734 nostram
1225 1697 1438 1735 doctrinam
1465 1712 1510 1736 ex
1531 1700 1612 1750 ipsa

69 1760 292 1808 Augustana
321 1759 556 1798 confessione
583 1761 750 1811 proferre
777 1761 935 1811 possint.
982 1761 1109 1799 Verba
1140 1762 1389 1800 confessionis
1418 1765 1610 1813 Augusta-

72 1838 142 1863 nae
179 1824 223 1862 de
261 1838 375 1863 coena
412 1825 567 1863 Domini
604 1826 657 1864 sic
685 1826 844 1865 habent:
877 1844 895 1861 u
909 1826 965 1865 De
1002 1840 1118 1865 coena
1146 1827 1301 1866 Domini
1330 1828 1478 1874 docent,
1514 1830 1614 1881 quod

73 1903 191 1927 acum
216 1890 318 1928 Pane
345 1894 381 1928 et
417 1890 518 1928 Vino
556 1904 640 1929 vere
667 1891 919 1929 exhibeantur
956 1905 1091 1943 corpus
1132 1897 1166 1930 et
1195 1893 1348 1942 sanguis
1378 1894 1522 1932 Christi
1551 1907 1614 1932 ve-

78 1955 298 1993 nscentibus
325 1955 366 1994 in
395 1969 510 1994 coena
539 1956 735 1996 Domini.”
764 1957 852 1994 Hoc
879 1956 1002 2008 ipsum
1030 1971 1116 1995 vero
1136 1961 1173 1995 et
1194 1971 1263 1996 nos
1283 1960 1535 2008 agnoscimus,
1552 1961 1614 1998 sed

72 2032 253 2070 negamus
289 2021 328 2058 id
363 2025 485 2059 totum
523 2022 730 2073 quidquam
758 2023 915 2060 omnino
944 2022 992 2060 ad
1022 2024 1209 2061 Catonum
1238 2028 1455 2062 nostrorum
1484 2025 1615 2063 delite-

73 2086 254 2124 scentiam
286 2086 482 2137 pertinere.
540 2087 635 2125 Cum
671 2087 771 2125 enim
808 2087 938 2126 eadem
974 2088 1056 2139 ipsa
1085 2090 1286 2136 confessio,
1315 2090 1380 2127 ubi
1409 2090 1453 2128 dc
1482 2091 1615 2129 Sacra-

77 2154 289 2188 mentorum
323 2164 394 2189 usu
431 2152 611 2202 loquitur,
651 2152 800 2191 disertis
837 2153 962 2191 verbis
997 2157 1165 2197 testetur,
1213 2167 1282 2192 nos
1319 2168 1399 2192 eam
1443 2156 1617 2205 gratiam,

76 2229 188 2266 quam
228 2216 469 2254 Sacramenta
507 2216 739 2266 significant,
774 2217 847 2254 fide
882 2218 964 2268 ipsa
992 2218 1193 2269 percipere.
1220 2219 1348 2256 eadem
1378 2233 1467 2258 sane
1495 2233 1618 2272 opera,

76 2280 164 2318 fidei
191 2284 342 2319 nostrae
369 2281 553 2319 duntaxat
587 2281 691 2319 illam
720 2281 842 2319 offerri
876 2286 986 2332 atque
1014 2282 1184 2320 exhiberi
1208 2283 1359 2322 fatetur.
1389 2284 1506 2322 Porro
1527 2286 1620 2323 fides

77 2358 156 2384 eam
192 2341 499 2391 delitescentiam,
527 2360 640 2398 quam
668 2348 827 2385 fartores
854 2347 919 2385 isti
945 2352 1199 2399 propugnant,
1226 2349 1318 2386 adeo
1346 2363 1422 2387 non
1451 2351 1623 2401 requirit,

77 2415 119 2449 ut
144 2424 192 2449 nc
219 2411 415 2450 admittere
443 2411 596 2462 quidem
623 2412 754 2463 possit,
781 2412 1098 2463 quemadmodum
1127 2413 1267 2452 Paulus
1297 2414 1415 2453 docet.
1453 2415 1620 2454 Tantum

78 2477 184 2515 abest
208 2477 336 2526 igitur,
363 2482 404 2515 ut
431 2477 542 2515 nobis
569 2479 794 2526 Augustana
825 2478 1012 2516 confessio
1041 2479 1183 2529 opponi
1201 2481 1468 2531 quoquomodo
1487 2482 1621 2532 possit,

77 2544 119 2579 ut
153 2541 258 2579 illam
292 2554 359 2592 pro
397 2541 509 2579 nobis
547 2542 672 2587 etiam,
701 2546 830 2580 contra
860 2543 1023 2580 Catones
1050 2547 1214 2590 nostros,
1241 2544 1364 2582 facere
1393 2548 1532 2597 con-(7
1562 2548 1620 2594 7³²)

76 2609 160 2645 stet.
188 2606 271 2644 Nos
299 2606 400 2644 enim
427 2606 467 2644 id
495 2619 638 2657 semper
664 2607 825 2658 professi
853 2621 981 2646 sumus
1010 2612 1122 2658 atque
1149 2608 1356 2647 etiamnum
1382 2612 1615 2661 profitemur.

77 2670 206 2708 fideles
243 2684 386 2716 omnes,
423 2670 512 2710 dum
548 2684 684 2709 coenae
720 2672 912 2711 elementis
940 2673 1168 2724 participant
1193 2674 1298 2712 iuxta
1329 2675 1470 2713 Christi
1506 2675 1617 2713 insti-

79 2734 278 2776 tutionem,
313 2735 425 2773 simul
462 2749 612 2787 quoque
640 2750 724 2775 vere
751 2737 796 2775 ad
827 2738 984 2776 salutem
1013 2743 1202 2777 aeternam
1230 2741 1506 2779 communicare
1532 2755 1619 2780 vero

82 2800 194 2838 etiam
233 2801 383 2852 corpori
419 2804 455 2839 et
492 2801 669 2851 sanguini
706 2802 860 2842 Christi.
916 2803 1045 2842 Quare
1081 2817 1128 2842 ne
1154 2804 1193 2841 in
1222 2805 1446 2854 Augustana
1473 2806 1623 2857 quidem

84 2866 318 2904 confessione
355 2866 495 2905 hahent
530 2867 732 2918 quidquam
773 2870 934 2907 Catones
964 2871 1095 2913 nostri,
1123 2870 1222 2921 quod
1254 2870 1447 2909 doctrinae
1474 2876 1624 2909 nostrae

1426 2938 1471 2966 9:³³-
