1830 3147
861 115 930 151 663
1378 114 1443 161 [A.
1466 115 1510 151 D.
1535 113 1647 161 1551]

121 221 181 259 N⁰.
209 223 266 257 80.
1313 223 1418 270 [Gerd.
1431 237 1453 260 s.
1469 237 1492 260 a.
1509 224 1555 262 ub.
1571 223 1644 271 677]

673 373 730 409 Ad
759 374 1104 412 HARDENBERGIUM.

172 522 208 557 S.
234 521 368 557 Literas
404 525 481 557 tuas
515 522 661 569 scriptas
686 522 831 568 septima
859 522 950 562 [ulii.
981 534 1046 570 ego
1073 522 1172 558 hodie
1199 523 1344 569 primum
1368 522 1495 569 accepi.
1520 522 1563 558 mi
1589 522 1651 558 Al-

127 581 241 617 berte!
278 585 314 617 et
346 581 483 630 quidem
517 593 668 628 peregre,
708 582 772 617 hoc
805 585 860 617 est
895 595 964 618 nou
998 582 1090 618 domi
1125 594 1228 626 meae,
1265 583 1324 619 sed
1349 584 1438 630 apud
1469 583 1651 618 Dominum

124 641 406 677 cantuariensem
442 645 571 688 septem
613 640 748 677 milibus
784 654 944 688 passuum
979 655 998 677 a
1031 642 1201 683 Londiuo‚
1233 643 1281 678 ita
1317 647 1355 677 ut
1384 643 1425 678 ad
1460 641 1599 678 notulas
1629 643 1656 685 ¹)

127 712 217 736 meas
244 702 418 747 pervenire
442 713 512 737 non
536 701 673 748 possim.
697 701 757 736 scd
785 714 895 749 neque
920 705 1056 747 tempus
1083 703 1223 749 patitur,
1250 707 1289 738 ut
1314 702 1422 738 multa
1446 702 1488 737 ad
1515 706 1549 737 te
1575 703 1656 739 scri-

129 760 216 802 bam,
241 761 387 797 scribam
414 766 529 797 tamen
555 766 594 796 ut
619 774 770 808 possum.
807 764 860 797 Ac
887 763 1042 809 primum.
1067 762 1159 810 quod
1184 764 1225 798 ad
1248 769 1452 798 mercatores
1466 775 1654 809 pannorum

127 822 266 864 attinet,
304 822 354 858 illi
386 834 478 858 nunc
514 835 616 857 suum
651 827 904 868 procuratorem
932 828 1109 859 mutarunt
1141 824 1232 859 inter
1255 835 1341 864 sese,
1369 828 1404 858 et,
1429 836 1506 858 eum
1531 823 1657 859 consti-

131 886 285 921 tuerunt.
321 883 461 929 quicum
488 884 567 918 mihi
593 883 688 918 nulla
711 883 895 919 intercedit
919 884 1144 919 consuetudo.
1191 883 1228 919 Si
1254 888 1370 919 tamen
1397 884 1515 919 Rarius
1540 890 1657 918 noster

130 943 292 978 mandata
329 956 350 978 a
383 943 590 979 vestratibus
616 944 772 979 omnibus
798 943 922 980 habeat
948 943 1204 986 mercatoribus,
1231 945 1316 980 forte
1342 943 1470 991 aliquid
1495 943 1657 989 impetra-

130 1003 191 1045 bit,
215 1003 342 1051 alioqui
369 1004 425 1040 vix
450 1005 637 1051 quidquam
663 1016 777 1050 spero,

174 1064 336 1099 Osiandri
361 1075 471 1110 neque
494 1065 698 1106 doctrinam,
723 1077 832 1112 neque
858 1065 1055 1100 institutum
1083 1063 1200 1111 probo,
1224 1065 1315 1112 quod
1340 1065 1476 1113 quidem
1502 1066 1545 1101 ad
1577 1078 1654 1102 cau-

128 1137 200 1160 sam
228 1125 482 1160 iustificationis
507 1130 542 1160 et
566 1125 696 1161 editum
722 1127 766 1162 ab
791 1126 851 1161 illo
876 1125 1027 1161 libellum
1054 1126 1088 1161 in
1116 1126 1395 1173 Witebergenses
1420 1127 1556 1163 attinet.
1595 1127 1658 1162 Est

129 1197 222 1221 nune
257 1190 393 1231 tempus
427 1186 567 1227 scilicet,
600 1198 687 1221 nova
720 1198 832 1221 serere
865 1186 1044 1221 doetrinae
1074 1185 1214 1222 dissidia
1246 1193 1280 1221 et
1305 1187 1456 1222 scholam
1488 1186 1656 1222 Witcber-

127 1257 266 1291 gensem
301 1245 490 1286 traducere,
527 1257 586 1292 per
618 1257 720 1292 quam
757 1246 933 1282 universus
970 1247 1062 1282 orbis
1094 1248 1128 1282 in
1153 1247 1332 1294 Evangelii
1358 1247 1556 1294 cognitione
1583 1259 1658 1292 pro-

129 1305 235 1341 fecit!
275 1305 355 1345 imo.
383 1305 439 1340 eui
468 1305 638 1340 Osiander
663 1305 749 1352 ipso,
773 1309 802 1341 si
827 1306 916 1352 quod
944 1317 996 1341 res
1021 1313 1075 1341 est
1099 1306 1199 1341 fateri
1227 1306 1320 1348 velit,
1345 1307 1454 1342 multa
1478 1319 1513 1342 se
1535 1307 1659 1343 debere

129 1377 254 1412 negare
279 1378 347 1401 uon
373 1367 505 1412 potest!
531 1366 597 1401 Sed
623 1366 706 1401 hacc
730 1371 810 1401 sunt
835 1371 1029 1401 nostrorum
1055 1371 1246 1413 temporum
1272 1368 1343 1402 sata
1368 1373 1409 1411 2).

178 1427 285 1462 Dolet
314 1426 432 1462 audire
466 1430 502 1461 et
533 1425 851 1473 Hamburgensium
888 1427 1120 1462 ministrorum
1158 1430 1247 1462 inter
1278 1439 1353 1462 sese
1378 1427 1658 1463 controversiam.

133 1490 225 1523 Amo
256 1492 350 1522 certe
384 1493 419 1521 et
453 1499 594 1522 veneror
622 1487 663 1522 D.
693 1489 863 1533 Acpiuum
900 1490 942 1523 ut
975 1488 1124 1530 fratrem,
1158 1488 1217 1523 sed
1245 1488 1440 1523 maluissem
1468 1501 1534 1523 uon
1558 1488 1662 1523 fuisse

130 1548 176 1583 ab
209 1548 283 1594 ipso
307 1550 435 1583 motam
460 1559 534 1583 eam
569 1549 837 1584 controversiam
864 1548 906 1584 de
933 1560 1041 1595 poena
1067 1548 1243 1595 gehennae
1270 1561 1328 1595 per
1352 1549 1528 1585 Christum
1552 1561 1573 1585 a
1597 1562 1661 1585 sua

136 1614 244 1645 morte
270 1612 412 1655 gustata
437 1612 478 1653 ³).

179 1671 348 1706 Comitem
375 1669 536 1711 Viduam,
574 1681 675 1715 quam
713 1681 777 1715 ego
809 1668 923 1704 adhuc
959 1681 1019 1716 pro
1054 1682 1128 1705 mea
1165 1670 1316 1716 principe
1341 1682 1503 1716 agnosco,
1527 1671 1662 1718 gaudeo

134 1731 221 1767 bene
254 1742 333 1776 erga
367 1742 419 1765 me
445 1730 612 1765 adfectam
639 1741 724 1768 esse.
749 1730 809 1765 sed
836 1741 946 1776 neque
972 1741 1034 1775 ego
1060 1729 1141 1765 mihi
1165 1731 1350 1777 quidquam
1377 1731 1540 1767 adversus
1566 1731 1659 1768 illam

132 1793 242 1839 egisse
277 1792 403 1831 videor,
430 1802 498 1838 quo
525 1790 645 1826 merito
670 1789 796 1826 offendi
823 1791 946 1836 possit.
997 1791 1198 1826 Doctrinam
1224 1798 1377 1827 nostram
1405 1805 1578 1840 nunquam
1608 1806 1660 1829 me

132 1855 310 1900 praesente
342 1851 572 1899 impugnavit,
609 1850 748 1896 proinde
783 1851 875 1885 illam
912 1855 946 1886 et
980 1863 1072 1887 nunc
1102 1851 1145 1886 ab
1180 1864 1220 1887 ea
1255 1852 1390 1898 probari
1415 1855 1528 1893 credo,
1552 1865 1662 1900 neque

134 1915 266 1960 ignoro,
299 1913 437 1960 quinam
464 1912 544 1952 sint,
568 1912 626 1958 qui
652 1911 744 1947 illam
771 1911 951 1958 sugillent,
976 1911 1036 1947 scd
1063 1911 1196 1960 gaudeo
1221 1925 1274 1948 mc
1299 1926 1368 1948 non
1393 1913 1478 1949 alios
1503 1914 1663 1953 adversa-

132 1975 198 2010 rios
235 1973 369 2010 habere.
417 1973 586 2008 Couvitiis
623 1976 658 2008 ct
693 1972 931 2008 maledicentia
968 1973 1069 2008 facile
1108 1985 1160 2008 me
1195 1974 1332 2009 abillis
1359 1976 1514 2021 superari
1542 1975 1661 2020 patiar,

131 2040 303 2072 caeterum
337 2034 525 2080 scripturae
550 2035 756 2070 auctoritate
781 2033 972 2069 doctrinam
999 2038 1153 2070 nostram
1178 2047 1352 2082 nunqnam
1380 2039 1545 2082 poterunt
1569 2038 1661 2072 rcsu·

132 2101 216 2137 tare,
250 2095 321 2136 scd,
353 2096 417 2130 etsi
449 2095 614 2140 Princeps
653 2094 726 2140 ipsa
762 2094 953 2130 doctrinam
995 2099 1147 2130 nostram
1184 2108 1252 2131 non
1289 2097 1459 2142 probaret.
1488 2110 1555 2132 non
1580 2097 1659 2134 ideo

131 2169 213 2193 sane
253 2156 365 2192 minus
399 2159 491 2191 esset
524 2167 614 2196 vera,
648 2155 777 2202 alioqui
800 2155 902 2196 absit,
941 2158 980 2191 ut
1005 2155 1205 2203 Principum
1230 2158 1439 2193 auctoritate
1465 2156 1657 2194 doctrinam

135 2222 288 2254 nostram
313 2217 524 2253 communire
551 2216 706 2252 velimus.

180 2280 256 2326 Ego
281 2291 372 2314 nunc
398 2278 533 2324 publice
559 2282 669 2313 tracto
694 2282 932 2324 argumentum
952 2280 1272 2319 Sacramentarium,
1287 2279 1361 2315 siue
1379 2293 1503 2325 magno
1519 2281 1660 2317 Patrum

131 2344 311 2387 apparatu,
337 2338 397 2374 sed
422 2339 622 2384 simpliciter
646 2350 714 2373 rem
740 2338 837 2374 iuxta
861 2340 1049 2385 scripturas
1077 2351 1224 2386 expono.
1262 2339 1403 2376 Videbis
1422 2341 1509 2376 sorte
1532 2344 1663 2387 postea.

136 2400 343 2448 Apologiam
369 2411 475 2434 meam
503 2402 692 2433 remoratus
719 2403 772 2434 est
797 2399 942 2434 maxima
967 2412 1008 2434 ex
1034 2406 1131 2446 parte
1158 2400 1378 2437 Hermannus
1393 2404 1421 2443 ⁴)
1448 2406 1572 2442 noster,
1605 2403 1663 2450 qui

137 2462 262 2498 mutari
299 2460 466 2508 quaedam
501 2459 623 2498 voluit,
658 2459 794 2495 liberius
832 2461 934 2506 paulo
967 2464 1006 2496 ut
1043 2459 1094 2496 illi
1130 2461 1310 2497 videbatur
1333 2463 1470 2509 scripta.
1522 2464 1664 2510 Alioqui

132 2534 265 2559 summa
301 2520 479 2555 doetrinae
513 2524 649 2554 nostrae
688 2523 820 2566 practer
844 2532 982 2556 causam
1009 2523 1304 2557 sacramentariam
1333 2522 1477 2558 habetur
1501 2524 1536 2559 in
1561 2525 1663 2560 Com-

136 2583 260 2629 pendio
288 2581 474 2616 Doctrinae
498 2580 729 2615 Ecclesiarum
755 2580 809 2617 hic
831 2586 1023 2617 nostrarum
1049 2582 1090 2625 ⁵),
1115 2582 1205 2629 quod
1233 2583 1286 2618 hic
1310 2583 1477 2619 edidimus
1501 2588 1538 2620 et
1560 2586 1601 2620 ad
1629 2589 1663 2622 te

135 2643 401 2679 transmisimus.
451 2641 540 2677 Heic
573 2642 601 2676 si
631 2653 731 2688 quem
767 2642 893 2688 aliquid
920 2643 1062 2678 offendit,
1097 2649 1133 2677 et
1157 2655 1208 2678 me
1236 2644 1333 2679 liuius
1359 2645 1524 2692 quispiam
1550 2646 1666 2683 admo-

138 2707 231 2746 neat,
271 2702 472 2739 conabimur
494 2701 684 2737 doctrinam
712 2707 861 2737 nostram
889 2704 988 2742 tueri.
1012 2702 1072 2738 sed
1099 2708 1210 2739 tamen
1236 2710 1268 2738 et
1297 2705 1502 2751 Apologiam
1528 2706 1582 2742 cdi
1607 2718 1665 2742 cn-

139 2765 232 2806 rabo,
256 2765 378 2800 saltem
416 2763 508 2810 quod
541 2763 584 2797 ad
619 2763 794 2798 historiam
820 2762 936 2799 abitus
962 2764 1089 2799 isthinc
1116 2764 1179 2800 mci
1205 2765 1341 2804 attinet.
1367 2765 1421 2801 ubi
1459 2767 1561 2802 etiam
1586 2767 1667 2802 doc·

142 2826 232 2861 trina
254 2830 374 2861 nostra
400 2824 444 2860 de
471 2824 697 2860 sacramentis
723 2825 893 2860 inseretur
918 2825 961 2870 ⁶).
995 2825 1048 2860 De
1072 2825 1186 2861 Ebero
1211 2827 1457 2863 commonefeci
1481 2828 1669 2864 Dominum

138 2885 431 2925 cantuariensem,
470 2884 622 2921 indicata
647 2885 749 2920 etiam
776 2888 834 2921 tua
862 2885 1016 2933 epistola,
1041 2884 1101 2920 sed
1127 2885 1210 2922 nihil
1236 2886 1434 2935 respondit:
1459 2887 1671 2926 submonebo
