1830 3147
793 122 863 160 657
1297 113 1357 161 [A.
1384 112 1428 149 D.
1456 109 1568 157 1551]

32 237 170 275 consilii
209 236 270 271 hac
303 236 340 270 111
372 234 473 281 parte
506 230 621 267 nostri
665 228 952 277 approbationem
993 225 1146 262 invitare
1179 222 1359 259 videreris.
1409 220 1452 257 Id
1486 219 1569 255 mihi

31 299 143 346 igitur
176 296 374 334 faciendum
406 305 481 330 esse
513 291 650 340 putavi,
682 291 710 326 si
745 289 922 337 quomodo
957 288 1025 323 tibi
1060 291 1104 322 ut
1138 287 1287 334 patrono
1313 288 1348 319 et
1375 281 1467 330 patri
1491 292 1569 317 meo

33 359 236 397 satisfacere
261 368 400 405 queam.

84 421 115 458 Ι.
164 419 339 466 Quodque
370 415 413 453 ad
447 415 661 451 Consessum
685 412 855 460 imprimis
880 411 1024 454 attinet,
1051 408 1211 456 equidem
1237 407 1333 455 pium
1359 404 1469 452 magis
1493 402 1571 439 reli-

36 482 247 529 giosumque
273 491 347 516 esse
371 479 471 525 puto,
497 478 540 512 ut
566 474 747 511 Christum
774 472 967 509 Dominum
993 470 1082 508 nihil
1106 472 1182 506 tum
1209 469 1325 505 ociose
1343 466 1454 514 egisse
1471 467 1571 513 putc-

40 557 118 580 mus
144 544 181 579 in
207 545 285 578 tota
308 540 370 576 illa
394 551 507 575 novae
531 537 682 574 actionis
708 548 791 573 suae
817 535 984 583 mysticae
1009 532 1248 575 institutione,
1272 530 1374 567 cuius
1392 527 1573 565 exordium

37 605 237 643 accubitum
273 614 348 639 esse
380 600 552 643 videmus,
585 611 691 646 quam
722 599 765 633 ut
798 596 902 632 illum
933 594 992 631 vel
1017 593 1192 641 superflue
1217 591 1351 639 aliquid
1377 589 1434 626 vel
1460 589 1576 625 ociose

39 667 153 714 egisse
185 664 408 706 arbitremur,
441 682 489 691 —
520 662 557 697 et
589 658 736 708 proinde
769 669 884 704 neque
909 655 1111 692 accubitum
1136 654 1245 702 ipsius
1271 665 1349 688 cum
1375 651 1448 687 suis
1474 649 1574 685 disci-

40 726 133 775 pulis
166 725 323 762 ociosum
357 722 467 758 fuisse
492 732 608 768 neque
632 732 652 755 a
676 718 776 755 nobis
801 715 1052 764 negligendum
1078 727 1152 751 esse
1177 712 1426 760 intelligemus,
1453 712 1576 757 quate·

44 800 112 824 nus
144 786 368 828 assentimur,
405 783 506 820 illum
540 781 628 819 nihil
660 783 738 817 tum
773 777 948 826 superflue
972 779 1036 813 aut
1061 776 1175 813 ociose
1200 774 1323 821 egisse.
1373 772 1521 815 Deinde,
1548 771 1578 806 si

42 847 163 894 negari
195 859 268 883 non
299 847 430 893 potest,
465 843 645 880 Christum
672 840 865 877 Dominum
891 851 1029 874 mensae
1055 836 1316 874 accumbentem
1341 832 1577 870 accumbenti-

42 907 107 943 bus
135 906 240 943 etiam
267 905 341 941 suis
366 903 551 952 Apostolis
576 914 719 939 coenam
745 913 842 936 suam
867 898 1142 941 administrasse,
1168 897 1217 933 sic
1242 899 1284 933 ut
1309 895 1493 932 accubitus
1519 893 1578 929 ille

42 980 62 1004 a
86 970 186 1015 parte
219 967 334 1003 totius
367 965 517 1002 actionis
550 963 646 1000 illius
678 962 847 1010 mysticae
873 960 1012 997 excludi
1038 972 1109 996 non
1135 959 1258 1006 possit,
1283 969 1373 1004 quae
1398 956 1489 992 ratio
1515 967 1579 991 1105

43 1031 174 1072 movet,
209 1030 252 1064 ut
285 1039 359 1063 eam
394 1025 544 1062 actionis
571 1023 778 1061 Dominicae
803 1024 937 1070 partem
963 1021 1005 1056 ab
1032 1021 1142 1068 ipsius
1167 1018 1396 1055 institutione
1421 1018 1457 1053 in
1483 1029 1577 1052 man-

43 1088 128 1125 dato
154 1088 215 1124 illo
256 1088 349 1127 ,11οο
376 1087 501 1123 facite’'
528 1085 712 1122 excludere
738 1096 844 1132 quam
869 1082 1049 1119 includere
1074 1069 1287 1117 malimus?‘
1310 1079 1482 1126 Equidem
1508 1090 1579 1113 rec-

46 1150 119 1185 tius
155 1149 348 1192 fecerimus,
381 1149 411 1184 si
437 1148 471 1184 id
505 1147 669 1183 mandato
696 1145 776 1181 huic
801 1143 1033 1186 includamus,
1060 1141 1154 1189 quod
1180 1141 1429 1187 Evangelistae
1454 1140 1519 1186 ipsi
1546 1139 1581 1173 111

45 1215 146 1259 parte
178 1210 327 1247 actionis
363 1211 559 1253 numerant,
594 1221 701 1256 quam
735 1207 765 1243 si
789 1206 825 1243 id
850 1205 948 1242 nulla
972 1205 1190 1241 authoritate
1215 1203 1383 1249 nullaque
1408 1202 1505 1238 iusta
1530 1213 1581 1236 13-

47 1272 146 1308 tione
179 1271 292 1307 innixi
327 1270 565 1307 excludamus.
614 1268 748 1312 Tertio,
780 1280 861 1304 cum
896 1266 1045 1303 sciamus
1081 1263 1279 1301 horribilem
1307 1275 1380 1299 esse
1405 1263 1440 1298 111
1468 1262 1583 1308 Papae

46 1332 201 1368 Ecclesia
227 1332 365 1368 Coenae
391 1330 596 1367 Dominicae
620 1328 913 1377 profanationem,
939 1329 1050 1374 atque
1073 1325 1184 1373 ipsius
1210 1324 1405 1360 doctrinam
1430 1322 1476 1359 311
1501 1334 1583 1358 0011-

47 1393 249 1441 firmarique
282 1406 436 1441 genuum
471 1393 541 1429 ista
575 1393 611 1428 in
646 1392 785 1428 Coenae
818 1402 887 1426 usu
922 1389 1084 1431 flexione,
1119 1399 1223 1435 quam
1263 1386 1374 1422 adhuc
1407 1385 1584 1432 plerisque

49 1455 138 1492 locis
164 1455 382 1492 observatam
411 1454 519 1490 fuisse
544 1453 714 1495 videmus,
741 1455 777 1488 et
803 1450 918 1487 nostri
943 1449 1046 1486 officii
1071 1449 1131 1492 sit,
1157 1447 1295 1496 publice
1313 1446 1447 1489 testari,
1473 1445 1585 1481 modis

49 1517 213 1554 omnibus
238 1529 303 1553 nos
328 1516 370 1552 ab
397 1529 436 1552 ea
460 1515 661 1552 idololatria
686 1514 870 1550 abhorrere
894 1512 1052 1559 adeoque
1077 1514 1113 1548 et
1138 1511 1191 1547 illi
1216 1509 1394 1546 adversari
1410 1513 1583 1555 quantum

50 1580 193 1617 omnino
227 1592 432 1627 possumus:
471 1578 568 1615 nulla
600 1589 686 1615 vero
720 1590 794 1614 esse
826 1577 941 1625 possit
973 1575 1090 1624 aptior
1123 1574 1325 1611 testificatio
1351 1573 1454 1610 alieni
1479 1572 1587 1608 animi

50 1642 93 1678 ab
126 1641 188 1677 illa
220 1640 431 1683 idololatria,
467 1652 572 1687 quam
607 1639 769 1687 publicus
800 1638 838 1674 in
872 1650 980 1674 coena
1011 1636 1190 1673 Ecclesiae
1223 1647 1418 1677 consessus,
1444 1634 1486 1670 ab
1512 1634 1588 1680 ipso

51 1702 257 1751 praesertim
301 1701 435 1738 Christi
476 1700 634 1748 exemplo
678 1699 952 1748 Apostolicaque
994 1698 1239 1743 observatione
1280 1697 1426 1745 petitus,
1461 1695 1588 1731 merito

50 1764 151 1800 illum
177 1776 260 1800 sane
284 1764 482 1799 instaurare
507 1762 763 1808 observareque
787 1761 1002 1798 deberemus.

98 1825 175 1862 Nec
209 1825 328 1868 refert,
362 1824 458 1872 quod
493 1824 581 1860 certi
615 1836 684 1859 non
720 1823 828 1858 simus
854 1821 897 1857 ad
922 1833 1028 1868 quem
1055 1819 1195 1856 modum
1222 1819 1386 1855 Christus
1413 1818 1588 1854 Dominus

55 1899 135 1924 cum
169 1887 243 1923 suis
277 1886 462 1934 Apostolis
497 1888 574 1922 tum
608 1885 652 1921 ad
686 1897 840 1922 mensam
866 1883 1080 1920 accubuerit.
1132 1882 1230 1918 Usus
1257 1884 1310 1917 est
1335 1881 1457 1928 procul
1483 1879 1590 1915 dubio

57 1948 234 1985 Dominus
259 1948 399 1995 vulgari
424 1947 609 1984 accubitus
634 1959 741 1990 more,
768 1946 831 1993 qui
856 1948 933 1981 tum
958 1945 995 1981 in
1028 1957 1097 1980 usu
1123 1946 1209 1987 erat,
1235 1942 1529 1991 quemadmodum
1555 1944 1592 1977 et

56 2009 192 2046 Paulus
223 2009 363 2057 vulgari
399 2009 492 2058 apud
524 2008 728 2046 Corinthios
762 2020 859 2044 more
893 2006 1119 2044 accumbendi
1158 2019 1244 2042 usus
1281 2007 1346 2048 cst,
1372 2004 1469 2040 nulla
1494 2003 1590 2039 1111115

59 2083 153 2107 nova
179 2070 290 2107 forma
314 2070 470 2107 inducta.
514 2070 551 2105 Si
575 2069 687 2117 igitur
713 2069 855 2105 Christo
880 2068 966 2105 satis
994 2070 1068 2105 erat
1094 2067 1235 2115 vulgari
1260 2066 1472 2103 Iudaeorum
1498 2077 1594 2102 more

55 2131 94 2167 in
125 2143 234 2167 coena
267 2144 330 2167 sua
364 2130 580 2174 accumbere,
606 2131 635 2167 si
660 2131 746 2167 item
777 2129 907 2166 Paulus
931 2129 1024 2178 apud
1052 2128 1256 2166 Corinthios
1283 2127 1325 2164 de
1350 2126 1512 2176 populari
1536 2139 1590 2162 ac-

56 2192 244 2230 cumbendi
278 2206 374 2230 more
405 2193 493 2229 nihil
525 2192 681 2229 mutavit
711 2192 749 2228 in
781 2204 910 2228 coenae
941 2191 1197 2235 observatione,
1231 2202 1295 2227 cur
1329 2201 1395 2225 nos
1421 2189 1474 2225 hic
1499 2189 1593 2225 anxii

57 2266 180 2291 sumus
213 2253 257 2290 de
290 2254 402 2290 forma
436 2254 619 2290 accubitus
653 2253 801 2297 Iudaici,
834 2266 914 2289 cum
950 2255 985 2289 et
1021 2252 1162 2288 Christo
1198 2254 1234 2288 et
1268 2250 1381 2287 Paulo
1413 2250 1593 2297 vulgarem

58 2319 132 2353 tam
158 2316 372 2352 Iudaeorum
401 2328 507 2363 quam
533 2315 799 2352 Corinthiorum
825 2314 1053 2352 accumbendi
1077 2327 1207 2351 morem
1234 2313 1319 2349 satis
1346 2313 1453 2349 fuisse
1478 2312 1594 2348 videa-

57 2390 146 2414 mus.
185 2377 313 2425 Neque
339 2390 423 2414 vero
449 2377 549 2421 certi,
575 2389 665 2425 quae
690 2376 790 2424 panis
816 2376 927 2413 forma
954 2376 1073 2420 suerit,
1100 2388 1234 2419 sumus,
1259 2374 1296 2411 in
1321 2374 1433 2422 prima
1459 2375 1597 2410 Coenae

58 2439 299 2476 institutione.
349 2439 478 2486 Neque
503 2439 610 2475 etiam
635 2438 770 2474 Paulus
797 2451 928 2474 novum
961 2437 1059 2486 panis
1085 2449 1206 2484 genus,
1233 2449 1277 2472 ne
1302 2436 1412 2472 dicam
1440 2435 1597 2480 sormam,

59 2500 255 2537 Corinthiis
280 2500 516 2548 praescripsit,
542 2499 614 2543 sed,
640 2499 933 2547 quemadmodum
959 2499 1101 2535 Christo
1128 2499 1281 2534 Domino
1307 2498 1393 2534 satis
1412 2503 1498 2541 erat,
1516 2510 1596 2533 eum

60 2573 186 2609 panem
211 2562 350 2597 Coenae
375 2573 458 2597 suae
483 2560 694 2604 adhibuisse,
721 2561 784 2608 qui
809 2563 887 2596 tum
913 2560 1004 2608 apud
1031 2559 1183 2595 Iudaeos
1208 2559 1311 2594 iuxta
1329 2559 1437 2595 ritum
1456 2558 1596 2594 illorum

59 2623 210 2660 cibarius
243 2623 343 2671 panis
377 2625 462 2666 erat,
489 2623 539 2659 ita
571 2625 606 2659 et
642 2622 756 2659 Paulo
790 2623 875 2659 satis
909 2622 978 2658 fuit
1011 2634 1091 2658 eum
1126 2633 1249 2668 panem
1277 2620 1370 2668 apud
1396 2620 1600 2657 Corinthios

60 2700 199 2724 mensae
224 2688 431 2724 Dominicae
457 2686 633 2730 adhibere,
660 2685 723 2733 qui
747 2688 825 2722 tum
850 2685 921 2721 illis
947 2683 1056 2731 vulgo
1082 2683 1233 2720 cibarius
1258 2686 1345 2727 erat,
1372 2682 1509 2719 etiamsi
1523 2696 1599 2731 azy-

62 2761 157 2785 mum
190 2749 299 2786 fuisse
334 2762 406 2786 non
439 2750 592 2785 constet.
641 2748 821 2784 Nimirum
856 2749 891 2782 ct
917 2746 1081 2782 Christus
1108 2745 1283 2781 Dominus
1310 2747 1346 2780 et
1372 2744 1506 2780 Paulus
1532 2757 1601 2781 non

62 2811 134 2845 tam
166 2810 309 2847 solliciti
346 2811 492 2847 fuerunt
524 2809 567 2845 de
599 2809 702 2846 modo
734 2821 773 2845 ac
807 2808 917 2844 forma
953 2806 1191 2855 symbolorum
1226 2806 1263 2842 in
1287 2818 1405 2849 coena,
1432 2818 1536 2852 quam
1562 2809 1604 2842 ut

63 2872 251 2919 propositis
275 2872 483 2920 vulgaribus
512 2871 655 2908 omnino
680 2870 847 2920 symbolis
875 2871 932 2917 (ut
959 2881 1015 2905 eas
1041 2880 1203 2916 quaeque
1228 2880 1314 2915 gens
1347 2867 1505 2915 haberet)
1532 2868 1604 2904 ani-

63 2944 139 2969 mos
163 2933 342 2971 hominum
369 2934 412 2970 ad
439 2933 652 2970 coelestium
678 2932 940 2981 mysteriorum,
966 2930 1133 2979 symbolis
1160 2929 1365 2974 vulgaribus
1383 2929 1605 2965 adumbrato-

115 2992 171 3033 ΙΙ.
1422 2991 1466 3027 42
