1830 3147
816 73 885 112 ⁷07
1339 72 1398 120 [A.
1426 72 1470 109 n.
1497 42 1608 120 1554]

80 199 149 235 que
175 199 292 229 suum,
318 185 361 221 de
386 196 423 220 se
447 183 499 220 illi
524 182 696 219 <livinitus
722 181 852 218 donato
870 181 1059 227 ingratum,
1077 192 1184 226 regno
1201 179 1343 216 caelesti
1359 179 1602 216 commutavit.

79 250 185 284 Anno
210 249 304 282 1554
331 248 389 293 ¹⁰).

831 301 997 338 Ioannes
1021 302 1042 337 a
1065 301 1186 338 LAsco
1210 315 1255 337 m.
1281 314 1332 349 pr.

829 362 974 399 PETssns
1002 374 1050 399 DU
1081 362 1177 406 VAn,
1212 363 1378 399 Minister
1403 362 1578 399 Ecclesiae

879 424 1140 471 peregrinorum
1166 424 1315 461 Gallicae
1339 424 1490 472 linguae.

831 484 995 520 IOANNES
1020 484 1277 522 UTENflovms·

125 587 150 626 ¹)
173 586 325 617 FRANKF.
360 585 440 616 Rnt..
472 592 617 615 aunon:
648 583 770 614 nolunt.
814 583 841 621 2)
872 582 919 614 Ib.
951 582 1059 614 omisit
1087 582 1130 614 in
1176 584 1202 623 3)
1226 583 1289 615 Ib.:
1324 584 1444 615 nolunt.
1487 583 1600 622 ⁴)1b.:

80 651 168 683 quae.
213 641 240 680 ⁵)
264 640 328 672 Ib.:
361 640 391 671 ei
423 639 620 670 restituatur.
664 637 777 677 6)Ι1>.;
813 637 1017 669 instituenda.
1063 639 1090 677 ⁷)
1115 638 1180 670 Ib.:
1214 649 1342 670 morum.
1385 640 1412 678 3)
1436 639 1499 671 Ib.:
1535 649 1599 670 nos.

81 698 108 736 9)
132 697 158 729 Ι.
193 707 219 728 e.
250 696 297 727 De
333 695 449 726 Christi
480 693 700 732 communnione,
734 703 763 724 v.
793 693 852 724 Ed.
887 696 985 725 nostr.
1017 694 1053 725 T.
1076 694 1102 725 Ι.
1126 695 1185 725 235
1209 705 1255 736 sq.
1300 693 1341 733 ¹0)
1365 695 1498 735 Egregie
1520 694 1602 725 lianc

81 752 248 795 epistolam
284 751 424 782 illustrat
458 751 516 782 Fa.
547 751 713 781 RIVERIUS
741 749 773 780 in
797 759 853 780 sna
877 749 964 781 Hist.
987 749 1026 780 de
1057 750 1253 780 Wesalz'ensis
1277 750 1360 781 Ecel.
1382 750 1597 790 dissipatione.-

81 808 142 848 leg.
169 807 302 848 E-anlcf.
327 805 428 847 Reliq.
450 806 516 837 lull.
540 805 565 837 I.
589 805 661 838 278.
685 804 827 835 Litterae
851 804 968 836 Genev.
993 804 1083 836 datae
1107 809 1197 836 erant
1220 805 1397 836 1n.Ma1·tio
1416 806 1504 842 1554,
1527 805 1605 835 Lan-

80 874 170 895 sann.
192 873 235 894 m.
258 862 359 903 April.
382 861 521 892 eiusdem
546 860 629 892 anni.
653 859 748 891 Plura
771 859 804 890 in
828 859 919 890 Las-ci
943 860 1009 890 vita
1025 859 1083 890 hac
1100 859 1137 890 de
1155 870 1187 890 re
1204 860 1361 892 dicentur.
1384 859 1434 891 Cf.
1451 860 1601 895 Gonni„

82 931 111 951 ο.
136 919 156 951 l.
180 920 207 951 Ι.
229 919 290 950 406
314 929 360 960 sq.

85 1065 148 1101 ΝΟ.
177 1065 255 1100 103.
1219 1061 1308 1106 [ΙέΜιο
1328 1063 1410 1097 Enim.
1423 1073 1446 1097 o,
1460 1064 1476 1096 Ι.
1489 1072 1512 1102 p,
1529 1059 1604 1106 9530]

633 1185 688 1222 Ad
716 1185 1066 1220 HARDENBERGHJM.

236 1307 438 1355 Philippum
471 1307 574 1343 video
609 1306 663 1343 sui
689 1318 763 1343 esse
788 1304 948 1348 similem,
974 1304 1075 1340 cuius
1101 1317 1166 1352 ego
1191 1303 1423 1340 eruditionem
1449 1314 1607 1345 veneror,

86 1369 252 1417 pietatem
286 1381 450 1416 agnosco,
483 1368 688 1405 modestiam
721 1366 837 1410 laudo,
870 1367 1026 1401 ceterum
1060 1364 1325 1411 μικροψυχὶαιν
1358 1363 1505 1411 probare
1536 1375 1605 1398 non

87 1442 240 1479 possum.
289 1431 421 1478 Optavi
452 1442 534 1466 sane
558 1442 638 1466 eum
662 1429 737 1477 ipso
763 1427 916 1474 colloqui
943 1429 980 1463 et
1004 1426 1116 1462 adhuc
1142 1427 1238 1473 opto,
1265 1424 1324 1461 sed
1349 1424 1450 1461 video
1475 1424 1511 1460 id
1536 1437 1608 1460 non

87 1494 160 1528 tam
192 1491 289 1528 cordi
323 1491 355 1528 ei
390 1503 474 1534 esse,
513 1503 617 1538 quam
643 1489 779 1532 vellem,
804 1491 867 1524 aut
892 1500 1008 1534 quam,
1034 1487 1090 1522 uti
1115 1499 1178 1534 ego
1204 1487 1330 1529 sentio,
1357 1498 1431 1524 esse
1455 1485 1610 1522 deberet.

87 1552 222 1589 Verum
247 1553 329 1589 haec
355 1552 507 1589 Domino
532 1551 698 1599 permitto
724 1552 760 1586 et
784 1562 863 1586 cum
888 1547 1001 1584 Paulo
1027 1547 1105 1584 dieo
1133 1547 1200 1586 ,Si
1224 1546 1422 1582 hominibus
1440 1546 1608 1594 placerem

89 1615 180 1651 ete.”
228 1613 319 1650 Mihi
352 1613 437 1650 satis
469 1615 522 1649 est
547 1610 933 1657 ostendisse‚'paratum
959 1621 1013 1645 me
1038 1621 1123 1652 esse,
1148 1607 1290 1644 reddere
1316 1607 1493 1644 doetrinae
1517 1621 1612 1644 meae

87 1676 272 1720 rationem,
298 1675 468 1722 siquidem
494 1673 529 1710 id
554 1675 722 1721 posceret,
748 1671 883 1708 etiamsi
908 1670 993 1706 mihi
1010 1669 1053 1706 ad
1069 1670 1183 1718 ipsum
1202 1672 1293 1706 esset
1310 1669 1609 1717 proficiscendum,

92 1736 167 1773 sive
192 1736 227 1773 id
252 1736 428 1784 privatim,
455 1736 528 1772 sive
546 1735 650 1771 etiam
669 1733 807 1782 publice
824 1734 917 1769 esset
935 1732 1096 1768 futurum
1202 1732 1242 1778 ¹).
1269 1730 1416 1780 [Emdae
1433 1744 1478 1768 m.
1496 1731 1610 1778 Sept]

136 1848 162 1888 ¹)
186 1847 322 1880 Nonnisi
350 1847 411 1879 hoc
442 1847 656 1888 fragmentum
677 1846 822 1877 Emmius
846 1845 937 1876 nobis
959 1844 1144 1876 asservavit.
1165 1861 1206 1868 —
1229 1843 1335 1876 Inseio
1357 1844 1451 1886 plane
1473 1844 1491 1875 ὃ,
1514 1844 1613 1875 Lasco

93 1906 203 1935 nostro
226 1903 509 1936 Melanohthonem
531 1903 666 1934 Emdam
690 1902 728 1933 ad
751 1902 837 1934 Eccl.
861 1901 1115 1944 pacificationem
1133 1911 1246 1932 vocare
1261 1900 1421 1938 volebant,
1439 1900 1491 1942 qui
1510 1899 1614 1932 Gellio

92 1960 194 2001 magis
216 1971 310 2002 quam
332 1960 395 2002 ipsi
418 1959 681 1991 assentiebantur.
704 1959 838 1990 Strenue
860 1958 935 1989 huic
959 1957 1093 1989 consilio
1116 1957 1235 1988 Lascus
1258 1968 1324 1988 sese
1348 1957 1508 1998 opposuit,
1532 1956 1615 1998 quod

94 2016 133 2047 ad
156 2016 232 2047 Mel.
255 2015 414 2058 perlatum
436 2015 572 2046 videtur.
596 2015 645 2046 Cf.
670 2014 726 2055 Es).
750 2014 826 2046 Mel.
849 2014 894 2045 ad
915 2013 1076 2045 Hardenb.
1100 2013 1342 2053 (BRETTSCHN.)
1362 2013 1401 2044 29
1419 2013 1498 2054 Aug.
1515 2013 1615 2043 1554:

95 2072 144 2103 De
165 2072 346 2114 quaestione
366 2083 458 2113 quam
483 2070 614 2102 Lascius
636 2073 743 2108 movet,
766 2070 891 2111 scripsit
913 2070 973 2101 huc
994 2070 1039 2100 ad
1053 2073 1214 2111 pastorem
1237 2070 1379 2111 querelas
1401 2070 1449 2100 Io.
1466 2070 1624 2100 Amstero-

93 2127 204 2159 damus
226 2128 385 2168 (Timann‚
409 2128 514 2158 Brem.
537 2128 669 2168 pastor),
692 2129 723 2157 et
746 2125 784 2157 de
807 2126 948 2157 dissidiis
970 2126 1056 2157 hisee
1079 2125 1113 2156 in
1129 2126 1276 2156 universo
1292 2125 1389 2156 UBBo
1406 2125 1497 2156 EMM.
1512 2136 1540 2156 o.
1554 2125 1573 2156 l.
1588 2136 1619 2166 p.

96 2182 167 2219 949,
192 2182 244 2213 50.
264 2183 446 2218 Remmia,
469 2192 497 2211 ο.
521 2180 543 2212 l.
572 2180 645 2213 208.
674 2180 845 2217 Mnmmzs,
869 2190 898 2211 o.
919 2179 941 2211 1.
964 2179 990 2211 Ι.
1013 2179 1085 2211 341.
1128 2179 1226 2210 Initio
1250 2179 1323 2210 anni
1348 2189 1412 2219 seq.
1435 2178 1528 2220 epist.
1552 2189 1621 2219 per-

95 2237 195 2269 amice
218 2237 258 2268 ad
279 2237 369 2270 Lasc.
392 2237 480 2268 dedit
506 2236 593 2274 Mel„
617 2236 667 2268 Cf.
683 2236 749 2267 eius
770 2236 815 2267 ad
830 2236 990 2267 Hardenb.
1007 2246 1052 2277 ep.
1070 2235 1100 2266 d.
1117 2235 1155 2266 21
1173 2236 1253 2276 Aug.
1270 2235 1350 2266 1555
1367 2235 1622 2274 (Bnmmscnm

96 2381 160 2418 N⁰.
185 2380 265 2417 104.
1273 2379 1385 2424 [terei.
1401 2390 1424 2414 ⁰.
1441 2382 1458 2415 Ι.
1476 2381 1528 2412 u'a.
1546 2378 1614 2423 131]

674 2503 726 2537 Ad
758 2501 1047 2538 Bnnmnonnniu.

146 2623 373 2661 Incommode
396 2622 534 2666 accidit,
560 2622 613 2658 vir
638 2622 873 2658 sanctissime!
901 2625 942 2657 ut
966 2634 1027 2669 per
1052 2633 1142 2667 quos
1160 2633 1212 2657 me
1229 2620 1271 2657 ad
1290 2619 1447 2667 singulos
1464 2623 1619 2656 vestrum

97 2684 177 2720 istic
213 2684 350 2731 copiose
383 2682 529 2718 seribere
561 2694 661 2729 posse
694 2681 871 2729 putabam,
898 2694 958 2729 per
984 2693 1044 2717 eos
1069 2681 1135 2716 iam
1165 2681 1222 2716 vix
1247 2681 1316 2716 tria
1341 2680 1446 2716 verba
1471 2679 1620 2715 scribere

99 2757 236 2791 queam,
261 2744 396 2781 attritis
421 2743 553 2790 alioqui
579 2755 597 2778 e
622 2743 742 2779 morbo
766 2743 865 2790 gravi
889 2742 1002 2778 adhuc
1028 2741 1173 2786 viribus,
1198 2744 1240 2777 ut
1257 2753 1371 2787 neque
1390 2740 1492 2784 oculi,
1511 2753 1624 2787 neque

100 2818 224 2840 manus
250 2818 352 2841 suum
377 2805 524 2841 officium
551 2804 661 2839 facere
686 2804 833 2851 possint.
860 2803 1033 2840 Laboravi
1059 2815 1238 2850 nunquam
1264 2802 1346 2838 mihi
1363 2806 1466 2838 antea
1482 2803 1625 2848 cognita

97 2865 207 2902 colica
230 2867 400 2914 passione.
439 2864 533 2901 Huic
561 2864 643 2900 dum
669 2864 781 2901 calida
807 2864 962 2901 fomenta
987 2864 1144 2907 adhibeo,
1169 2863 1272 2900 bilem
1297 2863 1388 2899 circ-a
1412 2863 1507 2899 ieeur
1532 2875 1621 2899 com-

1365 2924 1434 2959 45*
