1830 3147
316 449 859 512 FORMA
958 447 1131 509 AG
1235 447 1434 508 RA-

399 611 548 652 TIO
611 610 834 651 TOTA
895 608 1380 650 EGOLESIA-

150 759 242 801 3ίίσὲ
278 758 499 808 ministerii,
532 757 573 798 in
605 756 917 809 Parem-imorum,
942 754 1190 809 potissimum
1222 769 1311 795 vero
1351 755 1628 795 Germanorum,

211 831 389 872 Ecclesia
431 829 634 879 observati,
677 829 862 869 instituta
894 827 1069 868 Londinz'
1099 827 1141 868 in
1173 827 1322 879 Arquia
1344 841 1422 879 per
1465 826 1573 879 pien-

261 903 449 944 tissimum,
479 897 702 955 Principem
734 900 916 953 Anyliae,
940 905 1025 949 etc„
1049 901 1191 952 Reqem
1213 899 1513 948 Edam-dum,

511 973 595 1014 eius
625 972 790 1014 nominis
819 977 962 1022 sextas,
997 973 1111 1013 Anno
1145 973 1269 1013 1550.

634 1214 1156 1255 PRAEFATIO.

183 1353 621 1394 QUEMADMODUM
650 1367 770 1405 neque
798 1354 931 1392 domus
958 1354 1034 1392 ulla
1051 1354 1142 1392 *sine
1170 1354 1402 1401 oeconomia,
1421 1367 1542 1405 neque
1560 1354 1667 1392 navis

130 1420 219 1458 item
257 1420 336 1458 sine
373 1419 615 1463 navicularia,
650 1432 694 1457 ac
731 1432 777 1457 ne
812 1419 943 1457 civitas
981 1419 1132 1470 quidem
1168 1433 1272 1458 resve
1307 1419 1457 1471 publica
1486 1408 1560 1457 ulla
1589 1419 1668 1457 sinc

131 1484 298 1533 legitima
333 1484 620 1534 gubernatione,
646 1488 710 1522 aut
739 1484 834 1522 bene
860 1484 952 1534 regi,
978 1488 1042 1522 aut
1072 1485 1135 1522 diu
1162 1485 1273 1522 etiam
1303 1485 1507 1523 consistere
1533 1488 1669 1536 potest,

133 1548 187 1586 ita
214 1561 303 1586 sane
330 1552 472 1587 certum
499 1552 566 1593 est,
594 1548 736 1586 Christi
763 1561 912 1599 quoque
940 1548 1098 1586 Domini
1125 1549 1334 1587 Ecclesiam
1362 1549 1460 1587 inter
1486 1553 1543 1587 tot
1561 1562 1669 1600 prae-

135 1613 262 1652 sertim
300 1613 336 1651 ἐὺ
364 1613 529 1651 hostium
565 1614 715 1664 agmina
743 1613 780 1652 et
816 1613 1069 1665 periculorum
1095 1627 1246 1664 genera,
1275 1627 1395 1665 neque
1414 1618 1512 1652 reete
1528 1614 1670 1663 guber·

134 1678 228 1725 nari,
256 1691 376 1729 neque
404 1678 468 1717 diu
495 1678 608 1717 etiam
635 1681 729 1728 (uno
759 1679 901 1730 alioqui
927 1679 1131 1730 eodemque
1156 1680 1260 1728 loco)
1289 1679 1441 1718 retineri
1466 1692 1576 1731 posse
1592 1679 1672 1717 sine

135 1744 319 1794 legitimo,
353 1748 396 1782 ut
422 1747 479 1782 est
514 1758 535 1782 a
574 1744 724 1782 Christo
752 1743 917 1782 Domino
944 1744 1172 1789 institutum,
1198 1744 1406 1782 ministerio
1443 1744 1556 1783 illius.
1610 1744 1670 1782 Ad

137 1808 345 1858 legitimam
372 1821 484 1858 porro
520 1808 777 1846 Ecclesiastici
814 1808 1014 1846 ministerii
1042 1809 1340 1848 observationem
1379 1810 1452 1847 duo
1486 1809 1671 1861 imprimis

134 1873 343 1911 necessaria
380 1886 460 1911 esse
496 1872 682 1912 videntur.
737 1873 862 1922 Al-(B
893 1875 1085 1922 la)terum,
1111 1878 1154 1912 ut
1181 1874 1396 1913 universum
1423 1874 1671 1913 ministerium

134 1937 174 1975 in
210 1937 428 1988 praecipuas
465 1939 596 1976 saltem
635 1942 758 1990 partes
786 1938 968 1990 quasdam
996 1953 1082 1977 suas
1109 1944 1208 1978 recte
1235 1953 1278 1978 ac
1303 1940 1469 1990 legitime
1497 1940 1673 1991 dispona-

133 2006 195 2039 tur
221 2005 420 2053 partesque
448 2002 534 2041 illae
577 2016 705 2041 omnes
735 2003 844 2041 certis
871 2003 920 2041 ab
947 2003 1111 2042 invicem
1139 2004 1216 2042 suis
1245 2005 1505 2043 functionibus
1533 2005 1673 2042 discer-

134 2070 286 2105 nantur.
340 2066 528 2113 Alterum,
554 2071 608 2112 ut,
637 2081 710 2118 qua
738 2067 778 2105 in
805 2072 911 2118 parte
938 2068 1138 2106 ministerii
1165 2073 1220 2108 est
1248 2070 1405 2121 quisque
1435 2069 1674 2112 constitutus,

136 2129 214 2167 eius
249 2143 288 2167 se
323 2130 468 2168 muneri
503 2134 615 2182 atque
653 2131 842 2170 functioni
879 2135 1000 2170 totum
1039 2132 1150 2170 dedat
1177 2134 1332 2171 omnino
1374 2147 1591 2184 summaque
1617 2133 1674 2170 illi

138 2193 212 2232 fide
248 2206 334 2232 cura
378 2208 421 2232 ac
467 2195 663 2245 diligentia
699 2195 907 2235 incumbat.
971 2198 1097 2247 Atque
1133 2197 1317 2248 posterius
1355 2197 1504 2249 quidem
1545 2197 1617 2235 hoc
1654 2211 1674 2234 a

139 2258 263 2309 priore
297 2258 363 2296 illo
399 2272 535 2309 magna
573 2273 662 2298 sane
698 2273 743 2298 ex
770 2264 876 2311 parte
905 2261 1099 2312 dependet,
1126 2262 1444 2313 quandoquidem,
1484 2262 1675 2314 dispositis

140 2327 238 2361 recte
272 2323 469 2361 ministerii
505 2324 674 2374 partibus
713 2325 990 2376 constitutaque
1017 2325 1185 2375 legitima
1212 2328 1331 2378 partis
1359 2328 1539 2379 cuiusque
1565 2328 1675 2367 func-

138 2387 252 2433 tione,
279 2386 426 2425 facilius
453 2387 668 2426 hauddubie
697 2401 804 2426 suum
832 2389 1031 2427 ministerii
1056 2390 1215 2441 quisque
1244 2391 1406 2428 officium
1423 2391 1543 2430 facere
1563 2392 1676 2430 adeo·

142 2465 212 2503 que
251 2457 286 2490 et
323 2452 506 2490 contineri
542 2453 581 2491 in
617 2454 683 2491 illo
719 2459 855 2505 potest.
911 2456 1109 2493 Caeterum
1136 2455 1176 2493 in
1205 2456 1449 2507 disponendis
1478 2457 1676 2496 ministerii

142 2516 311 2567 partibus
345 2516 539 2568 aliquanto
566 2518 651 2568 plus
679 2522 735 2556 est
764 2520 924 2568 negocii,
952 2519 1055 2570 quod
1083 2519 1184 2558 varie
1211 2521 1386 2559 nonnihil
1413 2521 1453 2559 in
1481 2522 1675 2574 scripturis

143 2582 234 2632 ipsis
261 2582 404 2633 positae
430 2582 548 2621 videri
574 2583 732 2634 possint.
764 2584 896 2635 Neque
925 2598 1010 2623 vero
1039 2597 1169 2622 omnes
1198 2585 1250 2623 ita
1279 2590 1366 2624 sunt
1395 2587 1452 2624 vel
1478 2590 1677 2638 perpetuae

143 2647 202 2684 vel
237 2647 402 2685 eiusdem
429 2648 609 2685 momenti
636 2648 759 2694 etiam,
785 2653 827 2687 ut
853 2662 915 2687 eas
941 2650 1082 2700 pariter
1109 2662 1252 2696 omnes,
1279 2655 1343 2689 aut
1369 2656 1495 2689 extare
1524 2665 1678 2702 semper,

144 2716 209 2750 aut
234 2725 312 2750 uno
340 2712 543 2764 eodemque
569 2713 689 2763 gradu
717 2714 859 2752 censeri
886 2728 930 2752 ex
958 2728 1076 2766 aequo
1105 2720 1286 2766 oporteat.
1319 2717 1417 2755 Sunt
1444 2717 1543 2755 enim
1571 2730 1678 2769 quae,

145 2790 212 2815 suo
248 2770 323 2815 iani
360 2777 557 2816 defunctae
592 2779 724 2826 officio,
751 2780 862 2830 plane
890 2784 1093 2820 cessarunt.
1149 2782 1246 2820 Sunt
1273 2795 1432 2829 rursum,
1459 2796 1553 2833 quae
1580 2796 1676 2821 non-

147 2846 351 2893 nunquam,
379 2843 466 2882 dum
494 2843 545 2882 ita
573 2844 651 2882 vult
679 2844 876 2892 Dominus,
906 2846 963 2883 vel
990 2845 1208 2885 adimuntur
1235 2847 1293 2885 vel
1325 2847 1574 2886 restituuntur
1602 2848 1677 2884 Ec-

148 2906 290 2946 clesiae.
320 2907 415 2946 Sunt
443 2907 603 2959 denique
628 2912 665 2948 et
692 2908 789 2949 inter
817 2923 878 2948 eas
905 2910 1004 2960 ipsas
1032 2910 1083 2959 (B
1113 2910 1171 2960 lb)
1199 2911 1396 2950 ministerii
1422 2916 1558 2963 partes,
1585 2925 1679 2964 quae
