1830 3147
218 128 282 176 [A.
309 127 354 165 D.
376 128 490 174 1549]
956 128 1024 161 630

215 237 312 274 feudi
347 249 411 273 nos
443 236 496 278 iis,
529 246 616 283 qnae
651 236 783 270 certum
820 237 872 270 est
896 233 1063 270 inclinare
1087 234 1130 270 ad
1158 235 1275 270 cultus
1301 234 1410 270 divini
1436 234 1756 282 prophanationem.

214 298 318 336 Quae
356 309 434 334 cum
472 296 564 332 cives
601 294 795 337 audissent,
833 296 967 332 assensi
999 298 1081 331 sunt
1113 307 1238 343 magna
1271 308 1314 331 ex
1346 299 1444 343 parte
1479 297 1645 332 ministris
1677 307 1757 332 cau-

217 370 356 406 samque
389 357 529 393 illorum
554 369 591 392 sc
614 356 705 403 apud
730 355 927 403 Principem
953 359 1092 392 acturos
1118 369 1192 392 esse
1216 359 1434 403 receperunt.
1481 357 1542 393 Ad
1566 360 1754 393 extremum

219 419 314 455 missi
338 421 420 454 sunt
443 430 462 453 a
487 417 661 464 Principe,
689 417 748 464 qui
773 416 939 464 templum
966 419 1124 452 nostrum
1150 416 1293 464 collegis
1313 417 1396 453 meis
1416 417 1591 464 praecludi
1609 417 1757 464 illosque

218 494 238 517 a
270 480 418 527 publicis
455 479 680 515 concionibus
712 478 888 514 abstinere
919 477 1090 514 iuberent.
1138 478 1412 525 Responderunt
1442 477 1596 525 collegae
1620 479 1697 521 mei,
1719 479 1755 515 id

215 542 354 590 quidem
380 542 418 577 in
441 540 613 587 Principis
638 539 782 575 arbitrio
805 551 889 581 esse,
915 543 954 575 nt
980 539 1148 586 templum
1173 538 1355 576 claudatur
1380 539 1435 575 vel
1459 552 1528 575 non
1552 539 1753 576 claudatur:

215 602 275 639 sed
312 603 406 650 ipsos
441 603 483 637 ad
519 601 683 648 principis
718 599 918 636 mandatum
954 611 1016 647 pro
1051 612 1133 635 suae
1169 600 1361 636 vocationis
1395 601 1528 636 ratione
1560 600 1660 636 silere
1684 612 1755 636 non

218 676 327 711 posse.
369 663 425 699 Ita
460 662 579 698 clauso
606 660 747 709 templo,
772 661 824 697 illi
849 660 904 696 vel
928 660 964 696 in
989 660 1199 702 cacumina-io,
1217 661 1246 695 si
1271 660 1408 708 quando
1425 665 1560 697 coetum
1577 660 1754 696 hominum

217 724 368 772 aliquem
394 722 569 761 videbant,
598 721 652 757 vel
677 722 712 758 in
737 721 875 763 scholis,
901 726 1094 756 convocata
1118 733 1159 757 eo
1184 721 1354 761 Ecclesia.
1377 721 1559 763 docebant,
1584 721 1686 757 simul
1714 733 1754 757 ac

217 782 455 829 baptizabant.
504 782 587 820 Qua
626 781 675 816 rei
707 781 915 828 indignitate
947 780 1040 817 cives
1066 780 1163 822 moti,
1195 780 1238 815 ad
1264 780 1454 815 tumultum
1478 784 1636 826 spectare
1661 780 1755 816 vide-

219 843 356 885 bantur,
390 842 419 878 si
446 854 516 877 non
541 853 600 877 eos
625 841 774 876 ministri
798 840 864 888 ipsi
889 840 1073 887 diligenter
1097 839 1273 876 dehortati
1299 841 1459 876 fuissent.
1495 839 1539 876 ld
1558 852 1658 887 porro
1675 852 1753 876 cum

217 903 382 950 Princeps
416 902 648 950 cognovisset,
683 902 850 948 templum
883 901 1016 936 recludi
1048 901 1150 936 iussit
1182 901 1358 942 ministris,
1392 901 1526 949 quoties
1556 901 1662 948 aliqui
1693 905 1757 937 aut

217 963 428 1011 baptizandi,
459 965 522 999 aut
557 962 774 998 matrimonio
811 961 976 1008 iungendi
1011 966 1138 998 essent.
1187 962 1313 1009 Itaque
1349 962 1478 998 sactum
1514 965 1569 997 est
1601 967 1641 997 ut
1664 961 1756 998 circa

217 1026 426 1072 baptismum
463 1028 499 1059 et
531 1022 780 1070 desponsiones
815 1023 906 1059 iuste
942 1034 1076 1069 semper
1099 1022 1284 1059 conciones
1318 1021 1538 1058 haberentur.
1590 1021 1664 1058 Sub
1690 1022 1752 1058 hac

217 1098 318 1134 porro
352 1098 466 1121 rerum
507 1085 593 1120 facie
627 1096 692 1131 ego
729 1083 815 1120 redii
846 1087 882 1119 et
915 1083 1113 1119 collaudata
1145 1084 1208 1120 hac
1233 1084 1270 1119 in
1293 1087 1391 1130 parte
1425 1084 1570 1119 fratrum
1602 1094 1761 1119 meorum·

217 1148 422 1190 constantia,
466 1145 654 1182 sedulitate
688 1150 723 1181 et
755 1145 836 1187 fide,
874 1146 1034 1194 actisque
1072 1145 1137 1182 hoc
1171 1146 1308 1182 nomine
1346 1145 1486 1182 domino
1523 1145 1599 1181 Deo
1635 1148 1755 1181 nostro

217 1210 349 1256 grauis,
381 1209 416 1244 in
443 1220 483 1243 ea
508 1209 582 1254 ipsa
607 1207 817 1249 constantia,
841 1207 1029 1244 sedulitate
1055 1210 1091 1243 et
1116 1208 1182 1243 fide
1207 1219 1336 1249 omnes,
1361 1211 1530 1255 quantum
1549 1207 1656 1254 potui.
1674 1218 1754 1243 con-

215 1271 359 1307 firmavi.
405 1269 602 1315 Principem
644 1280 722 1304 vero
749 1269 791 1304 de
817 1272 961 1315 peccato
985 1268 1077 1304 illius
1103 1280 1215 1304 coram
1241 1268 1414 1310 admonui,
1448 1268 1541 1315 quod
1566 1268 1602 1304 in
1627 1268 1754 1304 consti-

220 1332 350 1367 tuenda
385 1343 477 1366 nova
512 1330 576 1367 hac
599 1342 661 1366 sua
684 1329 903 1365 ordinatione
936 1329 1112 1365 Christum
1138 1329 1313 1364 dominum
1339 1328 1511 1376 simulque
1535 1333 1572 1364 et
1596 1328 1752 1376 spiritum

217 1394 391 1432 sanctum,
424 1390 572 1438 denique
604 1391 836 1427 concreditam
872 1402 954 1425 suae
992 1389 1071 1426 fidei
1105 1390 1236 1425 Christi
1271 1389 1461 1426 Ecclesiam
1496 1390 1667 1436 dignitate
1692 1402 1753 1426 sua

216 1452 364 1500 spoliare
398 1455 526 1486 conata
550 1452 605 1493 sit,
630 1451 742 1486 veluti
767 1450 877 1486 hostis
903 1450 1023 1497 ipsius,
1055 1450 1151 1485 cuius
1178 1450 1305 1497 alioqui
1329 1462 1366 1486 se
1393 1450 1583 1485 ministram
1609 1462 1685 1486 esse
1709 1451 1753 1485 si·

217 1513 375 1549 mularet.
423 1511 599 1547 Christum
632 1511 808 1547 dominum
835 1511 977 1556 spoliari
1013 1511 1182 1557 dignitate
1207 1522 1269 1546 sna
1294 1522 1353 1556 per
1377 1510 1496 1557 ipsam.
1532 1509 1615 1545 dum
1641 1510 1752 1556 ipsum

213 1585 313 1621 super
336 1585 372 1609 se
397 1573 680 1619 commissamque
704 1583 796 1607 nunc
819 1583 921 1607 curae
947 1583 1031 1607 suae
1055 1570 1248 1606 Ecclesiam
1274 1582 1416 1617 regnare
1444 1570 1542 1606 iuxta
1559 1571 1749 1607 doctrinam

217 1639 253 1670 et
285 1633 560 1670 observationem
594 1632 834 1678 Apostolieam
859 1644 931 1667 non
955 1632 1049 1672 sinit,
1081 1631 1141 1667 sed
1167 1631 1361 1667 doctrinam
1387 1635 1423 1667 et
1448 1631 1536 1667 ritus
1562 1631 1754 1679 Evangelio

214 1696 345 1731 Christi
370 1698 564 1741 pugnantes
587 1693 752 1728 Eeclesiis
778 1704 839 1739 per
864 1692 1082 1739 tyrannidem
1108 1691 1274 1734 obtrudit,
1310 1690 1402 1739 qnod
1427 1693 1585 1739 equidem
1611 1692 1752 1740 perinde

214 1760 316 1797 esset,
351 1768 391 1792 ac
416 1756 445 1792 si
469 1755 646 1790 Christum
671 1754 849 1789 dominum
874 1753 956 1789 sede
980 1766 1043 1789 sna
1067 1753 1103 1788 in
1129 1753 1213 1789 Zion
1238 1753 1423 1789 deturbare
1449 1757 1484 1789 et
1507 1756 1616 1789 semet
1640 1755 1750 1800 ipsam

213 1819 248 1854 in
284 1818 377 1854 illam
417 1829 476 1864 per
514 1815 732 1864 tyrannidem
766 1815 934 1851 collocare
971 1815 1089 1851 vellet.
1141 1813 1184 1850 Id
1220 1826 1320 1861 porro
1346 1815 1374 1850 si
1399 1826 1459 1861 per
1483 1814 1749 1862 imprudentiam

215 1879 330 1920 saciat,
375 1879 535 1913 maiorem
578 1888 655 1912 esse
704 1879 847 1923 peceato
880 1876 987 1923 ipsius
1024 1877 1089 1911 Dei
1123 1876 1402 1917 misericordiam,
1441 1877 1470 1912 si
1504 1875 1598 1911 illam
1631 1876 1751 1923 agnito

216 1943 359 1986 peceato
396 1944 430 1973 et
462 1940 554 1974 facta
588 1949 666 1972 cum
700 1936 869 1978 Ecclesia,
904 1936 1104 1983 perturbata
1129 1937 1195 1972 iam
1222 1949 1280 1983 per
1305 1949 1352 1978 se,
1377 1937 1665 1978 reconciliatione,
1690 1936 1751 1972 im-

217 1998 379 2044 ploraret.
427 1997 611 2032 Caeterum
638 1996 705 2030 nisi
729 1995 764 2030 id
789 1996 928 2037 faceret,
953 2000 1027 2030 tum
1054 1998 1092 2030 ut
1118 1999 1213 2030 certo
1239 1997 1381 2031 eandem
1410 1995 1475 2031 Dei
1499 1995 1669 2030 ultionem
1695 2007 1752 2030 ex·

217 2062 371 2104 pectaret
395 2069 473 2093 cum
499 2057 572 2092 suis
596 2056 768 2098 omnibus,
803 2067 870 2103 qua
895 2054 1082 2091 Iudeorum
1107 2055 1319 2102 impietatem
1346 2055 1588 2091 Hierosolimis
1613 2058 1752 2102 propter

216 2131 334 2155 vocem
366 2118 460 2154 illam
498 2132 515 2149 a
528 2117 701 2153 Nolumus
726 2117 818 2152 hunc
850 2128 993 2163 regnare
1025 2129 1128 2164 super
1158 2121 1242 2152 nos'’
1276 2117 1487 2152 vindicatam
1511 2128 1586 2151 esse
1610 2116 1751 2152 scimus.

216 2179 361 2225 Spiritui
396 2190 497 2225 porro
529 2182 653 2213 saneto
690 2176 825 2212 detrahi
857 2188 916 2223 per
941 2177 1051 2223 ipsam
1077 2175 1280 2223 dignitatem
1307 2177 1598 2223 antoritatemque
1623 2176 1658 2211 in
1683 2175 1751 2211 Ec·
1805 2192 1809 2194 ·

217 2240 320 2276 elesia
354 2251 464 2280 suam,
497 2238 591 2279 dum,
624 2250 709 2285 quos
743 2237 801 2273 ille
836 2249 894 2283 per
929 2237 1112 2283 ipsiusmet
1143 2237 1304 2283 principis
1332 2237 1559 2272 ministerium
1585 2236 1753 2273 Ecclesia-

219 2312 292 2335 rum
318 2304 466 2335 rectores
493 2304 528 2334 et
551 2297 802 2345 gubernatores
826 2298 861 2333 in
888 2297 986 2333 cultu
1013 2297 1131 2333 divino
1156 2297 1410 2338 constituisset,
1434 2298 1483 2333 eis
1509 2298 1583 2344 ipsa
1606 2297 1750 2333 candem

217 2360 501 2408 gubernationem
548 2359 580 2394 vi
612 2359 759 2405 quadam
792 2359 923 2405 eripere
959 2358 1093 2406 sibique
1126 2359 1275 2406 ipsamet
1307 2371 1484 2405 arrogare:
1518 2359 1586 2394 illis
1621 2359 1749 2405 templa

220 2420 440 2468 praecludere
480 2423 515 2455 et
558 2424 693 2466 praeter
729 2431 865 2454 omnem
901 2418 1040 2454 illorum
1076 2418 1212 2465 eulpam
1250 2419 1433 2461 tumultus,
1469 2419 1675 2455 seditionum
1710 2431 1750 2454 ac

221 2482 427 2528 pertinaciae
451 2492 509 2516 eos
536 2480 751 2516 insimulare:
778 2479 926 2526 denique
953 2491 1012 2515 ora
1037 2479 1190 2525 ipsorum
1216 2479 1451 2526 comprimere,
1475 2479 1746 2515 adversariorum

222 2554 303 2578 vero
328 2541 459 2577 Christi
483 2545 520 2576 et
545 2540 761 2587 publicorum
787 2540 1060 2582 idololatrarum,
1092 2552 1214 2586 nempe
1241 2540 1494 2576 Monachorum
1518 2545 1554 2575 et
1580 2540 1750 2575 Monasti-

221 2615 338 2638 eornm
364 2602 528 2642 omnium.
567 2600 656 2638 adde
681 2606 717 2637 et
741 2605 910 2638 sectarum
936 2602 1090 2636 omnium
1114 2613 1173 2637 ora
1200 2601 1315 2636 laxare
1340 2598 1495 2637 conatur.
1544 2600 1586 2636 Id
1610 2600 1748 2647 quidem

223 2664 332 2699 videri
357 2675 457 2710 posse
483 2663 558 2698 leve
591 2664 689 2698 iuxta
714 2662 883 2698 hnmanae
904 2662 1048 2697 rationis
1074 2662 1252 2704 iudicium,
1288 2662 1349 2697 sed
1375 2664 1408 2698 in
1436 2662 1500 2697 Dei
1524 2661 1649 2697 iudicio
1676 2666 1751 2697 tan·

222 2728 296 2759 tum
331 2724 554 2759 nihilominus
588 2736 662 2759 esse
695 2724 792 2759 iuxta
829 2724 1006 2770 ipsiusmet
1038 2723 1168 2758 Christi
1202 2723 1342 2758 Domini
1368 2722 1614 2763 testimonium,
1640 2727 1692 2763 ut,
1721 2723 1751 2759 si

222 2784 398 2820 destinato
425 2784 652 2831 prudentique
677 2796 718 2819 ac
746 2783 877 2819 volenti
903 2784 1048 2819 consilio
1072 2785 1144 2825 fiat,
1170 2796 1342 2830 nunquam
1369 2783 1405 2818 in
1430 2786 1608 2818 aeternum
1634 2784 1748 2819 remit-

220 2850 328 2882 tatur.
381 2845 561 2881 Ecclesiae
593 2849 711 2881 antem
748 2845 880 2880 Christi
915 2845 1122 2890 dignitatem
1159 2847 1260 2891 atque
1292 2844 1511 2879 autoritatem
1547 2855 1606 2889 per
1639 2844 1748 2890 ipsam

222 2907 354 2948 violari,
381 2906 463 2942 dum
488 2910 646 2953 surrepto
670 2906 722 2942 illi
749 2907 913 2948 omnium,
937 2917 1025 2952 quae
1051 2906 1265 2941 instituenda
1291 2907 1406 2940 essent
1431 2904 1570 2952 publico
1595 2905 1630 2941 in
1645 2909 1747 2941 coetu
