1830 3147
1631 113 1702 154 157

155 226 277 264 nostri
312 224 577 275 obsignatione
612 223 659 262 ad
696 223 813 262 vitam
850 228 1038 262 aeternam
1076 236 1151 262 non
1182 222 1411 262 dubitemus.
1468 223 1532 262 Sin
1563 224 1700 271 minus,

155 291 296 329 frustra
332 290 506 342 equidem
544 289 588 327 de
625 289 748 328 nostri
785 289 1052 339 obsignatione
1086 294 1121 327 et
1148 289 1308 340 proinde
1338 289 1382 328 de
1410 288 1522 339 digna
1551 302 1702 341 quoque

158 357 305 394 Coenae
330 353 552 393 Dominicae
579 353 873 405 participatione
899 354 1012 392 nobis
1041 353 1291 392 blandiamur.

207 420 315 458 Finis
351 432 441 468 ergo
479 418 627 457 Coenae
667 417 891 457 Dominieae
927 423 982 457 est
1016 418 1201 457 eiusmodi
1236 419 1357 456 nostri
1384 419 1424 458 in
1451 420 1525 458 fide
1553 423 1704 458 nostrae

160 500 244 524 cum
282 485 430 523 Christo
471 484 750 522 communionis
779 484 1008 535 obsignatio,
1036 497 1130 535 quae
1159 497 1277 522 novos
1307 488 1430 523 motus
1457 485 1497 523 in
1527 484 1703 522 cordibus

158 550 295 589 nostris
330 549 464 599 gignat
500 554 630 588 autore
669 549 814 601 Spiritu
853 554 983 588 sancto
1012 549 1057 587 ad
1087 549 1289 587 amandum
1320 550 1483 588 vicissim
1511 550 1702 588 Christum

160 616 366 654 Dominum
394 629 535 666 suaque
563 616 690 653 omnia
719 620 754 653 et
784 615 830 653 ad
861 615 1086 654 defflaranda
1114 618 1266 654 nostrae
1293 628 1380 664 erga
1409 615 1513 653 illum
1544 616 1704 665 gratitu-

158 681 256 719 dinis
284 693 352 732 pro
381 683 510 718 nostra
538 680 760 718 infirmitate
789 681 921 719 officia.
953 681 1148 719 Quoniam
1178 692 1264 717 vero
1291 680 1377 718 talis
1406 680 1496 718 haec
1524 681 1704 731 obsigna-

157 747 211 784 tio
249 759 369 783 novos
407 749 530 783 motus
567 745 653 783 illos
691 745 731 783 in
767 745 879 783 nobis
906 745 1180 796 gig-(237)nit‚
1207 749 1248 783 ut
1275 744 1419 782 dictum
1446 750 1514 789 est,
1541 750 1576 784 et
1603 745 1705 784 aliud

157 816 213 850 est
249 810 403 849 interim
439 810 479 848 in
518 811 592 849 fide
620 811 827 860 obsignari,
856 811 959 848 aliud
989 824 1074 848 vero
1104 823 1223 848 novos
1252 814 1376 848 motus
1404 811 1450 848 ad
1478 825 1642 849 amorem
1671 816 1707 849 et

156 877 427 927 gratitudinem
464 876 632 920 excitari,
668 875 762 913 duos
801 876 865 913 alii
902 875 1049 913 Coenae
1086 875 1309 913 Dominicae
1346 876 1439 913 fines
1477 876 1707 913 constituere

159 943 388 980 maluerunt:
429 941 735 991 obsignationem
773 941 895 979 nostri
933 941 1108 979 videlicet
1144 945 1180 979 et
1208 941 1297 979 novi
1325 954 1474 978 rursum
1505 945 1629 979 motus
1657 942 1705 979 ad

158 1008 360 1046 amandum
391 1008 583 1045 Christum
612 1013 648 1045 et
676 1007 902 1045 declaranda
931 1021 1019 1057 erga
1049 1007 1171 1058 ipsum
1201 1007 1445 1057 gratitudinis
1472 1012 1624 1045 nostrae
1646 1008 1706 1045 os-

158 1075 243 1112 ficia
271 1073 550 1112 excitationem.
603 1072 739 1124 Neque
768 1086 994 1124 magnopere
1022 1074 1150 1117 refert,
1179 1087 1343 1111 unumne
1371 1077 1435 1111 aut
1462 1073 1587 1125 plures
1610 1073 1703 1112 Coe-

158 1153 228 1178 nae
256 1137 477 1177 Dominicae
506 1139 599 1176 fines
629 1141 849 1184 statuamus,
887 1138 1000 1176 modo
1029 1143 1070 1176 ut
1097 1138 1192 1176 alios
1221 1139 1314 1176 fines
1343 1151 1472 1176 omnes
1500 1139 1546 1176 ad
1576 1139 1706 1189 obsig-

158 1205 350 1243 nationem
378 1203 497 1250 illam,
525 1206 706 1254 tanquam
734 1203 780 1240 ad
811 1203 974 1241 radicem
1003 1203 1161 1241 aliorum
1191 1203 1374 1248 omnium,
1402 1205 1618 1243 referamus.

212 1268 542 1307 Quemadmodum
578 1272 702 1306 autem
739 1268 779 1305 in
809 1268 880 1306 hoc
908 1268 1145 1319 potissimum
1177 1269 1341 1306 Coenam
1371 1269 1527 1307 Domini
1553 1269 1706 1307 institu-

158 1337 236 1372 tam
274 1346 354 1371 esse
392 1332 576 1379 videmus,
612 1336 652 1370 ut
689 1333 767 1370 eius
803 1346 874 1370 usu
902 1332 940 1370 in
970 1333 1041 1370 fide
1070 1337 1222 1371 nostrae
1247 1347 1331 1371 cum
1362 1334 1510 1371 Christo
1541 1333 1705 1371 Domino

159 1397 436 1435 communionis
474 1397 731 1447 obsignemur,
767 1398 820 1435 ita
849 1397 917 1435 hae
944 1398 1324 1448 potissimunretiain
1352 1398 1392 1436 in
1421 1399 1529 1448 signo
1560 1400 1706 1437 Coenae

158 1466 281 1513 partes
318 1461 574 1500 observandae
610 1461 721 1499 nobis
759 1465 858 1506 sunt,
896 1476 992 1513 quae
1019 1463 1131 1500 nobis
1159 1463 1326 1500 omnium
1358 1463 1705 1512 significantissime

161 1525 307 1562 Coenae
341 1525 461 1576 ipsius
496 1524 715 1574 mysterium
747 1524 975 1563 adumbrant
1003 1530 1115 1576 atque
1142 1530 1436 1577 repraesentant,
1463 1539 1537 1577 quo
1566 1527 1604 1563 in
1633 1525 1706 1563 fide

158 1590 260 1628 illius
309 1590 445 1628 certius
481 1589 741 1639 obsigncmur.
797 1590 844 1627 Et
882 1590 968 1641 quia
1007 1605 1135 1628 rursus
1173 1591 1395 1642 mysterium
1433 1595 1584 1629 nostrae
1622 1604 1706 1629 cum

161 1655 312 1693 Christo
342 1655 619 1693 communionis
648 1655 775 1693 multis
805 1656 993 1706 variisque
1020 1656 1241 1694 nominibus
1268 1669 1311 1693 ac
1341 1656 1707 1695 considerationibus

161 1719 271 1758 nobis
310 1719 606 1764 commendatur,
644 1733 805 1770 quorum
844 1720 937 1757 aliae
974 1721 1059 1758 aliis
1098 1724 1186 1758 sunt
1221 1721 1474 1758 evidentiores
1512 1721 1707 1772 magisque

160 1785 391 1823 necessariae
419 1784 465 1822 ad
493 1785 604 1822 fidem
633 1785 736 1823 illius
764 1785 1061 1836 approbandam,
1089 1787 1128 1823 in
1157 1799 1230 1837 qua
1259 1786 1376 1823 animi
1405 1786 1526 1824 nostri
1547 1786 1708 1824 debeant

159 1849 397 1900 potissimum
426 1849 697 1900 obsignari,—
719 1852 827 1898 (238)
851 1863 940 1888 sane
968 1850 1000 1888 si
1027 1854 1131 1889 tanta
1161 1855 1218 1888 est
1247 1850 1415 1900 mysterii
1443 1851 1552 1888 huius
1583 1850 1706 1899 digni-

158 1920 213 1952 tas
252 1915 548 1965 atquevutilitas,
585 1919 627 1952 ut
664 1915 788 1952 nullae
826 1915 1070 1966 quantumvis
1109 1919 1274 1953 remotae
1302 1916 1405 1954 illius
1434 1916 1707 1954 consideratio-

159 1993 225 2017 nes
261 1980 397 2026 omitti,
434 1980 571 2018 nedum
608 1980 761 2018 inutiles
799 1984 862 2018 aut
899 1981 1039 2019 nimiae
1073 1981 1285 2019 existimari
1321 1995 1473 2033 quoquo
1502 1982 1614 2019 modo
1643 1982 1706 2020 de-

161 2045 286 2091 beant,
321 2049 446 2082 tamen
484 2044 579 2082 aliae
616 2058 704 2095 prae
739 2045 823 2083 aliis
861 2045 981 2094 magis
1011 2050 1099 2084 sunt
1127 2046 1399 2089 observandae,
1426 2047 1646 2097 praesertim
1676 2046 1707 2084 si

161 2123 237 2148 non
274 2111 443 2148 omnium
481 2124 623 2162 semper
650 2124 694 2148 ex
723 2125 840 2162 aequo
870 2112 1086 2149 meminisse
1113 2111 1316 2163 possimus,
1344 2125 1477 2163 nempe
1504 2126 1599 2163 quae
1628 2125 1706 2150 ma·

160 2177 231 2226 gis,
257 2181 299 2214 ut
327 2177 503 2220 diximus,
531 2176 724 2214 evidentes
754 2181 840 2214 sunt
868 2190 911 2214 ac
941 2178 1172 2215 necessariae
1199 2177 1246 2214 ad
1277 2177 1594 2227 comprobandam
1625 2190 1704 2227 my-

162 2241 267 2280 sterii
293 2241 409 2292 ipsius
431 2241 560 2284 fidem,
590 2240 628 2278 in
657 2253 732 2291 quo
759 2240 865 2278 iuxta
893 2242 1160 2292 praestitutum
1190 2242 1334 2279 Coenae
1356 2241 1577 2279 Dominicac
1596 2243 1708 2280 finem

163 2306 358 2356 obsignari
393 2305 606 2344 debeamus,
662 2305 860 2343 Quatenus
896 2305 1012 2355 igitur
1050 2310 1201 2343 nostrae
1241 2319 1322 2344 cum
1362 2306 1513 2344 Christo
1543 2306 1706 2344 Domino

164 2370 439 2408 communionis
486 2369 807 2408 considerationes
844 2370 938 2407 aliae
980 2374 1066 2408 sunt
1104 2370 1187 2408 aliis
1224 2370 1472 2408 evidentiores
1510 2384 1553 2408 ac
1589 2371 1707 2421 magis

164 2436 393 2474 necessariae
435 2435 480 2473 ad
527 2435 811 2486 approbandam
849 2435 958 2473 nobis
996 2435 1106 2474 fidem
1141 2435 1258 2481 illius,
1310 2440 1345 2474 et
1382 2436 1539 2487 proinde
1574 2438 1708 2475 merito

163 2501 275 2539 etiam
311 2501 406 2538 aliae
441 2513 529 2551 prae
566 2499 662 2546 aliis,
692 2512 775 2538 cum
809 2499 901 2538 alias
939 2514 1094 2552 semper,
1120 2504 1203 2538 tum
1231 2514 1320 2538 vero
1349 2500 1387 2539 in
1415 2501 1497 2552 ipso
1524 2501 1708 2553 imprimis

166 2567 312 2603 Coenae
340 2565 563 2603 Dominicae
590 2577 662 2602 usu
690 2564 884 2602 observari
912 2565 1031 2614 magis
1062 2565 1212 2611 debent,
1238 2569 1391 2616 propter
1417 2566 1564 2604 Coenae
1589 2566 1709 2617 ipsius

165 2629 290 2674 finem,
318 2628 438 2666 nostri
465 2628 621 2680 inquam
641 2627 679 2665 in
701 2627 776 2665 fide
795 2627 873 2666 eius
893 2628 1010 2679 ipsius
1031 2628 1308 2666 communionis
1328 2628 1709 2679 obsignationem‚—-

167 2692 344 2731 hactenus
383 2706 472 2731 sane
508 2697 542 2731 et
579 2692 620 2730 in
658 2692 767 2742 signo
804 2693 950 2731 Coenae
988 2693 1210 2731 Dominicae
1249 2693 1347 2731 inter
1374 2707 1448 2738 eas,
1483 2708 1575 2745 quas
1605 2708 1708 2733 com-

162 2757 451 2795 memoravimus
488 2758 589 2795 illius
624 2762 760 2808 partes,
798 2757 883 2796 illae
920 2757 1003 2795 aliis
1039 2759 1331 2808 praestantiores
1374 2759 1645 2797 existimandae
1672 2764 1708 2798 et

163 2821 320 2872 proinde
354 2822 494 2860 maiore
532 2822 645 2860 etiam
683 2834 770 2860 cura
805 2821 1061 2861 observandae
1100 2826 1199 2867 sunt,
1234 2836 1328 2874 quae
1355 2823 1401 2861 ad
1430 2823 1710 2862 adumbrandas

163 2885 413 2924 evidentiores
441 2887 523 2925 illas
552 2900 595 2924 ac
623 2887 742 2937 magis
771 2887 998 2926 necessarias
1026 2887 1259 2939 approbandi
1288 2888 1398 2927 nobis
1426 2888 1593 2941 mysterii
1614 2889 1710 2939 Coe<

1587 2990 1611 3019 Φ.
