1830 3147
765 95 832 132 589
1287 86 1350 134 [A.
1376 84 1421 121 D.
1448 81 1560 129 1544]

34 231 72 256 re
113 216 240 253 vestris
281 221 426 261 quoque
459 207 622 257 precibus
656 204 771 242 iuvari
795 201 951 252 postulo.
1001 199 1039 236 Si
1065 200 1183 235 tamen
1207 195 1324 232 luctae
1349 192 1454 248 liuius
1478 202 1574 228 meae

34 279 172 317 nullum
206 277 262 313 hio
296 274 453 311 fructum
478 268 628 311 videam,
662 266 706 303 de
737 262 941 313 deponendo
984 258 1182 297 ministerio
1206 257 1273 294 hoo
1296 267 1375 292 meo
1399 251 1576 300 cogitabo.

35 338 263 390 Expectando
296 338 382 373 sunt
414 331 500 370 mihi
530 341 653 366 rursus
690 340 785 365 nova
810 324 970 363 fortassis
996 321 1145 358 fulmina.
1169 319 1212 356 ab
1237 317 1331 355 Aula
1355 314 1577 357 Brabantiea,

38 403 98 440 sed
122 399 303 450 potentior
329 398 384 434 est
409 394 520 430 Deus.
563 390 661 427 Huic
687 388 795 426 semel
820 385 966 428 credidi,
991 383 1073 420 huic
1099 384 1135 419 et
1160 392 1255 417 nunc
1280 390 1335 415 me
1359 379 1477 414 totum
1502 387 1578 423 per-

38 464 155 501 mitto.
208 459 308 497 Vale.
358 457 458 492 Deus
490 452 657 500 Optimus
691 449 871 487 Maximus
896 446 1081 484 confirmet
1106 455 1170 480 nos
1197 440 1334 489 Spiritu
1360 439 1489 475 Sancto
1515 447 1580 473 suo

39 528 82 562 ut
123 521 257 559 Christi
295 516 440 555 Domini
471 513 680 551 beneficium
710 511 749 547 in
782 510 858 547 eius
891 505 1086 545 Ecclesiam
1118 501 1333 539 unanimiter
1357 499 1582 545 infractoque

42 586 159 623 animo
183 582 423 632 profiteamur.
448 575 614 620 Aenidae,
638 573 765 610 ultima
790 569 950 618 Augusti
974 579 1066 605 anno
1091 566 1185 601 1544
1203 566 1246 611 ⁵).

1076 627 1171 663 Vere
1195 625 1296 662 Tuus

997 689 1029 726 Ι.
1055 689 1077 725 a
1102 688 1236 724 LAsco.
1262 698 1309 722 m.
1359 697 1388 721 r.

93 765 236 803 Salvere
267 761 372 799 iubeo
407 760 624 809 Symmystas
650 758 733 793 tuos
759 764 880 792 omnes
906 763 1032 799 meque
1057 749 1129 787 illis
1153 748 1191 785 in
1216 696 1416 784 christiana
1439 743 1587 781 caritate

45 827 211 867 omnibus
236 821 453 863 commendo.

92 993 118 1032 ¹)
141 990 321 1022 Coehlaeus
355 989 469 1019 contra
503 995 574 1017 eum
611 981 757 1014 ediderat
789 988 899 1022 opusc.
931 977 981 1008 De
1009 977 1190 1007 sanctorum
1221 971 1419 1004 invocatione
1440 969 1592 1001 adversus

51 1047 285 1087 Bullinqerzmz.
321 1044 413 1075 1544.
457 1042 508 1073 Cf.
533 1041 671 1075 Gniissn,
703 1037 766 1068 Lit.
795 1034 904 1066 Geselz.
927 1031 965 1066 V.
989 1042 1019 1074 p.
1043 1030 1114 1064 759.
1160 1029 1187 1069 Ξ)
1220 1028 1247 1060 Ι.
1272 1027 1448 1068 Rcekamp.
1491 1026 1517 1064 ³)
1542 1026 1594 1060 Sc,

51 1103 274 1142 Hardenberg.
318 1101 346 1138 ⁴)
368 1099 604 1139 Hieronymum
636 1094 673 1128 L.
704 1105 728 1124 s.
763 1090 924 1127 [al-oslaw‚
952 1087 1007 1129 qui
1041 1086 1216 1118 cracoviae
1245 1083 1327 1115 obiit
1358 1082 1402 1114 a⁰.
1427 1082 1519 1115 1542.
1543 1081 1594 1112 Cf.

52 1161 292 1192 Rncnnvonsc.
315 1166 347 1198 p.
370 1155 443 1187 409.
466 1154 492 1194 5)
516 1153 575 1184 Est
597 1151 676 1182 haec
699 1159 784 1190 resp.
808 1147 846 1179 ad
871 1146 931 1187 Ep.
954 1143 1041 1175 Bull.
1065 1143 1116 1174 Cf.
1141 1142 1324 1173 GABBEMA.
1347 1150 1380 1182 p.
1401 1138 1453 1172 98.

51 1284 1583 1314 st

61 1371 127 1417 N0‘.
154 1379 212 1416 24.
1222 1362 1330 1411 [111111.
1347 1363 1439 1398 numm.
1456 1364 1482 1397 1.
1499 1373 1523 1405 p.
1540 1358 1597 1405 11]

603 1491 659 1529 Ad
684 1492 846 1529 Ammon
870 1498 1069 1530 QUENDAM.

413 1615 564 1663 Legitur
591 1614 644 1651 ed.
671 1615 786 1651 nostr.
809 1612 909 1649 Tom.
935 1610 967 1648 I.
992 1622 1026 1658 p.
1053 1606 1254 1647 465-479.

75 1730 1601 1756 Μ

64 1847 130 1886 N0.
156 1848 213 1883 95.
1275 1837 1381 1883 [nard.
1396 1834 1598 1880 s.a.11b.5:3:3.]

620 1964 677 2001 Ad
704 1964 1059 1999 HARDENBERGHJM.

120 2087 213 2124 Veni
238 2086 306 2123 huc
331 2085 386 2122 die
411 2083 526 2127 lunae,
551 2085 595 2119 ut
618 2082 788 2125 volebam,
814 2081 861 2117 mi
887 2081 932 2118 D.
956 2079 1122 2116 Alberte!
1150 2077 1210 2115 sed
1236 2089 1350 2124 neque
1373 2088 1488 2113 meum
1506 2074 1606 2111 illum

75 2161 118 2186 ex
144 2148 270 2197 patria,
306 2158 421 2194 neque
447 2145 646 2194 Syburgum
672 2146 835 2180 nostrum
856 2143 895 2189 ¹),
920 2153 1035 2189 neque
1061 2141 1145 2176 item
1170 2138 1361 2187 principem
1386 2137 1479 2174 hunc
1497 2138 1526 2185 2)
1553 2135 1609 2171 hic

75 2210 199 2259 reperi.

126 2269 288 2307 Nuntius
314 2266 372 2304 ille
398 2269 519 2303 noster
544 2265 743 2302 Bonnensis
770 2263 929 2300 fortassis
953 2261 996 2298 ad
1021 2260 1257 2298 constitutum
1275 2258 1341 2295 sibi
1358 2257 1447 2294 diem
1465 2256 1610 2294 Emdam

74 2344 146 2369 non
173 2329 344 2379 pervenit,
370 2327 503 2374 alioqui
528 2326 588 2362 ille
613 2338 711 2362 meus
736 2337 780 2361 ex
804 2324 918 2372 patria
935 2323 1009 2358 lieri
1026 2321 1150 2357 saltem
1169 2321 1236 2356 huc
1253 2319 1419 2356 venisset.
1438 2318 1592 2364 Siburgu

79 2405 164 2429 vero
199 2403 239 2428 eo
273 2390 348 2438 ipso
375 2388 478 2424 lunae
504 2387 570 2431 die,
604 2400 675 2434 quo
702 2387 770 2423 huc
796 2385 889 2429 veni,
915 2396 957 2420 ex
983 2383 1116 2429 lburgo
1136 2384 1164 2429 ε)
1191 2381 1371 2429 profectus
1398 2384 1461 2423 est,
1488 2379 1613 2415 Mona-

81 2453 228 2491 sterium
264 2464 334 2487 non
367 2450 416 2486 ila
449 2449 522 2486 cito
558 2449 750 2485 rediturus.
799 2447 971 2493 Princeps
998 2457 1080 2481 voro
1107 2450 1161 2480 est
1187 2442 1345 2490 quinque
1370 2454 1438 2477 non
1465 2440 1615 2488 amplius

80 2512 277 2550 miliaribus
310 2524 330 2547 a
362 2510 561 2556 Brunsviga
594 2522 665 2544 una
703 2522 782 2546 eum
807 2507 896 2544 duce
919 2505 1193 2551 Luueburgensi
1218 2509 1255 2540 et
1280 2502 1442 2539 nonnulli
1466 2502 1615 2538 aliorum

78 2575 285 2622 Principum
320 2572 458 2619 legatis,
491 2572 541 2607 ita
567 2578 608 2607 ut
635 2571 768 2606 frustra
800 2569 901 2617 plane
927 2568 994 2604 hue
1022 2566 1187 2603 venerim.
1236 2565 1343 2601 Nunc
1368 2565 1435 2600 iam
1461 2577 1567 2611 pergo
1585 2565 1616 2610 ⁴)

79 2635 225 2672 Emdam
258 2634 294 2670 in
330 2633 398 2669 Dei
433 2632 574 2669 nomine
611 2631 781 2678 iussique,
814 2635 857 2666 ut
889 2642 987 2665 meus
1019 2627 1080 2664 ille
1106 2640 1149 2663 ex
1174 2627 1298 2674 patria,
1324 2626 1355 2662 si
1380 2626 1522 2662 interim
1548 2625 1616 2662 huc

81 2695 212 2739 veniat,
238 2707 292 2730 me
318 2696 500 2740 sequatur.
534 2691 674 2727 Litetas
700 2694 780 2727 tuas
806 2689 849 2725 ad
875 2688 1075 2738 Syburgum
1101 2699 1161 2734 per
1186 2686 1279 2723 hunc
1310 2685 1477 2721 nuntium
1504 2691 1617 2721 trans-

83 2755 162 2790 misi
193 2755 352 2801 iussique
386 2756 428 2789 ut
461 2752 561 2788 illum
587 2755 733 2799 quaerat
758 2749 968 2787 Monasterii
993 2752 1056 2784 aut
1081 2747 1186 2783 etiam
1211 2747 1348 2792 Yburgi
1373 2746 1405 2782 si
1431 2759 1510 2782 eum
1538 2746 1616 2782 Mo-

84 2817 231 2853 nasterii
256 2829 328 2852 non
353 2814 533 2863 reperiret,
559 2813 748 2860 addidique
774 2812 846 2848 tuis
871 2822 963 2847 meas
989 2809 1109 2845 literas
1134 2807 1177 2843 acl
1202 2806 1314 2850 illum,
1332 2806 1460 2854 quibus
1478 2817 1617 2841 eausam

85 2879 184 2915 tuam
217 2877 375 2927 exposui,
409 2879 444 2914 et
469 2875 569 2920 iussi,
605 2878 647 2911 ut
673 2874 819 2911 formam
844 2872 1038 2916 literarum,
1064 2881 1153 2918 quas
1178 2882 1199 2905 a
1224 2868 1389 2917 Principe
1414 2867 1618 2906 Coloniensi
