<?xml version="1.0" encoding="UTF-8"?>
<!DOCTYPE html PUBLIC "-//W3C//DTD XHTML 1.0 Transitional//EN"
    "http://www.w3.org/TR/xhtml1/DTD/xhtml1-transitional.dtd">
<html xmlns="http://www.w3.org/1999/xhtml" xml:lang="en" lang="en">
 <head>
  <title>
</title>
<meta http-equiv="Content-Type" content="text/html;charset=utf-8" />
  <meta name='ocr-system' content='tesseract 3.04.00' />
  <meta name='ocr-capabilities' content='ocr_page ocr_carea ocr_par ocr_line ocrx_word'/>
</head>
<body>
  <div class='ocr_page' id='page_1' title='image "./operatameditaqua02lask_0028.png"; bbox 0 0 1830 3147; ppageno 0'>
   <div class='ocr_carea' id='block_1_1' title="bbox 131 82 176 121">
    <p class='ocr_par' dir='ltr' id='par_1_1' title="bbox 131 82 176 121">
     <span class='ocr_line' id='line_1_1' title="bbox 131 82 176 121; baseline -0.044 -1"><span class='ocrx_word' id='word_1_1' title='bbox 131 82 176 121; x_wconf 75' lang='lat' dir='ltr'>le</span> 
     </span>
    </p>
   </div>
   <div class='ocr_carea' id='block_1_2' title="bbox 115 193 1664 2898">
    <p class='ocr_par' dir='ltr' id='par_1_2' title="bbox 120 193 1664 831">
     <span class='ocr_line' id='line_1_2' title="bbox 124 193 1661 246; baseline -0.001 -13"><span class='ocrx_word' id='word_1_2' title='bbox 124 195 254 233; x_wconf 82' lang='lat' dir='ltr'>oculos</span> <span class='ocrx_word' id='word_1_3' title='bbox 281 195 454 246; x_wconf 87' lang='lat' dir='ltr'>protinus</span> <span class='ocrx_word' id='word_1_4' title='bbox 483 194 527 231; x_wconf 86' lang='lat' dir='ltr'>ad</span> <span class='ocrx_word' id='word_1_5' title='bbox 556 194 659 231; x_wconf 83' lang='lat' dir='ltr'>illam</span> <span class='ocrx_word' id='word_1_6' title='bbox 686 193 880 231; x_wconf 81' lang='lat' dir='ltr'>intendere</span> <span class='ocrx_word' id='word_1_7' title='bbox 906 208 973 245; x_wconf 86' lang='lat' dir='ltr'>pro</span> <span class='ocrx_word' id='word_1_8' title='bbox 1002 207 1067 231; x_wconf 87' lang='lat' dir='ltr'>sua</span> <span class='ocrx_word' id='word_1_9' title='bbox 1095 193 1313 231; x_wconf 85' lang='lat' dir='ltr'>infirmitate</span> <span class='ocrx_word' id='word_1_10' title='bbox 1341 197 1537 239; x_wconf 85' lang='lat' dir='ltr'>conantur,</span> <span class='ocrx_word' id='word_1_11' title='bbox 1564 194 1661 231; x_wconf 86' lang='lat' dir='ltr'>hane</span> 
     </span>
     <span class='ocr_line' id='line_1_3' title="bbox 123 257 1663 311; baseline -0.003 -13"><span class='ocrx_word' id='word_1_12' title='bbox 123 273 238 298; x_wconf 90' lang='lat' dir='ltr'>unam</span> <span class='ocrx_word' id='word_1_13' title='bbox 274 263 462 311; x_wconf 87' lang='lat' dir='ltr'>expetunt,</span> <span class='ocrx_word' id='word_1_14' title='bbox 497 258 537 296; x_wconf 93' lang='lat' dir='ltr'>in</span> <span class='ocrx_word' id='word_1_15' title='bbox 574 258 643 296; x_wconf 88' lang='lat' dir='ltr'>hac</span> <span class='ocrx_word' id='word_1_16' title='bbox 680 258 964 309; x_wconf 86' lang='lat' dir='ltr'>conquiescunt,</span> <span class='ocrx_word' id='word_1_17' title='bbox 991 257 1036 295; x_wconf 90' lang='lat' dir='ltr'>ad</span> <span class='ocrx_word' id='word_1_18' title='bbox 1066 257 1164 295; x_wconf 89' lang='lat' dir='ltr'>hanc</span> <span class='ocrx_word' id='word_1_19' title='bbox 1192 270 1304 295; x_wconf 91' lang='lat' dir='ltr'>unam</span> <span class='ocrx_word' id='word_1_20' title='bbox 1331 257 1496 295; x_wconf 88' lang='lat' dir='ltr'>referunt</span> <span class='ocrx_word' id='word_1_21' title='bbox 1524 258 1663 302; x_wconf 83' lang='lat' dir='ltr'>omnia,</span> 
     </span>
     <span class='ocr_line' id='line_1_4' title="bbox 123 323 1664 377; baseline -0.001 -14"><span class='ocrx_word' id='word_1_22' title='bbox 123 338 367 377; x_wconf 89' lang='lat' dir='ltr'>quaecunque</span> <span class='ocrx_word' id='word_1_23' title='bbox 392 324 643 375; x_wconf 88' lang='lat' dir='ltr'>undecunque</span> <span class='ocrx_word' id='word_1_24' title='bbox 668 323 710 362; x_wconf 93' lang='lat' dir='ltr'>in</span> <span class='ocrx_word' id='word_1_25' title='bbox 738 337 848 362; x_wconf 86' lang='lat' dir='ltr'>causa</span> <span class='ocrx_word' id='word_1_26' title='bbox 868 323 1063 373; x_wconf 82' lang='lat' dir='ltr'>religionis</span> <span class='ocrx_word' id='word_1_27' title='bbox 1081 323 1336 374; x_wconf 88' lang='lat' dir='ltr'>proferuntur.</span> <span class='ocrx_word' id='word_1_28' title='bbox 1367 323 1563 361; x_wconf 83' lang='lat' dir='ltr'>Caeterum</span> <span class='ocrx_word' id='word_1_29' title='bbox 1586 323 1664 375; x_wconf 84' lang='lat' dir='ltr'>qui,</span> 
     </span>
     <span class='ocr_line' id='line_1_5' title="bbox 123 387 1662 439; baseline -0.003 -9"><span class='ocrx_word' id='word_1_30' title='bbox 123 394 253 430; x_wconf 88' lang='lat' dir='ltr'>exorta</span> <span class='ocrx_word' id='word_1_31' title='bbox 287 391 327 428; x_wconf 91' lang='lat' dir='ltr'>in</span> <span class='ocrx_word' id='word_1_32' title='bbox 365 389 516 429; x_wconf 85' lang='lat' dir='ltr'>Christo</span> <span class='ocrx_word' id='word_1_33' title='bbox 552 389 716 427; x_wconf 92' lang='lat' dir='ltr'>Domino</span> <span class='ocrx_word' id='word_1_34' title='bbox 754 389 837 427; x_wconf 89' lang='lat' dir='ltr'>luce</span> <span class='ocrx_word' id='word_1_35' title='bbox 873 402 950 426; x_wconf 90' lang='lat' dir='ltr'>non</span> <span class='ocrx_word' id='word_1_36' title='bbox 988 389 1169 435; x_wconf 77' lang='lat' dir='ltr'>contenti,</span> <span class='ocrx_word' id='word_1_37' title='bbox 1195 388 1288 426; x_wconf 90' lang='lat' dir='ltr'>alias</span> <span class='ocrx_word' id='word_1_38' title='bbox 1314 388 1371 426; x_wconf 89' lang='lat' dir='ltr'>illi</span> <span class='ocrx_word' id='word_1_39' title='bbox 1399 387 1523 426; x_wconf 90' lang='lat' dir='ltr'>nessio</span> <span class='ocrx_word' id='word_1_40' title='bbox 1552 401 1662 439; x_wconf 87' lang='lat' dir='ltr'>quas,</span> 
     </span>
     <span class='ocr_line' id='line_1_6' title="bbox 123 447 1662 506; baseline -0.001 -12"><span class='ocrx_word' id='word_1_41' title='bbox 123 455 199 494; x_wconf 88' lang='lat' dir='ltr'>sive</span> <span class='ocrx_word' id='word_1_42' title='bbox 234 456 400 499; x_wconf 86' lang='lat' dir='ltr'>Patrum,</span> <span class='ocrx_word' id='word_1_43' title='bbox 428 455 505 492; x_wconf 88' lang='lat' dir='ltr'>sive</span> <span class='ocrx_word' id='word_1_44' title='bbox 533 454 790 492; x_wconf 90' lang='lat' dir='ltr'>Conciliorum</span> <span class='ocrx_word' id='word_1_45' title='bbox 815 454 1021 506; x_wconf 84' lang='lat' dir='ltr'>peculiares</span> <span class='ocrx_word' id='word_1_46' title='bbox 1047 454 1260 491; x_wconf 85' lang='lat' dir='ltr'>lucernulas</span> <span class='ocrx_word' id='word_1_47' title='bbox 1287 447 1491 502; x_wconf 80' lang='lat' dir='ltr'>adiungere</span> <span class='ocrx_word' id='word_1_48' title='bbox 1517 453 1662 499; x_wconf 86' lang='lat' dir='ltr'>volunt,</span> 
     </span>
     <span class='ocr_line' id='line_1_7' title="bbox 122 518 1660 572; baseline -0.001 -14"><span class='ocrx_word' id='word_1_49' title='bbox 122 525 188 558; x_wconf 89' lang='lat' dir='ltr'>aut</span> <span class='ocrx_word' id='word_1_50' title='bbox 214 520 278 572; x_wconf 91' lang='lat' dir='ltr'>qui</span> <span class='ocrx_word' id='word_1_51' title='bbox 304 520 389 557; x_wconf 88' lang='lat' dir='ltr'>illas</span> <span class='ocrx_word' id='word_1_52' title='bbox 417 520 493 557; x_wconf 90' lang='lat' dir='ltr'>luci</span> <span class='ocrx_word' id='word_1_53' title='bbox 521 519 663 557; x_wconf 83' lang='lat' dir='ltr'>Christi</span> <span class='ocrx_word' id='word_1_54' title='bbox 689 518 845 557; x_wconf 89' lang='lat' dir='ltr'>Domini</span> <span class='ocrx_word' id='word_1_55' title='bbox 872 522 1118 570; x_wconf 85' lang='lat' dir='ltr'>anteponunt,</span> <span class='ocrx_word' id='word_1_56' title='bbox 1144 540 1196 547; x_wconf 92' lang='lat'>—</span> <span class='ocrx_word' id='word_1_57' title='bbox 1223 518 1281 556; x_wconf 91' lang='lat' dir='ltr'>his</span> <span class='ocrx_word' id='word_1_58' title='bbox 1309 532 1398 556; x_wconf 84' lang='lat' dir='ltr'>sane</span> <span class='ocrx_word' id='word_1_59' title='bbox 1417 518 1660 557; x_wconf 81' lang='lat' dir='ltr'>excaecandis</span> 
     </span>
     <span class='ocr_line' id='line_1_8' title="bbox 123 584 1662 635; baseline -0.001 -12"><span class='ocrx_word' id='word_1_60' title='bbox 123 598 208 624; x_wconf 89' lang='lat' dir='ltr'>cum</span> <span class='ocrx_word' id='word_1_61' title='bbox 247 585 436 623; x_wconf 86' lang='lat' dir='ltr'>Christum</span> <span class='ocrx_word' id='word_1_62' title='bbox 471 584 677 623; x_wconf 90' lang='lat' dir='ltr'>Dominum</span> <span class='ocrx_word' id='word_1_63' title='bbox 714 585 858 622; x_wconf 90' lang='lat' dir='ltr'>venisse</span> <span class='ocrx_word' id='word_1_64' title='bbox 894 598 972 623; x_wconf 91' lang='lat' dir='ltr'>non</span> <span class='ocrx_word' id='word_1_65' title='bbox 999 585 1227 633; x_wconf 76' lang='lat' dir='ltr'>ignoremus,</span> <span class='ocrx_word' id='word_1_66' title='bbox 1254 584 1426 635; x_wconf 86' lang='lat' dir='ltr'>equidem</span> <span class='ocrx_word' id='word_1_67' title='bbox 1451 584 1538 622; x_wconf 91' lang='lat' dir='ltr'>illos</span> <span class='ocrx_word' id='word_1_68' title='bbox 1564 584 1662 622; x_wconf 87' lang='lat' dir='ltr'>tanti</span> 
     </span>
     <span class='ocr_line' id='line_1_9' title="bbox 121 648 1660 700; baseline -0.001 -12"><span class='ocrx_word' id='word_1_69' title='bbox 121 652 243 688; x_wconf 86' lang='lat' dir='ltr'>facere</span> <span class='ocrx_word' id='word_1_70' title='bbox 269 663 346 687; x_wconf 90' lang='lat' dir='ltr'>non</span> <span class='ocrx_word' id='word_1_71' title='bbox 374 650 566 695; x_wconf 87' lang='lat' dir='ltr'>debemus,</span> <span class='ocrx_word' id='word_1_72' title='bbox 593 654 636 687; x_wconf 89' lang='lat' dir='ltr'>ut</span> <span class='ocrx_word' id='word_1_73' title='bbox 662 653 812 700; x_wconf 87' lang='lat' dir='ltr'>propter</span> <span class='ocrx_word' id='word_1_74' title='bbox 839 662 902 687; x_wconf 84' lang='lat' dir='ltr'>eos</span> <span class='ocrx_word' id='word_1_75' title='bbox 931 649 1072 687; x_wconf 85' lang='lat' dir='ltr'>Christi</span> <span class='ocrx_word' id='word_1_76' title='bbox 1098 648 1254 687; x_wconf 87' lang='lat' dir='ltr'>Domini</span> <span class='ocrx_word' id='word_1_77' title='bbox 1279 650 1402 687; x_wconf 90' lang='lat' dir='ltr'>lucem</span> <span class='ocrx_word' id='word_1_78' title='bbox 1428 652 1472 700; x_wconf 87' lang='grc' dir='ltr'>(β</span> <span class='ocrx_word' id='word_1_79' title='bbox 1493 653 1555 698; x_wconf 82' lang='lat' dir='ltr'>2b)</span> <span class='ocrx_word' id='word_1_80' title='bbox 1582 654 1660 687; x_wconf 88' lang='lat' dir='ltr'>tam</span> 
     </span>
     <span class='ocr_line' id='line_1_10' title="bbox 120 713 1659 766; baseline -0.001 -13"><span class='ocrx_word' id='word_1_81' title='bbox 120 716 160 753; x_wconf 90' lang='lat' dir='ltr'>in</span> <span class='ocrx_word' id='word_1_82' title='bbox 189 715 373 759; x_wconf 87' lang='lat' dir='ltr'>doctrina,</span> <span class='ocrx_word' id='word_1_83' title='bbox 400 728 512 766; x_wconf 89' lang='lat' dir='ltr'>quam</span> <span class='ocrx_word' id='word_1_84' title='bbox 539 715 578 752; x_wconf 90' lang='lat' dir='ltr'>in</span> <span class='ocrx_word' id='word_1_85' title='bbox 607 714 759 766; x_wconf 89' lang='lat' dir='ltr'>publico</span> <span class='ocrx_word' id='word_1_86' title='bbox 789 714 893 752; x_wconf 90' lang='lat' dir='ltr'>cultu</span> <span class='ocrx_word' id='word_1_87' title='bbox 919 714 1051 765; x_wconf 87' lang='lat' dir='ltr'>ipsius,</span> <span class='ocrx_word' id='word_1_88' title='bbox 1078 714 1248 764; x_wconf 87' lang='lat' dir='ltr'>proferre</span> <span class='ocrx_word' id='word_1_89' title='bbox 1274 713 1548 752; x_wconf 86' lang='lat' dir='ltr'>infirmioribus</span> <span class='ocrx_word' id='word_1_90' title='bbox 1575 714 1659 765; x_wconf 89' lang='lat' dir='ltr'>(qui</span> 
     </span>
     <span class='ocr_line' id='line_1_11' title="bbox 120 774 1464 831; baseline -0.001 -13"><span class='ocrx_word' id='word_1_91' title='bbox 120 781 224 818; x_wconf 87' lang='lat' dir='ltr'>illam</span> <span class='ocrx_word' id='word_1_92' title='bbox 251 782 448 831; x_wconf 85' lang='lat' dir='ltr'>expetunt)</span> <span class='ocrx_word' id='word_1_93' title='bbox 476 780 552 818; x_wconf 91' lang='lat' dir='ltr'>ullo</span> <span class='ocrx_word' id='word_1_94' title='bbox 581 780 692 817; x_wconf 83' lang='lat' dir='ltr'>modo</span> <span class='ocrx_word' id='word_1_95' title='bbox 722 774 953 818; x_wconf 81' lang='lat' dir='ltr'>cunctemur.</span> <span class='ocrx_word' id='word_1_96' title='bbox 981 792 1027 816; x_wconf 91' lang='lat' dir='ltr'>ne</span> <span class='ocrx_word' id='word_1_97' title='bbox 1055 777 1177 816; x_wconf 89' lang='lat' dir='ltr'>dicam</span> <span class='ocrx_word' id='word_1_98' title='bbox 1205 778 1464 818; x_wconf 81' lang='lat' dir='ltr'>detrectemus,</span> 
     </span>
    </p>

    <p class='ocr_par' dir='ltr' id='par_1_3' title="bbox 115 842 1660 2898">
     <span class='ocr_line' id='line_1_12' title="bbox 172 842 1658 894; baseline -0.001 -11"><span class='ocrx_word' id='word_1_99' title='bbox 172 845 278 883; x_wconf 87' lang='lat' dir='ltr'>Haec</span> <span class='ocrx_word' id='word_1_100' title='bbox 322 858 410 894; x_wconf 87' lang='lat' dir='ltr'>ergo</span> <span class='ocrx_word' id='word_1_101' title='bbox 453 844 564 882; x_wconf 89' lang='lat' dir='ltr'>nobis</span> <span class='ocrx_word' id='word_1_102' title='bbox 600 844 714 882; x_wconf 88' lang='lat' dir='ltr'>etiam</span> <span class='ocrx_word' id='word_1_103' title='bbox 751 843 900 881; x_wconf 87' lang='lat' dir='ltr'>consilii</span> <span class='ocrx_word' id='word_1_104' title='bbox 938 843 1060 881; x_wconf 80' lang='lat' dir='ltr'>nostri</span> <span class='ocrx_word' id='word_1_105' title='bbox 1096 842 1193 880; x_wconf 88' lang='lat' dir='ltr'>ratio</span> <span class='ocrx_word' id='word_1_106' title='bbox 1230 842 1303 880; x_wconf 84' lang='lat' dir='ltr'>fuit</span> <span class='ocrx_word' id='word_1_107' title='bbox 1339 843 1378 880; x_wconf 91' lang='lat' dir='ltr'>in</span> <span class='ocrx_word' id='word_1_108' title='bbox 1417 843 1658 882; x_wconf 85' lang='lat' dir='ltr'>restituendis</span> 
     </span>
     <span class='ocr_line' id='line_1_13' title="bbox 122 907 1660 960; baseline -0.001 -12"><span class='ocrx_word' id='word_1_109' title='bbox 122 911 242 948; x_wconf 89' lang='lat' dir='ltr'>cultus</span> <span class='ocrx_word' id='word_1_110' title='bbox 272 909 390 947; x_wconf 90' lang='lat' dir='ltr'>divini</span> <span class='ocrx_word' id='word_1_111' title='bbox 416 909 551 947; x_wconf 89' lang='lat' dir='ltr'>ritibus</span> <span class='ocrx_word' id='word_1_112' title='bbox 578 913 732 960; x_wconf 86' lang='lat' dir='ltr'>totaque</span> <span class='ocrx_word' id='word_1_113' title='bbox 759 909 850 946; x_wconf 85' lang='lat' dir='ltr'>adeo</span> <span class='ocrx_word' id='word_1_114' title='bbox 878 907 1081 946; x_wconf 81' lang='lat' dir='ltr'>ministerii</span> <span class='ocrx_word' id='word_1_115' title='bbox 1108 907 1392 954; x_wconf 79' lang='lat' dir='ltr'>instauratione,</span> <span class='ocrx_word' id='word_1_116' title='bbox 1415 912 1660 959; x_wconf 81' lang='lat' dir='ltr'>posteaquam</span> 
     </span>
     <span class='ocr_line' id='line_1_14' title="bbox 122 973 1660 1025; baseline -0.001 -12"><span class='ocrx_word' id='word_1_117' title='bbox 122 976 248 1013; x_wconf 89' lang='lat' dir='ltr'>divino</span> <span class='ocrx_word' id='word_1_118' title='bbox 287 974 467 1012; x_wconf 90' lang='lat' dir='ltr'>beneficio</span> <span class='ocrx_word' id='word_1_119' title='bbox 504 975 710 1012; x_wconf 83' lang='lat' dir='ltr'>Ecclesiam</span> <span class='ocrx_word' id='word_1_120' title='bbox 748 974 859 1012; x_wconf 86' lang='lat' dir='ltr'>nobis</span> <span class='ocrx_word' id='word_1_121' title='bbox 894 987 959 1025; x_wconf 86' lang='lat' dir='ltr'>per</span> <span class='ocrx_word' id='word_1_122' title='bbox 994 973 1272 1024; x_wconf 89' lang='lat' dir='ltr'>pientissimum</span> <span class='ocrx_word' id='word_1_123' title='bbox 1309 973 1519 1024; x_wconf 88' lang='lat' dir='ltr'>Principem</span> <span class='ocrx_word' id='word_1_124' title='bbox 1548 979 1660 1025; x_wconf 85' lang='lat' dir='ltr'>atque</span> 
     </span>
     <span class='ocr_line' id='line_1_15' title="bbox 120 1038 1660 1089; baseline -0.001 -11"><span class='ocrx_word' id='word_1_125' title='bbox 120 1046 270 1079; x_wconf 83' lang='lat' dir='ltr'>aeterna</span> <span class='ocrx_word' id='word_1_126' title='bbox 298 1040 455 1089; x_wconf 76' lang='lat' dir='ltr'>dignum</span> <span class='ocrx_word' id='word_1_127' title='bbox 482 1040 673 1084; x_wconf 87' lang='lat' dir='ltr'>memoria,</span> <span class='ocrx_word' id='word_1_128' title='bbox 700 1040 998 1082; x_wconf 85' lang='lat' dir='ltr'>Eduardum,</span> <span class='ocrx_word' id='word_1_129' title='bbox 1026 1039 1105 1076; x_wconf 87' lang='lat' dir='ltr'>eius</span> <span class='ocrx_word' id='word_1_130' title='bbox 1133 1038 1298 1076; x_wconf 89' lang='lat' dir='ltr'>nominis</span> <span class='ocrx_word' id='word_1_131' title='bbox 1320 1043 1479 1085; x_wconf 85' lang='lat' dir='ltr'>sextum,</span> <span class='ocrx_word' id='word_1_132' title='bbox 1500 1039 1660 1089; x_wconf 83' lang='lat' dir='ltr'>Angliae</span> 
     </span>
     <span class='ocr_line' id='line_1_16' title="bbox 119 1103 1657 1155; baseline -0.002 -10"><span class='ocrx_word' id='word_1_133' title='bbox 119 1111 192 1145; x_wconf 88' lang='lat' dir='ltr'>etc.</span> <span class='ocrx_word' id='word_1_134' title='bbox 228 1107 381 1155; x_wconf 69' lang='lat' dir='ltr'>Regem,</span> <span class='ocrx_word' id='word_1_135' title='bbox 418 1118 632 1147; x_wconf 79' lang='lat' dir='ltr'>concessam</span> <span class='ocrx_word' id='word_1_136' title='bbox 670 1105 903 1142; x_wconf 83' lang='lat' dir='ltr'>haberemus.</span> <span class='ocrx_word' id='word_1_137' title='bbox 960 1104 1143 1155; x_wconf 89' lang='lat' dir='ltr'>Cupiebat</span> <span class='ocrx_word' id='word_1_138' title='bbox 1179 1104 1260 1141; x_wconf 82' lang='lat' dir='ltr'>Rex</span> <span class='ocrx_word' id='word_1_139' title='bbox 1296 1103 1360 1141; x_wconf 89' lang='lat' dir='ltr'>ille</span> <span class='ocrx_word' id='word_1_140' title='bbox 1389 1104 1657 1142; x_wconf 85' lang='lat' dir='ltr'>Sanctissimus</span> 
     </span>
     <span class='ocr_line' id='line_1_17' title="bbox 118 1168 1658 1221; baseline -0.004 -10"><span class='ocrx_word' id='word_1_141' title='bbox 118 1173 172 1211; x_wconf 85' lang='lat' dir='ltr'>ita</span> <span class='ocrx_word' id='word_1_142' title='bbox 199 1172 422 1214; x_wconf 84' lang='lat' dir='ltr'>restitutam,</span> <span class='ocrx_word' id='word_1_143' title='bbox 451 1170 573 1221; x_wconf 89' lang='lat' dir='ltr'>quoad</span> <span class='ocrx_word' id='word_1_144' title='bbox 602 1170 681 1207; x_wconf 88' lang='lat' dir='ltr'>eius</span> <span class='ocrx_word' id='word_1_145' title='bbox 711 1170 790 1206; x_wconf 89' lang='lat' dir='ltr'>fieri</span> <span class='ocrx_word' id='word_1_146' title='bbox 816 1173 955 1220; x_wconf 88' lang='lat' dir='ltr'>posset,</span> <span class='ocrx_word' id='word_1_147' title='bbox 981 1169 1021 1205; x_wconf 93' lang='lat' dir='ltr'>in</span> <span class='ocrx_word' id='word_1_148' title='bbox 1047 1169 1223 1206; x_wconf 89' lang='lat' dir='ltr'>universo</span> <span class='ocrx_word' id='word_1_149' title='bbox 1253 1168 1384 1217; x_wconf 75' lang='lat' dir='ltr'>Regno</span> <span class='ocrx_word' id='word_1_150' title='bbox 1413 1180 1480 1205; x_wconf 90' lang='lat' dir='ltr'>suo</span> <span class='ocrx_word' id='word_1_151' title='bbox 1508 1181 1658 1206; x_wconf 89' lang='lat' dir='ltr'>omnem</span> 
     </span>
     <span class='ocr_line' id='line_1_18' title="bbox 119 1233 1658 1288; baseline -0.003 -13"><span class='ocrx_word' id='word_1_152' title='bbox 119 1238 229 1288; x_wconf 88' lang='lat' dir='ltr'>plane</span> <span class='ocrx_word' id='word_1_153' title='bbox 265 1236 498 1286; x_wconf 78' lang='lat' dir='ltr'>religionem,</span> <span class='ocrx_word' id='word_1_154' title='bbox 534 1239 573 1272; x_wconf 89' lang='lat' dir='ltr'>ut</span> <span class='ocrx_word' id='word_1_155' title='bbox 609 1235 711 1272; x_wconf 88' lang='lat' dir='ltr'>nulla</span> <span class='ocrx_word' id='word_1_156' title='bbox 749 1235 825 1272; x_wconf 90' lang='lat' dir='ltr'>fere</span> <span class='ocrx_word' id='word_1_157' title='bbox 863 1234 933 1271; x_wconf 83' lang='lat' dir='ltr'>alia</span> <span class='ocrx_word' id='word_1_158' title='bbox 972 1234 1017 1271; x_wconf 88' lang='lat' dir='ltr'>de</span> <span class='ocrx_word' id='word_1_159' title='bbox 1053 1247 1091 1271; x_wconf 89' lang='lat' dir='ltr'>re</span> <span class='ocrx_word' id='word_1_160' title='bbox 1126 1246 1193 1284; x_wconf 91' lang='lat' dir='ltr'>pro</span> <span class='ocrx_word' id='word_1_161' title='bbox 1231 1238 1351 1271; x_wconf 88' lang='lat' dir='ltr'>aetate</span> <span class='ocrx_word' id='word_1_162' title='bbox 1379 1246 1444 1270; x_wconf 89' lang='lat' dir='ltr'>sua</span> <span class='ocrx_word' id='word_1_163' title='bbox 1473 1233 1658 1271; x_wconf 87' lang='lat' dir='ltr'>sollicitus</span> 
     </span>
     <span class='ocr_line' id='line_1_19' title="bbox 120 1298 1657 1351; baseline -0.001 -12"><span class='ocrx_word' id='word_1_164' title='bbox 120 1301 240 1351; x_wconf 82' lang='lat' dir='ltr'>magis</span> <span class='ocrx_word' id='word_1_165' title='bbox 267 1305 375 1339; x_wconf 87' lang='lat' dir='ltr'>esset.</span> <span class='ocrx_word' id='word_1_166' title='bbox 413 1299 632 1338; x_wconf 85' lang='lat' dir='ltr'>Adhibebat</span> <span class='ocrx_word' id='word_1_167' title='bbox 657 1299 697 1337; x_wconf 89' lang='lat' dir='ltr'>in</span> <span class='ocrx_word' id='word_1_168' title='bbox 726 1300 805 1336; x_wconf 89' lang='lat' dir='ltr'>eius</span> <span class='ocrx_word' id='word_1_169' title='bbox 833 1299 886 1336; x_wconf 92' lang='lat' dir='ltr'>rei</span> <span class='ocrx_word' id='word_1_170' title='bbox 915 1299 1128 1342; x_wconf 88' lang='lat' dir='ltr'>consilium,</span> <span class='ocrx_word' id='word_1_171' title='bbox 1156 1311 1251 1349; x_wconf 86' lang='lat' dir='ltr'>quos</span> <span class='ocrx_word' id='word_1_172' title='bbox 1279 1298 1419 1349; x_wconf 84' lang='lat' dir='ltr'>pietate</span> <span class='ocrx_word' id='word_1_173' title='bbox 1446 1298 1657 1337; x_wconf 85' lang='lat' dir='ltr'>eruditione</span> 
     </span>
     <span class='ocr_line' id='line_1_20' title="bbox 120 1362 1658 1414; baseline -0.001 -11"><span class='ocrx_word' id='word_1_174' title='bbox 120 1379 165 1404; x_wconf 90' lang='lat' dir='ltr'>ac</span> <span class='ocrx_word' id='word_1_175' title='bbox 190 1366 331 1403; x_wconf 89' lang='lat' dir='ltr'>iudicio</span> <span class='ocrx_word' id='word_1_176' title='bbox 359 1364 442 1402; x_wconf 86' lang='lat' dir='ltr'>aliis</span> <span class='ocrx_word' id='word_1_177' title='bbox 470 1364 690 1402; x_wconf 89' lang='lat' dir='ltr'>antecellere</span> <span class='ocrx_word' id='word_1_178' title='bbox 716 1362 965 1412; x_wconf 70' lang='lat' dir='ltr'>intelligebat,</span> <span class='ocrx_word' id='word_1_179' title='bbox 991 1363 1089 1400; x_wconf 87' lang='lat' dir='ltr'>inter</span> <span class='ocrx_word' id='word_1_180' title='bbox 1117 1375 1212 1413; x_wconf 89' lang='lat' dir='ltr'>quos</span> <span class='ocrx_word' id='word_1_181' title='bbox 1239 1362 1476 1414; x_wconf 87' lang='lat' dir='ltr'>praecipuum</span> <span class='ocrx_word' id='word_1_182' title='bbox 1496 1363 1658 1401; x_wconf 87' lang='lat' dir='ltr'>habebat</span> 
     </span>
     <span class='ocr_line' id='line_1_21' title="bbox 123 1425 1656 1477; baseline -0.003 -11"><span class='ocrx_word' id='word_1_183' title='bbox 123 1429 351 1467; x_wconf 84' lang='lat' dir='ltr'>Thomam</span> <span class='ocrx_word' id='word_1_184' title='bbox 407 1428 735 1471; x_wconf 89' lang='lat' dir='ltr'>Cranmerum,</span> <span class='ocrx_word' id='word_1_185' title='bbox 789 1426 1095 1463; x_wconf 86' lang='lat' dir='ltr'>Cantuariensem</span> <span class='ocrx_word' id='word_1_186' title='bbox 1142 1425 1492 1477; x_wconf 87' lang='lat' dir='ltr'>Archiepiscopum,</span> <span class='ocrx_word' id='word_1_187' title='bbox 1536 1425 1656 1463; x_wconf 91' lang='lat' dir='ltr'>virum</span> 
     </span>
     <span class='ocr_line' id='line_1_22' title="bbox 119 1491 1658 1546; baseline -0.001 -15"><span class='ocrx_word' id='word_1_188' title='bbox 119 1498 264 1546; x_wconf 87' lang='lat' dir='ltr'>praeter</span> <span class='ocrx_word' id='word_1_189' title='bbox 299 1493 485 1542; x_wconf 73' lang='lat' dir='ltr'>insignem</span> <span class='ocrx_word' id='word_1_190' title='bbox 521 1492 771 1545; x_wconf 86' lang='lat' dir='ltr'>eruditionem</span> <span class='ocrx_word' id='word_1_191' title='bbox 807 1505 850 1529; x_wconf 89' lang='lat' dir='ltr'>ac</span> <span class='ocrx_word' id='word_1_192' title='bbox 877 1492 1052 1542; x_wconf 88' lang='lat' dir='ltr'>pietatem</span> <span class='ocrx_word' id='word_1_193' title='bbox 1080 1504 1120 1528; x_wconf 86' lang='lat' dir='ltr'>ea</span> <span class='ocrx_word' id='word_1_194' title='bbox 1150 1503 1299 1541; x_wconf 90' lang='lat' dir='ltr'>quoque</span> <span class='ocrx_word' id='word_1_195' title='bbox 1324 1491 1469 1540; x_wconf 74' lang='lat' dir='ltr'>ingenii</span> <span class='ocrx_word' id='word_1_196' title='bbox 1495 1491 1658 1529; x_wconf 85' lang='lat' dir='ltr'>dexteri-</span> 
     </span>
     <span class='ocr_line' id='line_1_23' title="bbox 118 1555 1655 1610; baseline -0.002 -13"><span class='ocrx_word' id='word_1_197' title='bbox 118 1563 195 1598; x_wconf 86' lang='lat' dir='ltr'>tate</span> <span class='ocrx_word' id='word_1_198' title='bbox 229 1558 427 1610; x_wconf 84' lang='lat' dir='ltr'>prudentia</span> <span class='ocrx_word' id='word_1_199' title='bbox 455 1570 498 1595; x_wconf 87' lang='lat' dir='ltr'>ac</span> <span class='ocrx_word' id='word_1_200' title='bbox 525 1570 671 1594; x_wconf 87' lang='lat' dir='ltr'>morum</span> <span class='ocrx_word' id='word_1_201' title='bbox 700 1556 884 1605; x_wconf 76' lang='lat' dir='ltr'>gravitate</span> <span class='ocrx_word' id='word_1_202' title='bbox 912 1555 1123 1607; x_wconf 83' lang='lat' dir='ltr'>praeditum</span> <span class='ocrx_word' id='word_1_203' title='bbox 1152 1558 1265 1606; x_wconf 88' lang='lat' dir='ltr'>(quae</span> <span class='ocrx_word' id='word_1_204' title='bbox 1290 1556 1441 1594; x_wconf 82' lang='lat' dir='ltr'>interim</span> <span class='ocrx_word' id='word_1_205' title='bbox 1471 1570 1655 1594; x_wconf 80' lang='lat' dir='ltr'>summam</span> 
     </span>
     <span class='ocr_line' id='line_1_24' title="bbox 121 1621 1657 1668; baseline -0.002 -6"><span class='ocrx_word' id='word_1_206' title='bbox 121 1624 334 1662; x_wconf 83' lang='lat' dir='ltr'>comitatem</span> <span class='ocrx_word' id='word_1_207' title='bbox 370 1636 413 1660; x_wconf 87' lang='lat' dir='ltr'>ac</span> <span class='ocrx_word' id='word_1_208' title='bbox 448 1622 670 1660; x_wconf 86' lang='lat' dir='ltr'>modestiam</span> <span class='ocrx_word' id='word_1_209' title='bbox 710 1622 950 1659; x_wconf 88' lang='lat' dir='ltr'>coniunctam</span> <span class='ocrx_word' id='word_1_210' title='bbox 979 1621 1176 1668; x_wconf 77' lang='lat' dir='ltr'>habebat).</span> <span class='ocrx_word' id='word_1_211' title='bbox 1202 1628 1244 1658; x_wconf 89' lang='lat' dir='ltr'>ut</span> <span class='ocrx_word' id='word_1_212' title='bbox 1272 1621 1364 1658; x_wconf 88' lang='lat' dir='ltr'>haec</span> <span class='ocrx_word' id='word_1_213' title='bbox 1392 1622 1516 1659; x_wconf 83' lang='lat' dir='ltr'>omnia</span> <span class='ocrx_word' id='word_1_214' title='bbox 1546 1622 1657 1660; x_wconf 88' lang='lat' dir='ltr'>simul</span> 
     </span>
     <span class='ocr_line' id='line_1_25' title="bbox 118 1684 1656 1736; baseline -0.001 -11"><span class='ocrx_word' id='word_1_215' title='bbox 118 1689 158 1726; x_wconf 90' lang='lat' dir='ltr'>in</span> <span class='ocrx_word' id='word_1_216' title='bbox 193 1688 259 1725; x_wconf 91' lang='lat' dir='ltr'>illo</span> <span class='ocrx_word' id='word_1_217' title='bbox 294 1687 373 1724; x_wconf 90' lang='lat' dir='ltr'>sine</span> <span class='ocrx_word' id='word_1_218' title='bbox 409 1700 546 1735; x_wconf 85' lang='lat' dir='ltr'>magna</span> <span class='ocrx_word' id='word_1_219' title='bbox 582 1686 750 1736; x_wconf 87' lang='lat' dir='ltr'>profecto</span> <span class='ocrx_word' id='word_1_220' title='bbox 789 1688 831 1735; x_wconf 86' lang='grc' dir='ltr'>(β</span> <span class='ocrx_word' id='word_1_221' title='bbox 862 1687 919 1732; x_wconf 66' lang='lat'><strong>32¹)</strong></span> <span class='ocrx_word' id='word_1_222' title='bbox 958 1684 1208 1721; x_wconf 86' lang='lat' dir='ltr'>admiratione</span> <span class='ocrx_word' id='word_1_223' title='bbox 1242 1697 1352 1722; x_wconf 90' lang='lat' dir='ltr'>nemo</span> <span class='ocrx_word' id='word_1_224' title='bbox 1381 1685 1492 1723; x_wconf 87' lang='lat' dir='ltr'>facile</span> <span class='ocrx_word' id='word_1_225' title='bbox 1518 1685 1656 1723; x_wconf 88' lang='lat' dir='ltr'>intueri</span> 
     </span>
     <span class='ocr_line' id='line_1_26' title="bbox 119 1749 1655 1803; baseline -0.001 -14"><span class='ocrx_word' id='word_1_226' title='bbox 119 1756 257 1803; x_wconf 67' lang='lat' dir='ltr'>posset„</span> <span class='ocrx_word' id='word_1_227' title='bbox 312 1751 437 1788; x_wconf 88' lang='lat' dir='ltr'>Huius</span> <span class='ocrx_word' id='word_1_228' title='bbox 471 1750 586 1800; x_wconf 82' lang='lat' dir='ltr'>igitur</span> <span class='ocrx_word' id='word_1_229' title='bbox 622 1750 773 1787; x_wconf 88' lang='lat' dir='ltr'>hortatu</span> <span class='ocrx_word' id='word_1_230' title='bbox 812 1763 895 1786; x_wconf 89' lang='lat' dir='ltr'>cum</span> <span class='ocrx_word' id='word_1_231' title='bbox 923 1762 992 1797; x_wconf 70' lang='lat' dir='ltr'>ego</span> <span class='ocrx_word' id='word_1_232' title='bbox 1021 1762 1168 1799; x_wconf 88' lang='lat' dir='ltr'>quoque</span> <span class='ocrx_word' id='word_1_233' title='bbox 1196 1761 1259 1798; x_wconf 87' lang='lat' dir='ltr'>per</span> <span class='ocrx_word' id='word_1_234' title='bbox 1287 1749 1428 1797; x_wconf 82' lang='lat' dir='ltr'>Regem</span> <span class='ocrx_word' id='word_1_235' title='bbox 1454 1750 1559 1787; x_wconf 87' lang='lat' dir='ltr'>illum</span> <span class='ocrx_word' id='word_1_236' title='bbox 1589 1764 1655 1787; x_wconf 86' lang='lat' dir='ltr'>vo-</span> 
     </span>
     <span class='ocr_line' id='line_1_27' title="bbox 121 1813 1656 1864; baseline -0.002 -10"><span class='ocrx_word' id='word_1_237' title='bbox 121 1820 227 1854; x_wconf 85' lang='lat' dir='ltr'>catus</span> <span class='ocrx_word' id='word_1_238' title='bbox 272 1829 388 1853; x_wconf 90' lang='lat' dir='ltr'>essem</span> <span class='ocrx_word' id='word_1_239' title='bbox 435 1820 470 1852; x_wconf 90' lang='lat' dir='ltr'>et</span> <span class='ocrx_word' id='word_1_240' title='bbox 506 1815 605 1863; x_wconf 75' lang='lat' dir='ltr'>leges</span> <span class='ocrx_word' id='word_1_241' title='bbox 642 1814 825 1864; x_wconf 87' lang='lat' dir='ltr'>quaedam</span> <span class='ocrx_word' id='word_1_242' title='bbox 862 1814 1002 1864; x_wconf 85' lang='lat' dir='ltr'>patriae</span> <span class='ocrx_word' id='word_1_243' title='bbox 1038 1813 1243 1860; x_wconf 84' lang='lat' dir='ltr'>obstarent,</span> <span class='ocrx_word' id='word_1_244' title='bbox 1279 1813 1480 1863; x_wconf 88' lang='lat' dir='ltr'>quominus</span> <span class='ocrx_word' id='word_1_245' title='bbox 1514 1814 1656 1864; x_wconf 88' lang='lat' dir='ltr'>publici</span> 
     </span>
     <span class='ocr_line' id='line_1_28' title="bbox 118 1878 1654 1933; baseline -0.001 -14"><span class='ocrx_word' id='word_1_246' title='bbox 118 1881 357 1933; x_wconf 82' lang='lat' dir='ltr'>potissimum</span> <span class='ocrx_word' id='word_1_247' title='bbox 393 1881 515 1917; x_wconf 88' lang='lat' dir='ltr'>cultus</span> <span class='ocrx_word' id='word_1_248' title='bbox 543 1880 661 1916; x_wconf 86' lang='lat' dir='ltr'>divini</span> <span class='ocrx_word' id='word_1_249' title='bbox 689 1879 794 1924; x_wconf 80' lang='lat' dir='ltr'>ritus,</span> <span class='ocrx_word' id='word_1_250' title='bbox 824 1879 893 1916; x_wconf 88' lang='lat' dir='ltr'>sub</span> <span class='ocrx_word' id='word_1_251' title='bbox 923 1879 1097 1929; x_wconf 87' lang='lat' dir='ltr'>Papismo</span> <span class='ocrx_word' id='word_1_252' title='bbox 1126 1878 1309 1928; x_wconf 87' lang='lat' dir='ltr'>usurpati,</span> <span class='ocrx_word' id='word_1_253' title='bbox 1336 1891 1402 1928; x_wconf 87' lang='lat' dir='ltr'>pro</span> <span class='ocrx_word' id='word_1_254' title='bbox 1430 1892 1473 1916; x_wconf 93' lang='lat' dir='ltr'>eo</span> <span class='ocrx_word' id='word_1_255' title='bbox 1501 1892 1545 1916; x_wconf 88' lang='lat' dir='ltr'>ac</span> <span class='ocrx_word' id='word_1_256' title='bbox 1574 1879 1654 1917; x_wconf 82' lang='lat' dir='ltr'>Rex</span> 
     </span>
     <span class='ocr_line' id='line_1_29' title="bbox 117 1944 1654 1997; baseline -0.001 -14"><span class='ocrx_word' id='word_1_257' title='bbox 117 1947 196 1997; x_wconf 89' lang='lat' dir='ltr'>ipse</span> <span class='ocrx_word' id='word_1_258' title='bbox 232 1945 402 1996; x_wconf 85' lang='lat' dir='ltr'>cupiebat</span> <span class='ocrx_word' id='word_1_259' title='bbox 438 1944 631 1995; x_wconf 84' lang='lat' dir='ltr'>repurgari</span> <span class='ocrx_word' id='word_1_260' title='bbox 665 1944 838 1995; x_wconf 86' lang='lat' dir='ltr'>protinus</span> <span class='ocrx_word' id='word_1_261' title='bbox 865 1947 1019 1994; x_wconf 86' lang='lat' dir='ltr'>possent</span> <span class='ocrx_word' id='word_1_262' title='bbox 1046 1964 1095 1971; x_wconf 91' lang='lat'>—</span> <span class='ocrx_word' id='word_1_263' title='bbox 1122 1956 1190 1991; x_wconf 87' lang='lat' dir='ltr'>ego</span> <span class='ocrx_word' id='word_1_264' title='bbox 1219 1956 1306 1980; x_wconf 89' lang='lat' dir='ltr'>vero</span> <span class='ocrx_word' id='word_1_265' title='bbox 1335 1956 1402 1994; x_wconf 88' lang='lat' dir='ltr'>pro</span> <span class='ocrx_word' id='word_1_266' title='bbox 1431 1944 1654 1994; x_wconf 79' lang='lat' dir='ltr'>Peregrino-</span> 
     </span>
     <span class='ocr_line' id='line_1_30' title="bbox 115 2007 1652 2060; baseline -0.001 -12"><span class='ocrx_word' id='word_1_267' title='bbox 115 2024 199 2048; x_wconf 89' lang='lat' dir='ltr'>rum</span> <span class='ocrx_word' id='word_1_268' title='bbox 226 2010 406 2047; x_wconf 86' lang='lat' dir='ltr'>Ecclesiis</span> <span class='ocrx_word' id='word_1_269' title='bbox 435 2009 564 2047; x_wconf 91' lang='lat' dir='ltr'>sedulo</span> <span class='ocrx_word' id='word_1_270' title='bbox 593 2009 774 2046; x_wconf 87' lang='lat' dir='ltr'>instarem</span> <span class='ocrx_word' id='word_1_271' title='bbox 799 2029 850 2036; x_wconf 89' lang='lat'>—</span> <span class='ocrx_word' id='word_1_272' title='bbox 876 2008 929 2045; x_wconf 88' lang='lat' dir='ltr'>ita</span> <span class='ocrx_word' id='word_1_273' title='bbox 957 2007 1104 2045; x_wconf 89' lang='lat' dir='ltr'>demum</span> <span class='ocrx_word' id='word_1_274' title='bbox 1134 2007 1290 2057; x_wconf 83' lang='lat' dir='ltr'>placuit,</span> <span class='ocrx_word' id='word_1_275' title='bbox 1316 2013 1358 2045; x_wconf 91' lang='lat' dir='ltr'>ut</span> <span class='ocrx_word' id='word_1_276' title='bbox 1386 2008 1480 2046; x_wconf 86' lang='lat' dir='ltr'>ritus</span> <span class='ocrx_word' id='word_1_277' title='bbox 1508 2009 1652 2060; x_wconf 90' lang='lat' dir='ltr'>publici</span> 
     </span>
     <span class='ocr_line' id='line_1_31' title="bbox 117 2073 1655 2126; baseline -0.001 -12"><span class='ocrx_word' id='word_1_278' title='bbox 117 2077 157 2114; x_wconf 91' lang='lat' dir='ltr'>in</span> <span class='ocrx_word' id='word_1_279' title='bbox 192 2075 364 2125; x_wconf 82' lang='lat' dir='ltr'>Anglicis</span> <span class='ocrx_word' id='word_1_280' title='bbox 394 2075 572 2112; x_wconf 86' lang='lat' dir='ltr'>Ecclesiis</span> <span class='ocrx_word' id='word_1_281' title='bbox 599 2087 664 2125; x_wconf 86' lang='lat' dir='ltr'>per</span> <span class='ocrx_word' id='word_1_282' title='bbox 690 2073 830 2123; x_wconf 77' lang='lat' dir='ltr'>gradus</span> <span class='ocrx_word' id='word_1_283' title='bbox 859 2073 1054 2124; x_wconf 86' lang='lat' dir='ltr'>quosdam.</span> <span class='ocrx_word' id='word_1_284' title='bbox 1082 2078 1265 2123; x_wconf 89' lang='lat' dir='ltr'>quantum</span> <span class='ocrx_word' id='word_1_285' title='bbox 1291 2086 1356 2124; x_wconf 82' lang='lat' dir='ltr'>per</span> <span class='ocrx_word' id='word_1_286' title='bbox 1382 2074 1484 2123; x_wconf 85' lang='lat' dir='ltr'>leges</span> <span class='ocrx_word' id='word_1_287' title='bbox 1510 2075 1655 2126; x_wconf 83' lang='lat' dir='ltr'>patriae</span> 
     </span>
     <span class='ocr_line' id='line_1_32' title="bbox 118 2137 1652 2191; baseline 0 -13"><span class='ocrx_word' id='word_1_288' title='bbox 118 2141 271 2179; x_wconf 90' lang='lat' dir='ltr'>omnino</span> <span class='ocrx_word' id='word_1_289' title='bbox 301 2141 439 2185; x_wconf 86' lang='lat' dir='ltr'>liceret,</span> <span class='ocrx_word' id='word_1_290' title='bbox 466 2142 777 2191; x_wconf 73' lang='lat' dir='ltr'>repurgarentur:</span> <span class='ocrx_word' id='word_1_291' title='bbox 814 2138 1025 2187; x_wconf 77' lang='lat' dir='ltr'>Peregrinis</span> <span class='ocrx_word' id='word_1_292' title='bbox 1055 2151 1140 2175; x_wconf 87' lang='lat' dir='ltr'>vero</span> <span class='ocrx_word' id='word_1_293' title='bbox 1171 2137 1494 2190; x_wconf 68' lang='lat' dir='ltr'>hominibus,²qui</span> <span class='ocrx_word' id='word_1_294' title='bbox 1520 2140 1652 2191; x_wconf 88' lang='lat' dir='ltr'>patriis</span> 
     </span>
     <span class='ocr_line' id='line_1_33' title="bbox 118 2202 1653 2256; baseline -0.001 -13"><span class='ocrx_word' id='word_1_295' title='bbox 118 2206 188 2243; x_wconf 85' lang='lat' dir='ltr'>hac</span> <span class='ocrx_word' id='word_1_296' title='bbox 224 2204 365 2256; x_wconf 88' lang='lat' dir='ltr'>alioqui</span> <span class='ocrx_word' id='word_1_297' title='bbox 401 2205 441 2242; x_wconf 89' lang='lat' dir='ltr'>in</span> <span class='ocrx_word' id='word_1_298' title='bbox 477 2209 582 2255; x_wconf 83' lang='lat' dir='ltr'>parte</span> <span class='ocrx_word' id='word_1_299' title='bbox 617 2203 763 2252; x_wconf 77' lang='lat' dir='ltr'>legibus</span> <span class='ocrx_word' id='word_1_300' title='bbox 801 2216 877 2240; x_wconf 92' lang='lat' dir='ltr'>non</span> <span class='ocrx_word' id='word_1_301' title='bbox 915 2216 1032 2253; x_wconf 82' lang='lat' dir='ltr'>usque</span> <span class='ocrx_word' id='word_1_302' title='bbox 1069 2202 1161 2239; x_wconf 84' lang='lat' dir='ltr'>adeo</span> <span class='ocrx_word' id='word_1_303' title='bbox 1198 2206 1424 2249; x_wconf 88' lang='lat' dir='ltr'>tenerentur,</span> <span class='ocrx_word' id='word_1_304' title='bbox 1461 2202 1653 2243; x_wconf 84' lang='lat' dir='ltr'>Ecclesiae</span> 
     </span>
     <span class='ocr_line' id='line_1_34' title="bbox 121 2267 1651 2319; baseline -0.001 -11"><span class='ocrx_word' id='word_1_305' title='bbox 121 2271 436 2315; x_wconf 83' lang='lat' dir='ltr'>concederentur,</span> <span class='ocrx_word' id='word_1_306' title='bbox 479 2270 520 2307; x_wconf 89' lang='lat' dir='ltr'>in</span> <span class='ocrx_word' id='word_1_307' title='bbox 566 2268 703 2319; x_wconf 90' lang='lat' dir='ltr'>quibus</span> <span class='ocrx_word' id='word_1_308' title='bbox 741 2267 866 2304; x_wconf 90' lang='lat' dir='ltr'>omnia</span> <span class='ocrx_word' id='word_1_309' title='bbox 905 2267 1022 2304; x_wconf 89' lang='lat' dir='ltr'>libere</span> <span class='ocrx_word' id='word_1_310' title='bbox 1059 2271 1093 2304; x_wconf 94' lang='lat' dir='ltr'>et</span> <span class='ocrx_word' id='word_1_311' title='bbox 1130 2267 1234 2305; x_wconf 90' lang='lat' dir='ltr'>nulla</span> <span class='ocrx_word' id='word_1_312' title='bbox 1269 2268 1408 2305; x_wconf 87' lang='lat' dir='ltr'>rituum</span> <span class='ocrx_word' id='word_1_313' title='bbox 1443 2268 1651 2318; x_wconf 88' lang='lat' dir='ltr'>patriorum</span> 
     </span>
     <span class='ocr_line' id='line_1_35' title="bbox 119 2331 1651 2384; baseline -0.001 -12"><span class='ocrx_word' id='word_1_314' title='bbox 119 2335 248 2372; x_wconf 86' lang='lat' dir='ltr'>habita</span> <span class='ocrx_word' id='word_1_315' title='bbox 284 2335 440 2377; x_wconf 77' lang='lat' dir='ltr'>ratione.</span> <span class='ocrx_word' id='word_1_316' title='bbox 477 2333 581 2371; x_wconf 87' lang='lat' dir='ltr'>iuxta</span> <span class='ocrx_word' id='word_1_317' title='bbox 610 2332 820 2370; x_wconf 84' lang='lat' dir='ltr'>doctrinam</span> <span class='ocrx_word' id='word_1_318' title='bbox 860 2332 1042 2369; x_wconf 75' lang='lat' dir='ltr'>duntaxat</span> <span class='ocrx_word' id='word_1_319' title='bbox 1078 2335 1188 2382; x_wconf 88' lang='lat' dir='ltr'>atque</span> <span class='ocrx_word' id='word_1_320' title='bbox 1215 2331 1518 2370; x_wconf 89' lang='lat' dir='ltr'>observationem</span> <span class='ocrx_word' id='word_1_321' title='bbox 1547 2334 1651 2384; x_wconf 90' lang='lat' dir='ltr'>Apo-</span> 
     </span>
     <span class='ocr_line' id='line_1_36' title="bbox 119 2396 1651 2446; baseline -0.001 -9"><span class='ocrx_word' id='word_1_322' title='bbox 119 2399 290 2438; x_wconf 86' lang='lat' dir='ltr'>stolicam</span> <span class='ocrx_word' id='word_1_323' title='bbox 325 2399 628 2444; x_wconf 75' lang='lat' dir='ltr'>instituerentur-3</span> <span class='ocrx_word' id='word_1_324' title='bbox 667 2397 719 2434; x_wconf 87' lang='lat' dir='ltr'>ita</span> <span class='ocrx_word' id='word_1_325' title='bbox 755 2396 853 2434; x_wconf 87' lang='lat' dir='ltr'>enim</span> <span class='ocrx_word' id='word_1_326' title='bbox 892 2397 981 2439; x_wconf 81' lang='lat' dir='ltr'>fore,</span> <span class='ocrx_word' id='word_1_327' title='bbox 1009 2401 1050 2433; x_wconf 90' lang='lat' dir='ltr'>ut</span> <span class='ocrx_word' id='word_1_328' title='bbox 1077 2396 1260 2445; x_wconf 82' lang='lat' dir='ltr'>Anglicae</span> <span class='ocrx_word' id='word_1_329' title='bbox 1287 2409 1435 2446; x_wconf 89' lang='lat' dir='ltr'>quoque</span> <span class='ocrx_word' id='word_1_330' title='bbox 1462 2396 1651 2435; x_wconf 86' lang='lat' dir='ltr'>Ecclesiae</span> 
     </span>
     <span class='ocr_line' id='line_1_37' title="bbox 118 2461 1648 2514; baseline -0.001 -12"><span class='ocrx_word' id='word_1_331' title='bbox 118 2465 166 2502; x_wconf 83' lang='lat' dir='ltr'>ad</span> <span class='ocrx_word' id='word_1_332' title='bbox 202 2464 400 2514; x_wconf 86' lang='lat' dir='ltr'>puritatem</span> <span class='ocrx_word' id='word_1_333' title='bbox 437 2462 695 2514; x_wconf 88' lang='lat' dir='ltr'>Apostolicam</span> <span class='ocrx_word' id='word_1_334' title='bbox 732 2461 1027 2512; x_wconf 82' lang='lat' dir='ltr'>amplectendam</span> <span class='ocrx_word' id='word_1_335' title='bbox 1066 2461 1231 2499; x_wconf 87' lang='lat' dir='ltr'>unanimi</span> <span class='ocrx_word' id='word_1_336' title='bbox 1259 2461 1427 2498; x_wconf 88' lang='lat' dir='ltr'>omnium</span> <span class='ocrx_word' id='word_1_337' title='bbox 1453 2462 1559 2511; x_wconf 85' lang='lat' dir='ltr'>regni</span> <span class='ocrx_word' id='word_1_338' title='bbox 1588 2476 1648 2500; x_wconf 92' lang='lat' dir='ltr'>or-</span> 
     </span>
     <span class='ocr_line' id='line_1_38' title="bbox 120 2526 1648 2578; baseline -0.001 -12"><span class='ocrx_word' id='word_1_339' title='bbox 120 2529 250 2566; x_wconf 88' lang='lat' dir='ltr'>dinum</span> <span class='ocrx_word' id='word_1_340' title='bbox 295 2541 479 2565; x_wconf 90' lang='lat' dir='ltr'>consensu</span> <span class='ocrx_word' id='word_1_341' title='bbox 515 2527 778 2565; x_wconf 83' lang='lat' dir='ltr'>excitarentur.</span> <span class='ocrx_word' id='word_1_342' title='bbox 833 2526 925 2563; x_wconf 90' lang='lat' dir='ltr'>Eius</span> <span class='ocrx_word' id='word_1_343' title='bbox 965 2539 1050 2563; x_wconf 90' lang='lat' dir='ltr'>vero</span> <span class='ocrx_word' id='word_1_344' title='bbox 1089 2526 1238 2563; x_wconf 89' lang='lat' dir='ltr'>consilii</span> <span class='ocrx_word' id='word_1_345' title='bbox 1274 2526 1354 2563; x_wconf 85' lang='lat' dir='ltr'>Rex</span> <span class='ocrx_word' id='word_1_346' title='bbox 1391 2526 1546 2576; x_wconf 88' lang='lat' dir='ltr'>ipsemet</span> <span class='ocrx_word' id='word_1_347' title='bbox 1581 2541 1648 2578; x_wconf 89' lang='lat' dir='ltr'>pro</span> 
     </span>
     <span class='ocr_line' id='line_1_39' title="bbox 121 2591 1649 2643; baseline 0 -12"><span class='ocrx_word' id='word_1_348' title='bbox 121 2607 187 2631; x_wconf 87' lang='lat' dir='ltr'>sua</span> <span class='ocrx_word' id='word_1_349' title='bbox 213 2593 349 2643; x_wconf 86' lang='lat' dir='ltr'>pietate</span> <span class='ocrx_word' id='word_1_350' title='bbox 375 2592 593 2642; x_wconf 83' lang='lat' dir='ltr'>praecipuus</span> <span class='ocrx_word' id='word_1_351' title='bbox 622 2605 698 2629; x_wconf 93' lang='lat' dir='ltr'>non</span> <span class='ocrx_word' id='word_1_352' title='bbox 727 2595 835 2629; x_wconf 88' lang='lat' dir='ltr'>autor</span> <span class='ocrx_word' id='word_1_353' title='bbox 862 2594 1022 2635; x_wconf 88' lang='lat' dir='ltr'>tantum,</span> <span class='ocrx_word' id='word_1_354' title='bbox 1051 2591 1115 2628; x_wconf 88' lang='lat' dir='ltr'>sed</span> <span class='ocrx_word' id='word_1_355' title='bbox 1143 2591 1253 2629; x_wconf 89' lang='lat' dir='ltr'>etiam</span> <span class='ocrx_word' id='word_1_356' title='bbox 1280 2595 1537 2641; x_wconf 83' lang='lat' dir='ltr'>propugnator</span> <span class='ocrx_word' id='word_1_357' title='bbox 1564 2593 1649 2631; x_wconf 85' lang='lat' dir='ltr'>fuit.</span> 
     </span>
     <span class='ocr_line' id='line_1_40' title="bbox 120 2655 1648 2707; baseline 0 -12"><span class='ocrx_word' id='word_1_358' title='bbox 120 2658 205 2696; x_wconf 85' lang='lat' dir='ltr'>Etsi</span> <span class='ocrx_word' id='word_1_359' title='bbox 240 2657 339 2694; x_wconf 92' lang='lat' dir='ltr'>enim</span> <span class='ocrx_word' id='word_1_360' title='bbox 375 2657 415 2694; x_wconf 93' lang='lat' dir='ltr'>id</span> <span class='ocrx_word' id='word_1_361' title='bbox 451 2656 489 2693; x_wconf 90' lang='lat' dir='ltr'>in</span> <span class='ocrx_word' id='word_1_362' title='bbox 528 2657 668 2694; x_wconf 86' lang='lat' dir='ltr'>Senatu</span> <span class='ocrx_word' id='word_1_363' title='bbox 702 2655 821 2704; x_wconf 73' lang='lat' dir='ltr'>Regio</span> <span class='ocrx_word' id='word_1_364' title='bbox 851 2655 1025 2692; x_wconf 88' lang='lat' dir='ltr'>omnibus</span> <span class='ocrx_word' id='word_1_365' title='bbox 1053 2655 1324 2706; x_wconf 79' lang='lat' dir='ltr'>propemodum</span> <span class='ocrx_word' id='word_1_366' title='bbox 1350 2655 1523 2705; x_wconf 85' lang='lat' dir='ltr'>placeret,</span> <span class='ocrx_word' id='word_1_367' title='bbox 1549 2656 1648 2707; x_wconf 89' lang='lat' dir='ltr'>ipse-</span> 
     </span>
     <span class='ocr_line' id='line_1_41' title="bbox 120 2719 1648 2772; baseline -0.001 -13"><span class='ocrx_word' id='word_1_368' title='bbox 120 2735 192 2772; x_wconf 91' lang='lat' dir='ltr'>que</span> <span class='ocrx_word' id='word_1_369' title='bbox 229 2720 507 2758; x_wconf 87' lang='lat' dir='ltr'>Cantuariensis</span> <span class='ocrx_word' id='word_1_370' title='bbox 543 2720 857 2771; x_wconf 85' lang='lat' dir='ltr'>Archiepiscopus</span> <span class='ocrx_word' id='word_1_371' title='bbox 883 2732 961 2756; x_wconf 89' lang='lat' dir='ltr'>rem</span> <span class='ocrx_word' id='word_1_372' title='bbox 988 2719 1109 2756; x_wconf 83' lang='lat' dir='ltr'>modis</span> <span class='ocrx_word' id='word_1_373' title='bbox 1138 2719 1313 2757; x_wconf 89' lang='lat' dir='ltr'>omnibus</span> <span class='ocrx_word' id='word_1_374' title='bbox 1340 2723 1473 2769; x_wconf 70' lang='grc' dir='ltr'>Ρῑο-(β</span> <span class='ocrx_word' id='word_1_375' title='bbox 1504 2720 1648 2768; x_wconf 75' lang='lat' dir='ltr'>3¹³)mo·</span> 
     </span>
     <span class='ocr_line' id='line_1_42' title="bbox 121 2783 1648 2834; baseline -0.001 -10"><span class='ocrx_word' id='word_1_376' title='bbox 121 2790 235 2831; x_wconf 88' lang='lat' dir='ltr'>veret,</span> <span class='ocrx_word' id='word_1_377' title='bbox 269 2798 345 2823; x_wconf 90' lang='lat' dir='ltr'>non</span> <span class='ocrx_word' id='word_1_378' title='bbox 382 2785 535 2822; x_wconf 89' lang='lat' dir='ltr'>deerant</span> <span class='ocrx_word' id='word_1_379' title='bbox 561 2789 699 2829; x_wconf 89' lang='lat' dir='ltr'>tamen,</span> <span class='ocrx_word' id='word_1_380' title='bbox 726 2784 791 2834; x_wconf 92' lang='lat' dir='ltr'>qui</span> <span class='ocrx_word' id='word_1_381' title='bbox 817 2784 857 2821; x_wconf 91' lang='lat' dir='ltr'>id</span> <span class='ocrx_word' id='word_1_382' title='bbox 884 2784 1040 2821; x_wconf 85' lang='lat' dir='ltr'>moleste</span> <span class='ocrx_word' id='word_1_383' title='bbox 1067 2784 1206 2822; x_wconf 87' lang='lat' dir='ltr'>ferrent</span> <span class='ocrx_word' id='word_1_384' title='bbox 1232 2783 1399 2834; x_wconf 90' lang='lat' dir='ltr'>adeoque</span> <span class='ocrx_word' id='word_1_385' title='bbox 1426 2790 1462 2821; x_wconf 87' lang='lat' dir='ltr'>et</span> <span class='ocrx_word' id='word_1_386' title='bbox 1488 2785 1648 2823; x_wconf 87' lang='lat' dir='ltr'>relucta-</span> 
     </span>
     <span class='ocr_line' id='line_1_43' title="bbox 124 2847 1649 2898; baseline -0.002 -8"><span class='ocrx_word' id='word_1_387' title='bbox 124 2851 198 2890; x_wconf 86' lang='lat' dir='ltr'>turi</span> <span class='ocrx_word' id='word_1_388' title='bbox 225 2851 364 2888; x_wconf 78' lang='lat' dir='ltr'>suerint</span> <span class='ocrx_word' id='word_1_389' title='bbox 391 2850 479 2887; x_wconf 88' lang='lat' dir='ltr'>huic</span> <span class='ocrx_word' id='word_1_390' title='bbox 505 2849 679 2887; x_wconf 88' lang='lat' dir='ltr'>instituto</span> <span class='ocrx_word' id='word_1_391' title='bbox 707 2849 839 2897; x_wconf 82' lang='lat' dir='ltr'>Regio,</span> <span class='ocrx_word' id='word_1_392' title='bbox 867 2847 940 2885; x_wconf 89' lang='lat' dir='ltr'>nisi</span> <span class='ocrx_word' id='word_1_393' title='bbox 968 2848 1045 2893; x_wconf 83' lang='lat' dir='ltr'>Rex</span> <span class='ocrx_word' id='word_1_394' title='bbox 1074 2849 1164 2898; x_wconf 84' lang='lat' dir='ltr'>ipse,</span> <span class='ocrx_word' id='word_1_395' title='bbox 1191 2862 1268 2886; x_wconf 91' lang='lat' dir='ltr'>non</span> <span class='ocrx_word' id='word_1_396' title='bbox 1283 2851 1430 2886; x_wconf 86' lang='lat' dir='ltr'>tantum</span> <span class='ocrx_word' id='word_1_397' title='bbox 1448 2849 1649 2887; x_wconf 84' lang='lat' dir='ltr'>autoritate</span> 
     </span>
    </p>
   </div>
  </div>
 </body>
</html>
