1830 3147
212 121 287 160 130

267 234 431 284 Respou.
489 233 574 270 Hoc
610 237 679 278 est,
715 234 858 272 colloco
896 235 1007 273 etiam
1046 235 1156 273 simul
1184 248 1332 275 omnem
1360 250 1479 275 meam
1509 237 1683 276 fiduciam
1711 238 1751 277 in

216 299 294 336 filio
331 298 402 335 Dei
438 297 526 335 Iesu
564 298 725 344 Christo,
751 299 904 350 perinde
931 305 1043 351 atque
1069 300 1110 338 in
1137 301 1247 339 Patre
1272 301 1367 353 ipso,
1395 315 1478 340 cum
1507 302 1554 346 sit
1580 303 1754 354 proprius

213 367 325 413 atque
354 361 569 411 unigenitus
595 363 695 400 filius
722 362 851 414 ipsius,
878 378 986 402 verus
1015 364 1192 403 nimirum
1220 365 1334 413 Deus,
1362 367 1574 405 laudandus
1601 367 1640 405 in
1668 381 1750 406 sae-

214 429 310 465 cula.
367 430 487 465 Amen
518 429 560 475 ¹).

265 492 324 529 16.
353 489 513 529 luten-0.
570 489 674 529 Quid
703 491 822 529 credis
856 492 926 530 sub
963 491 1039 530 illis
1076 493 1219 532 verbis:
1253 493 1365 532 “Qui
1400 499 1600 546 conceptus
1640 499 1696 534 est
1732 509 1752 534 e

213 555 354 605 Spiritu
383 560 525 599 sancto,
552 559 663 593 natus
691 569 736 593 ex
765 555 885 593 Maria
911 556 1111 605 virgine?''

261 619 425 670 Respon.
480 619 612 665 Credo,
641 619 780 657 Filium
808 620 877 658 Dei
907 634 981 658 non
1009 624 1157 659 tantum
1184 635 1262 660 esse
1291 622 1424 669 Dcum,
1451 624 1515 661 sed
1537 637 1616 662 csse
1637 625 1748 662 simul

209 685 318 722 ctiam
369 698 492 722 verum
541 684 743 731 hominem,
794 690 983 736 assumpta
1021 686 1193 725 videlicet
1231 700 1341 726 carne
1380 693 1505 726 nostra
1543 694 1578 727 et
1616 695 1747 728 nostro

209 749 390 798 sanguine
417 763 460 787 ex
490 756 607 787 matre
644 749 788 799 virgine
824 755 956 788 autore
995 751 1137 801 Spiritu
1174 756 1317 798 sancto,
1357 753 1410 790 sic
1436 759 1478 790 ut
1505 753 1578 791 iam
1608 754 1748 792 habea-

211 828 291 852 mus
331 828 454 851 verum
484 819 595 865 atque
624 815 776 852 unicum
806 814 875 852 Dei
902 819 937 853 et
966 816 1087 853 nostri
1117 816 1357 854 mediatorem
1388 818 1514 855 Iesum
1543 819 1751 865 Christum,

210 893 333 917 verum
372 879 493 918 Deum
529 893 573 917 ex
611 880 718 917 Patre
757 879 834 917 Deo
873 879 908 918 'et
945 894 1069 918 verum
1108 881 1194 919 item
1235 881 1422 919 hominem
1462 897 1505 920 ex
1543 883 1694 922 homine
1714 886 1747 933 ⁴2)

207 958 338 996 nempe
375 951 492 982 matre
522 945 667 994 virgine
696 951 917 996 conceptum
945 949 980 983 et
1010 951 1139 984 natum
1177 947 1338 998 Spiritus
1366 949 1485 986 sancti
1514 949 1678 1000 opificio,
1706 953 1746 988 ut

206 1011 302 1048 mori
337 1016 475 1061 posset,
510 1014 546 1048 et
582 1015 735 1060 peecata
772 1016 900 1048 nostra
939 1011 1065 1048 omnia
1101 1017 1221 1050 morte
1249 1025 1312 1050 sua
1342 1013 1649 1052 innocentissima
1678 1027 1743 1052 ex·

205 1076 336 1126 piaret.

255 1141 315 1180 17.
345 1139 504 1178 Interro.
561 1139 665 1177 Quid
699 1131 822 1177 'credis
859 1139 929 1177 sub
963 1139 1038 1177 illis
1078 1140 1222 1179 verbis:
1262 1141 1372 1179 uQui
1410 1155 1541 1193 passus
1575 1146 1631 1181 est
1670 1143 1740 1181 sub

205 1205 340 1241 Pontio
368 1204 502 1247 Pilato.
533 1204 734 1242 crucifixus
771 1208 942 1242 mortuus
970 1209 1007 1242 ct
1043 1206 1221 1256 sepultus,
1259 1206 1677 1258 deseemlit-(1750)que
1705 1207 1743 1245 111

203 1269 446 1306 insernu1n''?

255 1332 418 1382 Respzn.
475 1331 595 1369 Credo
630 1331 730 1382 quod
766 1331 862 1368 idem
898 1330 978 1381 ipse
1012 1332 1112 1370 filius
1141 1331 1211 1370 Dei
1240 1332 1413 1371 Christus
1442 1333 1548 1370 Iesus
1585 1337 1743 1371 mortem

200 1396 598 1446 ignominiosissimam
644 1396 684 1434 in
722 1396 961 1434 sanctissimo
998 1411 1064 1435 suo
1103 1410 1258 1448 corpore
1294 1411 1360 1449 pro
1397 1399 1561 1449 peccatis
1600 1399 1741 1436 nostris

198 1462 455 1514 ρ61·111161·113).
507 1462 554 1500 In
582 1462 707 1500 anima
736 1466 857 1500 autem
894 1475 960 1500 sua
988 1462 1099 1500 simul
1135 1463 1248 1500 etiam
1285 1464 1444 1501 senserit
1482 1465 1740 1502 saeveritatem

197 1528 329 1577 iudicii
363 1527 481 1565 (livini
513 1527 561 1564 ad
593 1532 797 1565 extremam
833 1541 953 1578 usquc
989 1529 1217 1567 anxietatem
1252 1536 1288 1566 ct
1324 1542 1465 1580 poenas
1503 1529 1656 1574 inferni,
1698 1540 1742 1568 ut

201 1606 269 1630 1103
297 1592 342 1629 ab
374 1592 448 1629 illis
477 1591 665 1630 liberaret.

251 1659 310 1696 18.
339 1657 500 1695 Interro.
537 1656 641 1694 Quid
662 1661 730 1701 cst,
748 1656 849 1707 quod
869 1656 984 1695 dicis:
1018 1657 1167 1695 aTertia
1190 1657 1248 1696 die
1270 1658 1471 1696 resurrexit
1493 1672 1510 1696 a
1532 1659 1743 1697 mortuis?”

248 1721 413 1773 Respon.
468 1721 586 1758 Credo
622 1721 722 1772 quod
760 1725 1038 1759 sacrosanctum
1074 1721 1192 1772 ipsius
1232 1735 1367 1773 corpus
1406 1723 1546 1760 nullam
1584 1737 1739 1774 prorsus

197 1788 235 1826 in
273 1786 470 1838 sepulchro
500 1786 656 1824 senserit
693 1786 984 1837 corruptionem,
1020 1786 1194 1837 quodque
1230 1787 1354 1824 anima
1391 1787 1509 1837 ipsius
1550 1800 1669 1838 neque
1697 1788 1737 1827 in

195 1853 383 1891 anxietate
409 1852 473 1889 illa
501 1855 666 1889 extrema
693 1863 736 1888 ac
761 1851 940 1889 infernali
969 1851 1017 1889 sit
1046 1851 1233 1897 derelicta,
1272 1865 1390 1902 neque
1427 1852 1586 1903 amplius
1625 1853 1737 1892 etiam

196 1931 307 1969 quam
334 1917 433 1954 intra
461 1915 629 1953 triduum
665 1929 686 1952 a
721 1928 875 1966 corpore
910 1929 975 1966 per
1012 1920 1172 1953 mortem
1200 1916 1347 1954 divulsa
1375 1917 1486 1954 fuerit
1504 1918 1554 1965 ⁴):
1586 1918 1649 1955 sed
1681 1918 1739 1957 die

194 1983 305 2021 tertio
336 1994 483 2019 rursum
510 1981 589 2031 ipse
617 1993 772 2031 corpore
799 1980 910 2017 simul
938 1984 974 2018 et
1001 1980 1126 2018 anima
1155 1994 1200 2018 cx
1227 1981 1386 2018 mortuis
1416 1994 1498 2019 vere
1521 1983 1739 2026 surrexerit,

193 2048 380 2097 gloriosus
415 2046 489 2083 iam
528 2045 646 2083 victor
682 2045 719 2082 in
759 2058 870 2083 carne
911 2050 1039 2083 nostra
1067 2046 1223 2096 peceati,
1265 2046 1398 2084 mortis
1426 2051 1462 2084 et
1491 2047 1642 2093 inferni,
1670 2061 1735 2085 ex-

193 2115 293 2164 piata
328 2112 403 2149 iam
440 2124 503 2162 per
539 2116 696 2147 mortem
724 2123 829 2147 suam
859 2110 960 2147 omni
988 2115 1130 2155 nostra,
1168 2110 1236 2148 sub
1265 2124 1377 2161 quam
1409 2110 1577 2148 conclusi
1606 2124 1735 2149 omnes

193 2179 392 2217 fueramus,
421 2174 744 2213 condemnatione.

247 2244 306 2279 19.
336 2241 497 2278 Interro.
527 2239 632 2277 Quid
652 2238 720 2276 sub
743 2238 844 2276 hisce
865 2238 987 2276 verbis
1008 2239 1148 2276 credis:
1182 2238 1388 2276 »Ascendit
1409 2238 1446 2276 111
1470 2239 1606 2285 coelos,
1634 2240 1737 2279 sedet

194 2306 239 2344 ad
269 2306 460 2343 dexteram
483 2304 553 2342 Dei
572 2303 694 2341 Patris
723 2303 1004 2354 omnipotentis,
1022 2303 1121 2340 unde
1141 2303 1289 2340 demum
1310 2304 1442 2351 (174b)
1471 2308 1526 2341 est
1545 2308 1737 2350 venturus,

193 2371 357 2408 iudicare
384 2370 489 2408 vivos
517 2373 552 2406 et
581 2372 747 2406 mortuos
759 2368 802 2404 ?''

246 2435 409 2485 Respon.
464 2432 583 2471 Credo
627 2432 729 2483 quod
772 2432 878 2469 Iesus
923 2431 1094 2470 Christus
1130 2445 1207 2470 non
1244 2431 1403 2483 amplius
1441 2432 1489 2468 sit
1534 2431 1573 2468 in
1623 2432 1733 2470 terris

193 2499 298 2536 iuxta
320 2498 561 2537 humanitatis
590 2510 675 2535 suae
704 2502 874 2535 naturam
893 2499 937 2545 5)‚
963 2518 1013 2525 -—
1041 2511 1127 2534 nam
1158 2497 1299 2547 alioqui
1328 2509 1435 2534 verus
1459 2496 1522 2534 ille
1557 2496 1732 2536 Pontifex

194 2577 269 2602 non
306 2569 414 2610 essct,
441 2563 627 2614 siquidem
655 2561 779 2600 adhuc
807 2561 846 2598 iu
873 2561 983 2599 terris
1010 2566 1121 2606 esset,
1148 2560 1464 2611 quemadmodum
1494 2561 1630 2598 Paulus
1660 2561 1729 2599 do-

234 2677 258 2716 ¹)
284 2676 375 2707 10011.
400 2677 426 2713 5,
452 2676 502 2707 15.
526 2676 616 2707 Rom.
640 2676 668 2707 8.
693 2676 782 2708 Ioan.
807 2675 855 2707 13.
879 2675 971 2707 Rom.
996 2675 1024 2706 9.
1050 2675 1137 2707 Ioan.
1161 2674 1211 2706 20.
1238 2674 1252 2706 1
1279 2675 1368 2706 Ioan.
1393 2675 1420 2705 5.

233 2734 260 2772 ²)
284 2732 373 2763 Ioau.
398 2732 425 2764 1.
449 2732 548 2763 llebr.
571 2733 601 2765 2.
625 2733 742 2766 Matth.
767 2732 794 2763 1.
818 2732 895 2763 Luc.
920 2732 947 2762 1.
972 2731 1052 2763 IIeb.
1075 2732 1104 2763 4.
1128 2731 1212 2762 Phil.
1238 2731 1264 2768 1,
1289 2731 1318 2761 2.
1342 2730 1423 2763 ch.
1450 2730 1476 2768 1,
1490 2730 1519 2762 2.
1544 2731 1636 2764 Rom.
1655 2730 1732 2770 1,9.

192 2788 262 2820 Gal.
284 2790 314 2820 4.
547 2789 572 2828 Β)
600 2788 669 2820 Gal.
694 2789 721 2826 1,
745 2789 775 2820 2,
800 2788 815 2819 1
842 2788 910 2819 Pet.
934 2788 963 2819 2.
986 2787 1104 2820 Matth.
1128 2787 1177 2821 27.
1202 2787 1284 2818 Phil.
1308 2787 1337 2818 2.
1361 2786 1436 2818 Luc.
1461 2786 1511 2818 22.

231 2845 260 2884 ⁴)
283 2845 354 2876 Act.
376 2844 406 2882 2,
430 2843 478 2875 13.
501 2843 585 2875 Psal.
609 2844 658 2876 15.
682 2845 698 2876 1
723 2844 797 2876 Cor.
821 2844 871 2876 15.
894 2843 983 2875 Ioan.
1008 2843 1056 2875 11.
1081 2843 1149 2876 Gal.
1173 2844 1202 2876 3.
1225 2843 1317 2874 Rom.
1339 2843 1369 2874 4.

231 2899 259 2940 ⁵)
282 2900 352 2931 Act.
375 2899 403 2937 1,
426 2897 509 2931 neb.
532 2898 562 2931 3.
585 2897 615 2939 7,
637 2898 667 2931 8.
