1830 3147
178 129 242 177 [A.
267 130 319 167 D.
343 129 456 177 1543]
911 132 980 168 560

179 239 277 275 aceri
305 251 416 287 neque
441 251 581 287 possum
610 251 722 287 neque
749 240 843 277 volo.
871 241 1059 278 Doctrinae
1086 240 1316 287 Evangelicae
1346 242 1451 288 atque
1485 240 1712 288 Apostolicae

177 301 365 337 uminister
395 300 520 337 lubens
555 313 612 337 ero
638 313 700 349 pro
724 314 800 338 mea
824 303 1012 346 tenuitate,
1037 307 1142 350 atque
1168 303 1222 339 hic
1247 316 1300 339 me
1326 315 1396 339 non
1432 302 1576 350 pubedit
1608 303 1664 339 vel
1688 316 1709 340 a

174 361 346 398 'minimo
369 361 492 410 quovis
516 363 635 406 fratre,
659 374 748 411 quae
773 363 861 399 forte
886 363 1041 399 nondum
1067 363 1185 404 didici,
1213 363 1357 400 discere.
1383 364 1568 400 Caeterum
1587 363 1712 400 huma-

174 435 271 460 unae
296 423 487 471 sapientiae
511 426 574 460 aut
598 424 859 461 consuetudinis
887 427 1023 472 praeter
1045 424 1186 461 verbum
1207 424 1274 461 Dei
1292 424 1622 472 inductae—quod
1635 425 1710 473 qui-

176 485 285 521 ndcm
309 484 354 521 ad
379 484 498 522 divina
523 485 650 522 attinet
674 505 721 513 —
746 487 904 523 minister
919 486 1019 533 plane
1033 498 1109 522 esse
1124 485 1216 523 nolo.
1243 486 1384 523 Habeat
1399 487 1510 523 locum
1526 489 1562 523 et
1573 487 1710 535 pondus

173 558 303 582 usuum
328 545 364 582 in
389 544 491 582 rebus
516 547 675 583 humanis
701 546 849 583 humana
875 547 1058 594 sapientia,
1084 546 1120 583 in
1144 546 1270 583 divinis
1293 546 1536 595 anteponenda
1561 551 1616 583 est
1639 560 1712 584 om-

175 605 306 642 unibus
332 606 487 643 consiliis
512 606 630 643 divina
655 607 849 643 auctoritas
876 610 913 643 et
938 607 1118 643 voluntas.
1169 606 1211 643 In
1235 607 1303 643 illis
1327 608 1539 655 praeclarum
1565 610 1632 651 est,
1659 609 1710 644 in·

174 667 307 713 tagenio
331 666 517 714 prudentia
542 679 583 703 ae
617 667 827 703 dexteritate
852 667 1036 710 excellere,
1061 667 1115 703 hic
1140 667 1270 703 stultus
1295 668 1342 704 sit
1366 680 1507 705 necesse
1526 671 1592 712 est,
1617 668 1709 715 quis-

172 730 280 777 equis
306 729 443 777 sapiens
468 729 586 765 haberi
609 729 718 776 cupit.
744 728 827 765 Non
854 733 907 765 est
932 728 1114 765 consilium
1140 729 1174 764 in
1193 727 1320 764 divinis
1345 729 1466 765 nisiex
1481 741 1541 765 ore
1553 729 1709 771 Domini,

173 789 332 838 nalioqui
358 802 437 826 mox
463 789 637 826 audimus:
667 791 742 825 Vae
757 790 829 837 filii
851 791 1050 831 desertores,
1077 792 1118 824 ut
1134 789 1306 835 faceretis
1328 790 1499 825 eonsilium
1524 791 1558 825 et
1581 802 1644 825 non
1669 802 1711 825 ex

172 849 285 887 ume.’'
311 850 399 886 Post
424 850 508 887 haec
530 850 654 886 iterum
681 850 800 886 addit:
835 850 961 887 ‘'Nihil
986 862 1021 886 se
1047 848 1112 885 sibi
1138 861 1311 897 arrogare,
1339 852 1400 885 aut
1424 861 1577 897 poscere,
1602 853 1642 884 ut
1668 861 1709 885 ex

171 913 415 948 nauctoritate
447 915 587 959 geratur
618 911 764 959 aliquid,
805 911 877 947 sive
901 911 1075 952 credatur,
1102 911 1170 947 nisi
1193 913 1368 958 quatenus
1393 923 1457 947 sua
1481 911 1577 947 verbi
1603 911 1710 947 divini

174 973 413 1010 utestimoniis
438 971 649 1019 probaverit.
699 973 777 1008 lam
804 975 840 1007 et
864 972 900 1007 in
927 971 1130 1019 probatione
1152 971 1219 1007 hac
1240 971 1316 1017 ipsa
1339 970 1441 1007 fateri
1465 983 1515 1014 se,
1537 970 1710 1013 hominem

172 1047 190 1066 u
201 1045 239 1069 se
268 1045 343 1069 esse
376 1035 412 1068 et
445 1033 480 1068 in
517 1035 709 1080 scripturae
734 1031 917 1069 intellectu
951 1032 1025 1068 salli
1049 1043 1164 1080 posse,
1193 1031 1337 1079 proinde
1363 1043 1427 1067 nec
1451 1030 1579 1067 erudiri
1604 1030 1710 1074 nolle,

170 1093 303 1130 amodo
327 1106 368 1129 ex
394 1093 499 1129 verbo
525 1093 592 1130 Dei
617 1094 680 1129 fiat
705 1092 867 1135 eruditio,
893 1093 962 1128 imo
986 1093 1133 1140 gratiam
1159 1105 1197 1128 se
1222 1093 1252 1128 ei
1278 1092 1492 1134 habiturum,
1511 1104 1530 1128 a
1545 1104 1615 1140 quo
1628 1103 1708 1128 eon-

169 1153 321 1201 »tigerit
345 1153 476 1199 aliquid
498 1166 534 1189 se
560 1153 707 1194 discere,
734 1165 798 1189 nec
824 1165 859 1189 se
884 1152 1075 1200 quidquam
1101 1153 1282 1200 imperare,
1311 1156 1348 1188 ut
1374 1153 1628 1189 calumnientur
1646 1153 1710 1188 ini-

170 1216 290 1258 nmici,
314 1215 376 1251 sed
401 1216 444 1251 ad
467 1215 534 1251 Dei
560 1215 803 1251 tantummodo
828 1214 1060 1250 obedientiam
1089 1226 1250 1251 revocare
1277 1214 1490 1261 hortarique.
1516 1213 1602 1250 Eam
1628 1227 1708 1250 vero

170 1288 336 1325 asemper
365 1276 512 1313 invisam
551 1276 658 1311 fuisse
696 1275 776 1311 huic
801 1275 945 1317 mundo,
972 1286 1036 1310 nec
1062 1275 1136 1310 fieri
1161 1286 1273 1321 posse,
1298 1275 1357 1322 qui
1382 1275 1450 1311 huc
1475 1274 1630 1309 homines
1657 1285 1709 1309 re·

169 1340 314 1379 nvocet‚
350 1340 389 1372 ut
422 1336 595 1383 placentia
630 1336 804 1383 loquatur,
837 1335 986 1383 ideoque
1024 1347 1088 1371 nec
1122 1335 1261 1372 mirum.
1299 1347 1349 1375 se,
1387 1335 1446 1382 qui
1471 1335 1565 1381 prius
1592 1346 1710 1370 omnes

169 1399 327 1434 ramicos
353 1397 523 1438 habuerit,
549 1409 651 1439 nunc,
680 1397 744 1433 Dei
770 1397 1003 1432 obedientiam
1031 1398 1227 1443 urgentem,
1254 1395 1443 1431 multorum
1467 1395 1599 1431 animos
1625 1407 1646 1431 a
1671 1406 1706 1430 sc

169 1458 366 1494 aalienalos
391 1458 576 1505 experiri.'’
624 1458 670 1494 Et
696 1459 776 1505 post
800 1457 880 1499 alia,
905 1456 1180 1492 commemoratis
1206 1455 1318 1492 vitiis:
1348 1455 1472 1492 vhicue
1498 1455 1565 1491 sibi
1590 1458 1707 1491 tacen-

169 1519 295 1560 ndum,
330 1531 393 1555 nec
417 1519 616 1554 novandum
642 1518 858 1566 quidquam?
885 1518 934 1554 sic
959 1529 1040 1553 sane
1066 1517 1248 1552 facientem
1277 1516 1484 1563 placiturum
1511 1528 1548 1551 se
1576 1515 1708 1558 multis,

168 1579 414 1627 '‘potissimum
450 1592 531 1615 vero
569 1580 624 1619 iis,
663 1580 723 1625 qui
757 1591 793 1614 se
830 1589 923 1614 nunc
949 1581 1152 1613 novatorem
1177 1576 1368 1624 appellent,
1393 1587 1511 1611 verum
1538 1588 1608 1612 non
1633 1588 1711 1612 esse

167 1653 185 1672 ιι
196 1639 376 1674 ministerii
398 1638 451 1674 sui
477 1638 652 1686 placentia
679 1638 786 1685 loqui,
811 1636 873 1673 sed
897 1636 1109 1673 adnunciare
1135 1635 1295 1672 omnibus
1322 1639 1463 1683 peccata
1488 1635 1654 1682 ipsorum,
1671 1635 1707 1671 id

168 1702 315 1735 nantem
349 1711 486 1746 semper
519 1698 693 1735 offendere
728 1698 866 1745 impios,
905 1698 972 1745 piis
1011 1709 1095 1732 vero
1118 1697 1293 1743 ingratum
1327 1708 1403 1732 esse
1428 1708 1499 1732 non
1525 1708 1636 1743 posse.
1661 1697 1706 1732 Se

170 1765 286 1800 nadeo
309 1775 379 1800 non
413 1763 688 1809 μισάνθρωπον,
714 1765 754 1798 ut
778 1774 848 1798 non
872 1761 978 1797 amari
1003 1760 1047 1797 ab
1081 1761 1239 1797 omnibus
1266 1761 1374 1802 malit.
1399 1773 1502 1808 quam
1537 1761 1617 1797 odio
1648 1761 1707 1798 ha·

171 1825 285 1867 uberi,
320 1836 384 1860 nec
417 1824 466 1860 ita
503 1834 577 1859 esse
611 1822 803 1870 stupidum,
837 1825 877 1858 ut
910 1821 1102 1869 intelligere
1128 1827 1294 1870 nequeat,
1322 1833 1423 1869 quam
1451 1821 1547 1857 utilis
1573 1822 1638 1858 sibi
1662 1823 1709 1858 sit

170 1886 298 1922 nfavor
330 1885 520 1927 hominum,
545 1883 711 1931 imprimis
738 1896 869 1926 eorum,
899 1894 1048 1930 quorum
1074 1888 1183 1918 nutus
1210 1895 1249 1920 ac
1276 1888 1421 1919 renutus
1444 1881 1578 1930 pondus
1604 1895 1705 1919 suum

169 1946 362 1983 nhabeant.
386 1946 588 1993 Agnoscere
614 1957 651 1981 se
676 1944 912 1981 conditionem
938 1957 1047 1986 suam,
1075 1945 1223 1980 hominis
1249 1943 1433 1991 peregrini,
1459 1943 1625 1979 familiam
1648 1942 1707 1979 ha·

170 2006 326 2049 abeatis,
363 2006 419 2042 cui
456 2018 542 2052 opus
575 2006 620 2041 sit
653 2005 820 2042 domicilii
852 2004 949 2046 sede,
976 2017 1065 2052 quae
1089 2006 1235 2052 gratiam
1262 2005 1380 2052 potius
1405 2004 1573 2051 requirat.
1603 2014 1705 2051 quam

170 2069 316 2105 nodium
351 2072 411 2104 aut
444 2069 623 2108 offensam,
650 2072 686 2103 et
710 2079 792 2103 sane
830 2068 994 2114 cupidum
1022 2080 1058 2102 se
1083 2078 1160 2102 esse
1184 2065 1406 2113 gratificandi
1430 2069 1468 2100 et
1492 2077 1620 2101 morem
1646 2077 1706 2112 ge·

170 2130 297 2166 urendi
325 2128 500 2170 omnibus,
536 2128 597 2164 sed
631 2139 739 2175 usque
770 2128 815 2164 ad
850 2139 937 2169 aras,
969 2127 1052 2163 haec
1084 2130 1184 2174 septa
1222 2127 1396 2162 transilire
1434 2126 1639 2174 prudentem
1664 2137 1705 2162 ac

169 2205 187 2224 n
199 2191 374 2227 volentem
400 2202 438 2226 se
462 2203 531 2225 non
558 2202 669 2237 posse,
693 2189 829 2225 etiamsi
853 2188 1040 2224 deserenda
1065 2189 1130 2224 sibi
1155 2189 1203 2224 sit
1227 2188 1379 2223 omnium
1405 2186 1572 2228 amicitia,
1598 2191 1704 2234 atque

169 2250 285 2287 uadeo
319 2251 448 2286 familia
480 2250 516 2286 in
553 2262 684 2285 summa
710 2251 825 2296 inopia
852 2253 888 2284 et
914 2249 1137 2284 mendicitate
1164 2247 1410 2295 relinquenda:
1435 2259 1525 2291 eum,
1549 2247 1609 2294 qui
1634 2259 1704 2283 om-

170 2325 277 2349 nnem
302 2324 437 2348 carnem
464 2312 590 2358 pascit,
618 2316 797 2358 pasturum
823 2312 927 2347 etiam
953 2322 1048 2352 suos,
1071 2310 1174 2346 etiam
1200 2309 1298 2345 nulla
1320 2321 1356 2344 re
1380 2309 1463 2356 ipsis
1482 2321 1501 2345 a
1518 2321 1555 2345 se
1570 2309 1705 2345 relicta.
1751 2338 1754 2339 γ

169 2373 345 2409 ulnterim
370 2373 407 2408 in
432 2372 624 2408 ministerio
650 2384 686 2408 se
714 2372 937 2418 perstiturum
964 2371 1074 2407 donee
1099 2370 1226 2413 videat,
1250 2383 1295 2406 an
1320 2370 1489 2417 Princeps
1515 2371 1600 2416 ipsa,
1626 2381 1704 2406 cae·

170 2434 332 2480 uterique
366 2433 546 2468 Christum
581 2432 844 2478 doctrinamque
879 2432 952 2467 eius
986 2443 1088 2478 super
1113 2443 1150 2467 se
1176 2442 1319 2478 regnare
1346 2431 1417 2477 pati
1443 2430 1588 2477 possint,
1611 2431 1705 2477 quod

170 2495 229 2530 usi
254 2494 317 2534 sic,
345 2494 498 2529 futurum
522 2504 557 2528 se
584 2492 760 2529 Ecclesiae
786 2492 978 2528 ministrum
1005 2492 1159 2539 ipsorum
1186 2491 1490 2532 studiosissimum,
1511 2491 1566 2526 sin
1579 2490 1706 2531 minus,

171 2555 461 2590 “obsecraturum
495 2565 546 2595 se,
577 2557 650 2589 turn
686 2553 811 2600 ipsam,
846 2557 920 2588 tum
957 2552 1126 2599 reliquam
1152 2551 1344 2594 ecclesiam,
1369 2556 1407 2586 ut
1433 2562 1500 2597 qua
1525 2551 1638 2597 gratia
1663 2562 1703 2586 ac

171 2615 447 2651 ubenevolentia
472 2615 516 2650 ad
543 2614 768 2650 ministerium
794 2625 832 2649 se
856 2613 1028 2656 vocarint,
1054 2613 1172 2648 eadem
1198 2623 1336 2659 quoque
1361 2622 1498 2646 rursum
1511 2610 1703 2647 dimittant.

171 2677 365 2716 uDemum,
400 2687 461 2723 pro
485 2676 605 2711 debito
629 2675 812 2721 officioque
838 2685 902 2708 suo
926 2684 1065 2709 monere
1090 2678 1126 2708 et
1152 2672 1280 2708 hortari
1307 2671 1505 2719 principem,
1537 2675 1575 2706 ut
1612 2671 1706 2717 cogi·

171 2740 267 2778 atet,
302 2740 470 2784 quantum
506 2736 595 2779 Deo,
632 2739 799 2783 quantum
834 2734 1001 2770 ecclesiae
1029 2734 1115 2775 eius,
1151 2745 1193 2768 ex
1218 2732 1369 2768 muneris
1393 2731 1548 2777 suseepti
1572 2732 1705 2767 ratione

171 2799 337 2835 adebeat.
362 2798 595 2834 Ministeriurn
621 2797 808 2844 publicum,
832 2794 958 2841 inquit,
983 2794 1150 2830 ecclesiae
1178 2794 1242 2829 Dci
1265 2792 1461 2839 suscepisti,
1475 2791 1704 2828 ministerium

171 2871 362 2907 wagnosce,
397 2860 470 2895 seio
501 2858 594 2906 quod
624 2858 789 2905 vapulare
825 2859 985 2903 oporteat
1010 2867 1157 2897 servum,
1181 2855 1242 2902 qui
1267 2867 1336 2890 non
1363 2853 1470 2889 saciat
1496 2852 1626 2890 domini
1652 2854 1707 2889 sui

172 2922 430 2962 uoluntatem,
461 2920 522 2956 sed
546 2920 698 2956 omnium
725 2918 928 2966 gravissime
953 2929 1043 2959 eum,
1067 2917 1128 2964 qui
1152 2916 1248 2952 illam
1282 2915 1393 2952 sciens
1416 2913 1584 2962 negligat.
1634 2914 1704 2951 Ex-
