<?xml version="1.0" encoding="UTF-8"?>
<!DOCTYPE html PUBLIC "-//W3C//DTD XHTML 1.0 Transitional//EN"
    "http://www.w3.org/TR/xhtml1/DTD/xhtml1-transitional.dtd">
<html xmlns="http://www.w3.org/1999/xhtml" xml:lang="en" lang="en">
 <head>
  <title>
</title>
<meta http-equiv="Content-Type" content="text/html;charset=utf-8" />
  <meta name='ocr-system' content='tesseract 3.04.00' />
  <meta name='ocr-capabilities' content='ocr_page ocr_carea ocr_par ocr_line ocrx_word'/>
</head>
<body>
  <div class='ocr_page' id='page_1' title='image "./operatameditaqua02lask_0248.png"; bbox 0 0 1830 3147; ppageno 0'>
   <div class='ocr_carea' id='block_1_1' title="bbox 190 102 264 138">
    <p class='ocr_par' dir='ltr' id='par_1_1' title="bbox 190 102 264 138">
     <span class='ocr_line' id='line_1_1' title="bbox 190 102 264 138; baseline 0 0"><span class='ocrx_word' id='word_1_1' title='bbox 190 102 264 138; x_wconf 77' lang='lat'>230</span> 
     </span>
    </p>
   </div>
   <div class='ocr_carea' id='block_1_2' title="bbox 189 213 1732 272">
    <p class='ocr_par' dir='ltr' id='par_1_2' title="bbox 189 213 1732 272">
     <span class='ocr_line' id='line_1_2' title="bbox 189 213 1732 272; baseline 0.008 -22"><span class='ocrx_word' id='word_1_2' title='bbox 189 213 282 251; x_wconf 84' lang='lat' dir='ltr'>Post</span> <span class='ocrx_word' id='word_1_3' title='bbox 318 213 515 251; x_wconf 85' lang='lat' dir='ltr'>absolutos</span> <span class='ocrx_word' id='word_1_4' title='bbox 553 225 641 251; x_wconf 86' lang='lat' dir='ltr'>vero</span> <span class='ocrx_word' id='word_1_5' title='bbox 669 213 990 265; x_wconf 84' lang='lat' dir='ltr'>eleemosynarum</span> <span class='ocrx_word' id='word_1_6' title='bbox 1021 216 1185 255; x_wconf 86' lang='lat' dir='ltr'>calculos</span> <span class='ocrx_word' id='word_1_7' title='bbox 1214 231 1356 266; x_wconf 78' lang='lat' dir='ltr'>omneS,</span> <span class='ocrx_word' id='word_1_8' title='bbox 1390 219 1422 257; x_wconf 90' lang='lat' dir='ltr'>si</span> <span class='ocrx_word' id='word_1_9' title='bbox 1449 221 1540 272; x_wconf 90' lang='lat' dir='ltr'>quid</span> <span class='ocrx_word' id='word_1_10' title='bbox 1568 221 1732 262; x_wconf 88' lang='lat' dir='ltr'>Diaconi</span> 
     </span>
    </p>
   </div>
   <div class='ocr_carea' id='block_1_3' title="bbox 186 277 1744 331">
    <p class='ocr_par' dir='ltr' id='par_1_3' title="bbox 186 277 1744 331">
     <span class='ocr_line' id='line_1_3' title="bbox 186 277 1744 331; baseline 0.006 -15"><span class='ocrx_word' id='word_1_11' title='bbox 186 278 285 317; x_wconf 88' lang='lat' dir='ltr'>inter</span> <span class='ocrx_word' id='word_1_12' title='bbox 321 292 360 316; x_wconf 94' lang='lat' dir='ltr'>se</span> <span class='ocrx_word' id='word_1_13' title='bbox 388 278 541 324; x_wconf 90' lang='lat' dir='ltr'>habent,</span> <span class='ocrx_word' id='word_1_14' title='bbox 566 277 607 316; x_wconf 88' lang='lat' dir='ltr'>in</span> <span class='ocrx_word' id='word_1_15' title='bbox 636 292 710 330; x_wconf 92' lang='lat' dir='ltr'>quo</span> <span class='ocrx_word' id='word_1_16' title='bbox 739 280 868 331; x_wconf 87' lang='lat' dir='ltr'>aliquo</span> <span class='ocrx_word' id='word_1_17' title='bbox 897 280 1010 318; x_wconf 85' lang='lat' dir='ltr'>modo</span> <span class='ocrx_word' id='word_1_18' title='bbox 1041 281 1229 330; x_wconf 83' lang='lat' dir='ltr'>haereant,</span> <span class='ocrx_word' id='word_1_19' title='bbox 1255 282 1307 330; x_wconf 88' lang='lat' dir='ltr'>id,</span> <span class='ocrx_word' id='word_1_20' title='bbox 1346 283 1512 323; x_wconf 85' lang='lat' dir='ltr'>dimissis</span> <span class='ocrx_word' id='word_1_21' title='bbox 1540 287 1625 325; x_wconf 86' lang='lat' dir='ltr'>aliis</span> <span class='ocrx_word' id='word_1_22' title='bbox 1652 283 1744 326; x_wconf 47' lang='lat' dir='ltr'>fra:</span> 
     </span>
    </p>
   </div>
   <div class='ocr_carea' id='block_1_4' title="bbox 170 343 1731 2951">
    <p class='ocr_par' dir='ltr' id='par_1_4' title="bbox 179 343 1731 1116">
     <span class='ocr_line' id='line_1_4' title="bbox 185 343 1730 403; baseline 0.007 -21"><span class='ocrx_word' id='word_1_23' title='bbox 185 344 317 390; x_wconf 86' lang='lat' dir='ltr'>tribus,</span> <span class='ocrx_word' id='word_1_24' title='bbox 354 357 418 395; x_wconf 88' lang='lat' dir='ltr'>per</span> <span class='ocrx_word' id='word_1_25' title='bbox 455 343 656 383; x_wconf 88' lang='lat' dir='ltr'>Ministros</span> <span class='ocrx_word' id='word_1_26' title='bbox 685 345 790 383; x_wconf 87' lang='lat' dir='ltr'>verbi</span> <span class='ocrx_word' id='word_1_27' title='bbox 818 351 854 384; x_wconf 86' lang='lat' dir='ltr'>et</span> <span class='ocrx_word' id='word_1_28' title='bbox 881 345 1058 385; x_wconf 84' lang='lat' dir='ltr'>Seniores</span> <span class='ocrx_word' id='word_1_29' title='bbox 1087 347 1368 387; x_wconf 87' lang='lat' dir='ltr'>discutiendum</span> <span class='ocrx_word' id='word_1_30' title='bbox 1402 357 1634 403; x_wconf 87' lang='lat' dir='ltr'>proponunt,</span> <span class='ocrx_word' id='word_1_31' title='bbox 1670 358 1730 393; x_wconf 83' lang='lat' dir='ltr'>at·</span> 
     </span>
     <span class='ocr_line' id='line_1_5' title="bbox 185 409 1731 463; baseline 0.008 -17"><span class='ocrx_word' id='word_1_32' title='bbox 185 423 257 461; x_wconf 87' lang='lat' dir='ltr'>que</span> <span class='ocrx_word' id='word_1_33' title='bbox 284 410 323 448; x_wconf 94' lang='lat' dir='ltr'>in</span> <span class='ocrx_word' id='word_1_34' title='bbox 353 409 613 448; x_wconf 78' lang='lat' dir='ltr'>Diaconorum</span> <span class='ocrx_word' id='word_1_35' title='bbox 638 412 851 462; x_wconf 84' lang='lat' dir='ltr'>praesentia</span> <span class='ocrx_word' id='word_1_36' title='bbox 878 425 944 463; x_wconf 89' lang='lat' dir='ltr'>per</span> <span class='ocrx_word' id='word_1_37' title='bbox 980 411 1181 452; x_wconf 88' lang='lat' dir='ltr'>Ministros</span> <span class='ocrx_word' id='word_1_38' title='bbox 1224 428 1268 452; x_wconf 89' lang='lat' dir='ltr'>ac</span> <span class='ocrx_word' id='word_1_39' title='bbox 1309 416 1484 455; x_wconf 87' lang='lat' dir='ltr'>Seniores</span> <span class='ocrx_word' id='word_1_40' title='bbox 1513 431 1617 457; x_wconf 89' lang='lat' dir='ltr'>more</span> <span class='ocrx_word' id='word_1_41' title='bbox 1642 419 1731 459; x_wconf 88' lang='lat' dir='ltr'>illo-</span> 
     </span>
     <span class='ocr_line' id='line_1_6' title="bbox 185 468 1729 531; baseline 0.006 -19"><span class='ocrx_word' id='word_1_42' title='bbox 185 488 268 512; x_wconf 85' lang='lat' dir='ltr'>rum</span> <span class='ocrx_word' id='word_1_43' title='bbox 305 475 418 513; x_wconf 91' lang='lat' dir='ltr'>solito</span> <span class='ocrx_word' id='word_1_44' title='bbox 458 468 690 514; x_wconf 85' lang='lat' dir='ltr'>deliberatur</span> <span class='ocrx_word' id='word_1_45' title='bbox 726 476 772 514; x_wconf 90' lang='lat' dir='ltr'>de</span> <span class='ocrx_word' id='word_1_46' title='bbox 808 490 848 514; x_wconf 91' lang='lat' dir='ltr'>re</span> <span class='ocrx_word' id='word_1_47' title='bbox 876 476 922 514; x_wconf 82' lang='lat' dir='ltr'>ad</span> <span class='ocrx_word' id='word_1_48' title='bbox 951 476 1054 514; x_wconf 90' lang='lat' dir='ltr'>hunc</span> <span class='ocrx_word' id='word_1_49' title='bbox 1080 478 1234 517; x_wconf 83' lang='lat' dir='ltr'>modurn</span> <span class='ocrx_word' id='word_1_50' title='bbox 1262 481 1474 531; x_wconf 86' lang='lat' dir='ltr'>proposita.</span> <span class='ocrx_word' id='word_1_51' title='bbox 1528 482 1613 521; x_wconf 90' lang='lat' dir='ltr'>Imo</span> <span class='ocrx_word' id='word_1_52' title='bbox 1640 497 1729 523; x_wconf 85' lang='lat' dir='ltr'>vero</span> 
     </span>
     <span class='ocr_line' id='line_1_7' title="bbox 184 540 1731 600; baseline 0.006 -23"><span class='ocrx_word' id='word_1_53' title='bbox 184 540 224 578; x_wconf 90' lang='lat' dir='ltr'>in</span> <span class='ocrx_word' id='word_1_54' title='bbox 250 540 492 590; x_wconf 85' lang='lat' dir='ltr'>gravioribus</span> <span class='ocrx_word' id='word_1_55' title='bbox 520 541 633 579; x_wconf 87' lang='lat' dir='ltr'>etiam</span> <span class='ocrx_word' id='word_1_56' title='bbox 661 541 778 579; x_wconf 89' lang='lat' dir='ltr'>totius</span> <span class='ocrx_word' id='word_1_57' title='bbox 806 541 999 580; x_wconf 83' lang='lat' dir='ltr'>Ecclesiae</span> <span class='ocrx_word' id='word_1_58' title='bbox 1029 543 1164 590; x_wconf 88' lang='lat' dir='ltr'>causis,</span> <span class='ocrx_word' id='word_1_59' title='bbox 1193 545 1250 583; x_wconf 88' lang='lat' dir='ltr'>vel</span> <span class='ocrx_word' id='word_1_60' title='bbox 1278 546 1425 597; x_wconf 90' lang='lat' dir='ltr'>quoties</span> <span class='ocrx_word' id='word_1_61' title='bbox 1451 546 1492 584; x_wconf 91' lang='lat' dir='ltr'>in</span> <span class='ocrx_word' id='word_1_62' title='bbox 1509 547 1731 600; x_wconf 85' lang='lat' dir='ltr'>disciplinae</span> 
     </span>
     <span class='ocr_line' id='line_1_8' title="bbox 186 606 1729 666; baseline 0.006 -23"><span class='ocrx_word' id='word_1_63' title='bbox 186 620 256 644; x_wconf 84' lang='lat' dir='ltr'>usu</span> <span class='ocrx_word' id='word_1_64' title='bbox 301 606 347 644; x_wconf 85' lang='lat' dir='ltr'>ad</span> <span class='ocrx_word' id='word_1_65' title='bbox 394 606 566 658; x_wconf 84' lang='lat' dir='ltr'>publicas</span> <span class='ocrx_word' id='word_1_66' title='bbox 610 607 650 645; x_wconf 92' lang='lat' dir='ltr'>in</span> <span class='ocrx_word' id='word_1_67' title='bbox 688 612 797 645; x_wconf 89' lang='lat' dir='ltr'>coetu</span> <span class='ocrx_word' id='word_1_68' title='bbox 833 608 914 659; x_wconf 87' lang='lat' dir='ltr'>ipso</span> <span class='ocrx_word' id='word_1_69' title='bbox 954 608 1221 648; x_wconf 87' lang='lat' dir='ltr'>Ministrorum</span> <span class='ocrx_word' id='word_1_70' title='bbox 1257 611 1536 652; x_wconf 82' lang='lat' dir='ltr'>admonitiones</span> <span class='ocrx_word' id='word_1_71' title='bbox 1572 628 1729 666; x_wconf 85' lang='lat' dir='ltr'>progre-</span> 
     </span>
     <span class='ocr_line' id='line_1_9' title="bbox 186 670 1729 719; baseline 0.007 -11"><span class='ocrx_word' id='word_1_72' title='bbox 186 670 366 709; x_wconf 87' lang='lat' dir='ltr'>diendum</span> <span class='ocrx_word' id='word_1_73' title='bbox 402 675 471 717; x_wconf 89' lang='lat' dir='ltr'>est,</span> <span class='ocrx_word' id='word_1_74' title='bbox 505 671 757 710; x_wconf 88' lang='lat' dir='ltr'>admittuntur</span> <span class='ocrx_word' id='word_1_75' title='bbox 794 686 884 711; x_wconf 86' lang='lat' dir='ltr'>sane</span> <span class='ocrx_word' id='word_1_76' title='bbox 910 672 957 711; x_wconf 85' lang='lat' dir='ltr'>ad</span> <span class='ocrx_word' id='word_1_77' title='bbox 987 673 1252 713; x_wconf 88' lang='lat' dir='ltr'>Ministrorum</span> <span class='ocrx_word' id='word_1_78' title='bbox 1283 689 1326 714; x_wconf 88' lang='lat' dir='ltr'>ac</span> <span class='ocrx_word' id='word_1_79' title='bbox 1355 677 1552 716; x_wconf 89' lang='lat' dir='ltr'>Seniorum</span> <span class='ocrx_word' id='word_1_80' title='bbox 1582 684 1729 719; x_wconf 90' lang='lat' dir='ltr'>coetum</span> 
     </span>
     <span class='ocr_line' id='line_1_10' title="bbox 185 735 1729 792; baseline 0.007 -19"><span class='ocrx_word' id='word_1_81' title='bbox 185 741 220 773; x_wconf 90' lang='lat' dir='ltr'>et</span> <span class='ocrx_word' id='word_1_82' title='bbox 265 735 427 774; x_wconf 87' lang='lat' dir='ltr'>Diaconi</span> <span class='ocrx_word' id='word_1_83' title='bbox 471 737 545 788; x_wconf 87' lang='lat' dir='ltr'>ipsi</span> <span class='ocrx_word' id='word_1_84' title='bbox 586 737 868 788; x_wconf 75' lang='lat' dir='ltr'>sententiaeque</span> <span class='ocrx_word' id='word_1_85' title='bbox 910 737 1064 776; x_wconf 90' lang='lat' dir='ltr'>illorum</span> <span class='ocrx_word' id='word_1_86' title='bbox 1105 739 1236 778; x_wconf 86' lang='lat' dir='ltr'>ordine</span> <span class='ocrx_word' id='word_1_87' title='bbox 1273 754 1341 779; x_wconf 92' lang='lat' dir='ltr'>suo</span> <span class='ocrx_word' id='word_1_88' title='bbox 1378 747 1577 792; x_wconf 81' lang='lat' dir='ltr'>rogantur,</span> <span class='ocrx_word' id='word_1_89' title='bbox 1614 750 1654 783; x_wconf 89' lang='lat' dir='ltr'>ut</span> <span class='ocrx_word' id='word_1_90' title='bbox 1691 749 1729 784; x_wconf 90' lang='lat' dir='ltr'>et</span> 
     </span>
     <span class='ocr_line' id='line_1_11' title="bbox 182 801 1730 855; baseline 0.006 -16"><span class='ocrx_word' id='word_1_91' title='bbox 182 801 255 853; x_wconf 89' lang='lat' dir='ltr'>ipsi</span> <span class='ocrx_word' id='word_1_92' title='bbox 295 802 334 840; x_wconf 90' lang='lat' dir='ltr'>in</span> <span class='ocrx_word' id='word_1_93' title='bbox 373 815 440 840; x_wconf 90' lang='lat' dir='ltr'>suo</span> <span class='ocrx_word' id='word_1_94' title='bbox 477 802 689 840; x_wconf 85' lang='lat' dir='ltr'>ministerio</span> <span class='ocrx_word' id='word_1_95' title='bbox 728 815 796 854; x_wconf 87' lang='lat' dir='ltr'>pro</span> <span class='ocrx_word' id='word_1_96' title='bbox 827 803 983 853; x_wconf 85' lang='lat' dir='ltr'>collegis</span> <span class='ocrx_word' id='word_1_97' title='bbox 1011 803 1294 855; x_wconf 86' lang='lat' dir='ltr'>quodammodo</span> <span class='ocrx_word' id='word_1_98' title='bbox 1323 807 1522 846; x_wconf 88' lang='lat' dir='ltr'>Seniorum</span> <span class='ocrx_word' id='word_1_99' title='bbox 1552 822 1596 846; x_wconf 86' lang='lat' dir='ltr'>ac</span> <span class='ocrx_word' id='word_1_100' title='bbox 1624 810 1730 848; x_wconf 90' lang='lat' dir='ltr'>verbi</span> 
     </span>
     <span class='ocr_line' id='line_1_12' title="bbox 185 866 1728 923; baseline 0.005 -19"><span class='ocrx_word' id='word_1_101' title='bbox 185 866 451 906; x_wconf 87' lang='lat' dir='ltr'>Ministrorum</span> <span class='ocrx_word' id='word_1_102' title='bbox 479 881 499 905; x_wconf 91' lang='lat' dir='ltr'>a</span> <span class='ocrx_word' id='word_1_103' title='bbox 527 871 610 906; x_wconf 86' lang='lat' dir='ltr'>tota</span> <span class='ocrx_word' id='word_1_104' title='bbox 638 867 809 906; x_wconf 82' lang='lat' dir='ltr'>Ecclesia</span> <span class='ocrx_word' id='word_1_105' title='bbox 839 868 1064 916; x_wconf 81' lang='lat' dir='ltr'>habeantur,</span> <span class='ocrx_word' id='word_1_106' title='bbox 1091 873 1128 907; x_wconf 88' lang='lat' dir='ltr'>et</span> <span class='ocrx_word' id='word_1_107' title='bbox 1158 870 1327 909; x_wconf 88' lang='lat' dir='ltr'>Ministri</span> <span class='ocrx_word' id='word_1_108' title='bbox 1354 872 1428 923; x_wconf 91' lang='lat' dir='ltr'>ipsi</span> <span class='ocrx_word' id='word_1_109' title='bbox 1456 873 1560 911; x_wconf 87' lang='lat' dir='ltr'>verbi</span> <span class='ocrx_word' id='word_1_110' title='bbox 1587 887 1632 911; x_wconf 84' lang='lat' dir='ltr'>ac</span> <span class='ocrx_word' id='word_1_111' title='bbox 1661 875 1728 913; x_wconf 88' lang='lat' dir='ltr'>Se-</span> 
     </span>
     <span class='ocr_line' id='line_1_13' title="bbox 182 933 1728 990; baseline 0.006 -21"><span class='ocrx_word' id='word_1_112' title='bbox 182 933 307 971; x_wconf 88' lang='lat' dir='ltr'>niores</span> <span class='ocrx_word' id='word_1_113' title='bbox 335 936 442 970; x_wconf 87' lang='lat' dir='ltr'>tanto</span> <span class='ocrx_word' id='word_1_114' title='bbox 472 935 585 982; x_wconf 85' lang='grc'>(522)</span> <span class='ocrx_word' id='word_1_115' title='bbox 614 933 835 984; x_wconf 87' lang='lat' dir='ltr'>diligentius</span> <span class='ocrx_word' id='word_1_116' title='bbox 871 935 1019 973; x_wconf 86' lang='lat' dir='ltr'>muneri</span> <span class='ocrx_word' id='word_1_117' title='bbox 1054 949 1121 973; x_wconf 90' lang='lat' dir='ltr'>suo</span> <span class='ocrx_word' id='word_1_118' title='bbox 1159 936 1398 984; x_wconf 80' lang='lat' dir='ltr'>incumbant,</span> <span class='ocrx_word' id='word_1_119' title='bbox 1435 943 1548 990; x_wconf 86' lang='lat' dir='ltr'>atque</span> <span class='ocrx_word' id='word_1_120' title='bbox 1575 952 1617 978; x_wconf 94' lang='lat' dir='ltr'>eo</span> <span class='ocrx_word' id='word_1_121' title='bbox 1646 953 1728 978; x_wconf 86' lang='lat' dir='ltr'>ma-</span> 
     </span>
     <span class='ocr_line' id='line_1_14' title="bbox 179 999 1727 1060; baseline 0.006 -24"><span class='ocrx_word' id='word_1_122' title='bbox 179 1000 297 1037; x_wconf 86' lang='lat' dir='ltr'>iorem</span> <span class='ocrx_word' id='word_1_123' title='bbox 340 1003 530 1050; x_wconf 85' lang='lat' dir='ltr'>praeterea</span> <span class='ocrx_word' id='word_1_124' title='bbox 573 999 687 1038; x_wconf 88' lang='lat' dir='ltr'>etiam</span> <span class='ocrx_word' id='word_1_125' title='bbox 731 1000 973 1039; x_wconf 74' lang='lat' dir='ltr'>autoritatem</span> <span class='ocrx_word' id='word_1_126' title='bbox 1019 1002 1178 1040; x_wconf 88' lang='lat' dir='ltr'>consilia</span> <span class='ocrx_word' id='word_1_127' title='bbox 1214 1003 1366 1042; x_wconf 89' lang='lat' dir='ltr'>illorum</span> <span class='ocrx_word' id='word_1_128' title='bbox 1404 1004 1616 1052; x_wconf 86' lang='lat' dir='ltr'>obtineant,</span> <span class='ocrx_word' id='word_1_129' title='bbox 1653 1020 1727 1060; x_wconf 92' lang='lat' dir='ltr'>quo</span> 
     </span>
     <span class='ocr_line' id='line_1_15' title="bbox 182 1062 900 1116; baseline 0.003 -14"><span class='ocrx_word' id='word_1_130' title='bbox 182 1062 345 1116; x_wconf 82' lang='lat' dir='ltr'>plurium</span> <span class='ocrx_word' id='word_1_131' title='bbox 376 1063 562 1115; x_wconf 84' lang='lat' dir='ltr'>suffragiis</span> <span class='ocrx_word' id='word_1_132' title='bbox 591 1065 900 1116; x_wconf 87' lang='lat' dir='ltr'>comprobantur.</span> 
     </span>
    </p>

    <p class='ocr_par' dir='ltr' id='par_1_5' title="bbox 172 1129 1728 2624">
     <span class='ocr_line' id='line_1_16' title="bbox 231 1129 1727 1188; baseline 0.006 -21"><span class='ocrx_word' id='word_1_133' title='bbox 231 1129 440 1175; x_wconf 81' lang='lat' dir='ltr'>Praeterea,</span> <span class='ocrx_word' id='word_1_134' title='bbox 469 1130 647 1181; x_wconf 90' lang='lat' dir='ltr'>quoniam</span> <span class='ocrx_word' id='word_1_135' title='bbox 683 1131 808 1181; x_wconf 89' lang='lat' dir='ltr'>plures</span> <span class='ocrx_word' id='word_1_136' title='bbox 846 1135 934 1169; x_wconf 91' lang='lat' dir='ltr'>sunt</span> <span class='ocrx_word' id='word_1_137' title='bbox 961 1132 1249 1184; x_wconf 84' lang='lat' dir='ltr'>peregrinorum</span> <span class='ocrx_word' id='word_1_138' title='bbox 1280 1134 1349 1172; x_wconf 88' lang='lat' dir='ltr'>sub</span> <span class='ocrx_word' id='word_1_139' title='bbox 1381 1148 1453 1173; x_wconf 92' lang='lat' dir='ltr'>uno</span> <span class='ocrx_word' id='word_1_140' title='bbox 1483 1136 1727 1188; x_wconf 86' lang='lat' dir='ltr'>Superinten-</span> 
     </span>
     <span class='ocr_line' id='line_1_17' title="bbox 183 1195 1728 1252; baseline 0.006 -20"><span class='ocrx_word' id='word_1_141' title='bbox 183 1195 295 1234; x_wconf 90' lang='lat' dir='ltr'>dente</span> <span class='ocrx_word' id='word_1_142' title='bbox 321 1195 528 1242; x_wconf 81' lang='lat' dir='ltr'>Ecclesiae,</span> <span class='ocrx_word' id='word_1_143' title='bbox 555 1195 609 1233; x_wconf 86' lang='lat' dir='ltr'>sic</span> <span class='ocrx_word' id='word_1_144' title='bbox 637 1200 679 1234; x_wconf 85' lang='lat' dir='ltr'>ut</span> <span class='ocrx_word' id='word_1_145' title='bbox 708 1209 782 1234; x_wconf 89' lang='lat' dir='ltr'>una</span> <span class='ocrx_word' id='word_1_146' title='bbox 811 1196 891 1235; x_wconf 90' lang='lat' dir='ltr'>sine</span> <span class='ocrx_word' id='word_1_147' title='bbox 919 1198 1037 1236; x_wconf 84' lang='lat' dir='ltr'>altera</span> <span class='ocrx_word' id='word_1_148' title='bbox 1064 1199 1273 1249; x_wconf 88' lang='lat' dir='ltr'>periclitari</span> <span class='ocrx_word' id='word_1_149' title='bbox 1300 1213 1379 1238; x_wconf 90' lang='lat' dir='ltr'>non</span> <span class='ocrx_word' id='word_1_150' title='bbox 1406 1201 1538 1252; x_wconf 87' lang='lat' dir='ltr'>possit,</span> <span class='ocrx_word' id='word_1_151' title='bbox 1567 1201 1728 1241; x_wconf 90' lang='lat' dir='ltr'>habetur</span> 
     </span>
     <span class='ocr_line' id='line_1_18' title="bbox 180 1262 1727 1317; baseline 0.005 -17"><span class='ocrx_word' id='word_1_152' title='bbox 180 1262 291 1300; x_wconf 87' lang='lat' dir='ltr'>etiam</span> <span class='ocrx_word' id='word_1_153' title='bbox 322 1262 483 1311; x_wconf 86' lang='lat' dir='ltr'>singulis</span> <span class='ocrx_word' id='word_1_154' title='bbox 511 1262 716 1308; x_wconf 86' lang='lat' dir='ltr'>mensibus,</span> <span class='ocrx_word' id='word_1_155' title='bbox 743 1263 865 1314; x_wconf 89' lang='lat' dir='ltr'>primo</span> <span class='ocrx_word' id='word_1_156' title='bbox 895 1263 955 1302; x_wconf 89' lang='lat' dir='ltr'>die</span> <span class='ocrx_word' id='word_1_157' title='bbox 983 1263 1115 1303; x_wconf 89' lang='lat' dir='ltr'>Lunae</span> <span class='ocrx_word' id='word_1_158' title='bbox 1143 1265 1324 1317; x_wconf 88' lang='lat' dir='ltr'>cuiusque</span> <span class='ocrx_word' id='word_1_159' title='bbox 1343 1267 1498 1312; x_wconf 87' lang='lat' dir='ltr'>mensis,</span> <span class='ocrx_word' id='word_1_160' title='bbox 1517 1273 1727 1308; x_wconf 87' lang='lat' dir='ltr'>conventus</span> 
     </span>
     <span class='ocr_line' id='line_1_19' title="bbox 179 1326 1724 1383; baseline 0.006 -20"><span class='ocrx_word' id='word_1_161' title='bbox 179 1326 455 1372; x_wconf 88' lang='lat' dir='ltr'>Ministrorum,</span> <span class='ocrx_word' id='word_1_162' title='bbox 495 1327 693 1365; x_wconf 85' lang='lat' dir='ltr'>Seniorum</span> <span class='ocrx_word' id='word_1_163' title='bbox 721 1341 765 1365; x_wconf 86' lang='lat' dir='ltr'>ac</span> <span class='ocrx_word' id='word_1_164' title='bbox 793 1328 1050 1367; x_wconf 84' lang='lat' dir='ltr'>Diaconorum</span> <span class='ocrx_word' id='word_1_165' title='bbox 1091 1331 1259 1368; x_wconf 89' lang='lat' dir='ltr'>omnium</span> <span class='ocrx_word' id='word_1_166' title='bbox 1297 1331 1408 1370; x_wconf 89' lang='lat' dir='ltr'>simul</span> <span class='ocrx_word' id='word_1_167' title='bbox 1436 1333 1724 1383; x_wconf 86' lang='lat' dir='ltr'>peregrinarum</span> 
     </span>
     <span class='ocr_line' id='line_1_20' title="bbox 179 1388 1725 1446; baseline 0.006 -18"><span class='ocrx_word' id='word_1_168' title='bbox 179 1391 447 1430; x_wconf 87' lang='lat' dir='ltr'>Ecclesiarum.</span> <span class='ocrx_word' id='word_1_169' title='bbox 502 1391 550 1429; x_wconf 91' lang='lat' dir='ltr'>In</span> <span class='ocrx_word' id='word_1_170' title='bbox 587 1405 662 1443; x_wconf 88' lang='lat' dir='ltr'>quo</span> <span class='ocrx_word' id='word_1_171' title='bbox 692 1397 802 1431; x_wconf 88' lang='lat' dir='ltr'>coetu</span> <span class='ocrx_word' id='word_1_172' title='bbox 829 1399 915 1444; x_wconf 89' lang='lat' dir='ltr'>post</span> <span class='ocrx_word' id='word_1_173' title='bbox 943 1395 1109 1433; x_wconf 89' lang='lat' dir='ltr'>nominis</span> <span class='ocrx_word' id='word_1_174' title='bbox 1137 1388 1281 1441; x_wconf 88' lang='lat' dir='ltr'>Divini,</span> <span class='ocrx_word' id='word_1_175' title='bbox 1319 1401 1360 1434; x_wconf 89' lang='lat' dir='ltr'>ut</span> <span class='ocrx_word' id='word_1_176' title='bbox 1398 1397 1541 1436; x_wconf 87' lang='lat' dir='ltr'>dictum</span> <span class='ocrx_word' id='word_1_177' title='bbox 1569 1406 1636 1446; x_wconf 87' lang='lat' dir='ltr'>est,</span> <span class='ocrx_word' id='word_1_178' title='bbox 1663 1399 1725 1438; x_wconf 90' lang='lat' dir='ltr'>in-</span> 
     </span>
     <span class='ocr_line' id='line_1_21' title="bbox 176 1456 1724 1512; baseline 0.005 -18"><span class='ocrx_word' id='word_1_179' title='bbox 176 1456 412 1494; x_wconf 83' lang='lat' dir='ltr'>vocationem</span> <span class='ocrx_word' id='word_1_180' title='bbox 450 1459 633 1505; x_wconf 84' lang='lat' dir='ltr'>rogantur</span> <span class='ocrx_word' id='word_1_181' title='bbox 669 1471 734 1508; x_wconf 88' lang='lat' dir='ltr'>per</span> <span class='ocrx_word' id='word_1_182' title='bbox 763 1458 1145 1509; x_wconf 87' lang='lat' dir='ltr'>Superintendentem</span> <span class='ocrx_word' id='word_1_183' title='bbox 1184 1460 1356 1499; x_wconf 90' lang='lat' dir='ltr'>Ministri</span> <span class='ocrx_word' id='word_1_184' title='bbox 1384 1462 1620 1512; x_wconf 84' lang='lat' dir='ltr'>singularum</span> <span class='ocrx_word' id='word_1_185' title='bbox 1649 1463 1724 1502; x_wconf 90' lang='lat' dir='ltr'>Ec-</span> 
     </span>
     <span class='ocr_line' id='line_1_22' title="bbox 179 1522 1725 1577; baseline 0.006 -18"><span class='ocrx_word' id='word_1_186' title='bbox 179 1522 377 1560; x_wconf 85' lang='lat' dir='ltr'>clesiarum</span> <span class='ocrx_word' id='word_1_187' title='bbox 415 1535 481 1559; x_wconf 88' lang='lat' dir='ltr'>suo</span> <span class='ocrx_word' id='word_1_188' title='bbox 520 1522 665 1568; x_wconf 86' lang='lat' dir='ltr'>ordine,</span> <span class='ocrx_word' id='word_1_189' title='bbox 702 1537 794 1561; x_wconf 90' lang='lat' dir='ltr'>num</span> <span class='ocrx_word' id='word_1_190' title='bbox 823 1524 914 1575; x_wconf 86' lang='lat' dir='ltr'>quid</span> <span class='ocrx_word' id='word_1_191' title='bbox 943 1525 1121 1572; x_wconf 87' lang='lat' dir='ltr'>habeant,</span> <span class='ocrx_word' id='word_1_192' title='bbox 1149 1526 1251 1577; x_wconf 92' lang='lat' dir='ltr'>quod</span> <span class='ocrx_word' id='word_1_193' title='bbox 1278 1527 1319 1565; x_wconf 91' lang='lat' dir='ltr'>in</span> <span class='ocrx_word' id='word_1_194' title='bbox 1348 1540 1390 1565; x_wconf 92' lang='lat' dir='ltr'>eo</span> <span class='ocrx_word' id='word_1_195' title='bbox 1420 1533 1529 1567; x_wconf 86' lang='lat' dir='ltr'>coetu</span> <span class='ocrx_word' id='word_1_196' title='bbox 1556 1533 1725 1569; x_wconf 85' lang='lat' dir='ltr'>tractan-</span> 
     </span>
     <span class='ocr_line' id='line_1_23' title="bbox 177 1587 1724 1640; baseline 0.006 -15"><span class='ocrx_word' id='word_1_197' title='bbox 177 1587 266 1626; x_wconf 88' lang='lat' dir='ltr'>dum</span> <span class='ocrx_word' id='word_1_198' title='bbox 296 1599 375 1626; x_wconf 87' lang='lat' dir='ltr'>esse</span> <span class='ocrx_word' id='word_1_199' title='bbox 402 1591 549 1639; x_wconf 89' lang='lat' dir='ltr'>putent,</span> <span class='ocrx_word' id='word_1_200' title='bbox 575 1588 677 1639; x_wconf 92' lang='lat' dir='ltr'>quod</span> <span class='ocrx_word' id='word_1_201' title='bbox 704 1590 925 1640; x_wconf 88' lang='lat' dir='ltr'>praesertim</span> <span class='ocrx_word' id='word_1_202' title='bbox 953 1591 993 1628; x_wconf 89' lang='lat' dir='ltr'>in</span> <span class='ocrx_word' id='word_1_203' title='bbox 1023 1604 1222 1631; x_wconf 88' lang='lat' dir='ltr'>commune</span> <span class='ocrx_word' id='word_1_204' title='bbox 1249 1592 1297 1631; x_wconf 88' lang='lat' dir='ltr'>ad</span> <span class='ocrx_word' id='word_1_205' title='bbox 1325 1607 1456 1633; x_wconf 89' lang='lat' dir='ltr'>omnes</span> <span class='ocrx_word' id='word_1_206' title='bbox 1483 1595 1570 1634; x_wconf 87' lang='lat' dir='ltr'>illas</span> <span class='ocrx_word' id='word_1_207' title='bbox 1590 1595 1724 1635; x_wconf 86' lang='lat' dir='ltr'>Eccle-</span> 
     </span>
     <span class='ocr_line' id='line_1_24' title="bbox 175 1654 1723 1714; baseline 0.007 -23"><span class='ocrx_word' id='word_1_208' title='bbox 175 1654 249 1692; x_wconf 87' lang='lat' dir='ltr'>sias</span> <span class='ocrx_word' id='word_1_209' title='bbox 276 1654 475 1705; x_wconf 82' lang='lat' dir='ltr'>pertineat,</span> <span class='ocrx_word' id='word_1_210' title='bbox 501 1659 567 1693; x_wconf 88' lang='lat' dir='ltr'>aut</span> <span class='ocrx_word' id='word_1_211' title='bbox 595 1655 626 1693; x_wconf 90' lang='lat' dir='ltr'>si</span> <span class='ocrx_word' id='word_1_212' title='bbox 654 1655 743 1706; x_wconf 90' lang='lat' dir='ltr'>quid</span> <span class='ocrx_word' id='word_1_213' title='bbox 773 1657 885 1694; x_wconf 88' lang='lat' dir='ltr'>unius</span> <span class='ocrx_word' id='word_1_214' title='bbox 913 1656 1106 1696; x_wconf 85' lang='lat' dir='ltr'>Ecclesiae</span> <span class='ocrx_word' id='word_1_215' title='bbox 1135 1658 1307 1697; x_wconf 88' lang='lat' dir='ltr'>Ministri</span> <span class='ocrx_word' id='word_1_216' title='bbox 1332 1660 1374 1698; x_wconf 88' lang='lat' dir='ltr'>in</span> <span class='ocrx_word' id='word_1_217' title='bbox 1401 1661 1486 1699; x_wconf 88' lang='lat' dir='ltr'>aliis</span> <span class='ocrx_word' id='word_1_218' title='bbox 1513 1662 1723 1714; x_wconf 80' lang='lat' dir='ltr'>requirant.</span> 
     </span>
     <span class='ocr_line' id='line_1_25' title="bbox 174 1719 1722 1778; baseline 0.006 -21"><span class='ocrx_word' id='word_1_219' title='bbox 174 1719 224 1758; x_wconf 88' lang='lat' dir='ltr'>Et</span> <span class='ocrx_word' id='word_1_220' title='bbox 251 1724 332 1757; x_wconf 88' lang='lat' dir='ltr'>tum</span> <span class='ocrx_word' id='word_1_221' title='bbox 361 1720 405 1758; x_wconf 89' lang='lat' dir='ltr'>de</span> <span class='ocrx_word' id='word_1_222' title='bbox 432 1720 623 1766; x_wconf 83' lang='lat' dir='ltr'>omnibus,</span> <span class='ocrx_word' id='word_1_223' title='bbox 651 1734 746 1772; x_wconf 82' lang='lat' dir='ltr'>quae</span> <span class='ocrx_word' id='word_1_224' title='bbox 770 1726 857 1760; x_wconf 89' lang='lat' dir='ltr'>sunt</span> <span class='ocrx_word' id='word_1_225' title='bbox 875 1723 1083 1774; x_wconf 88' lang='lat' dir='ltr'>proposita,</span> <span class='ocrx_word' id='word_1_226' title='bbox 1102 1723 1314 1763; x_wconf 77' lang='lat' dir='ltr'>instituitur</span> <span class='ocrx_word' id='word_1_227' title='bbox 1333 1725 1566 1771; x_wconf 78' lang='lat' dir='ltr'>deliberatio,</span> <span class='ocrx_word' id='word_1_228' title='bbox 1590 1740 1722 1778; x_wconf 87' lang='lat' dir='ltr'>quem-</span> 
     </span>
     <span class='ocr_line' id='line_1_26' title="bbox 174 1785 1720 1840; baseline 0.005 -17"><span class='ocrx_word' id='word_1_229' title='bbox 174 1785 378 1823; x_wconf 86' lang='lat' dir='ltr'>admodum</span> <span class='ocrx_word' id='word_1_230' title='bbox 416 1791 452 1824; x_wconf 88' lang='lat' dir='ltr'>et</span> <span class='ocrx_word' id='word_1_231' title='bbox 487 1786 527 1824; x_wconf 90' lang='lat' dir='ltr'>in</span> <span class='ocrx_word' id='word_1_232' title='bbox 564 1787 649 1825; x_wconf 86' lang='lat' dir='ltr'>aliis</span> <span class='ocrx_word' id='word_1_233' title='bbox 687 1787 869 1835; x_wconf 87' lang='lat' dir='ltr'>coetibus,</span> <span class='ocrx_word' id='word_1_234' title='bbox 916 1789 1174 1840; x_wconf 74' lang='lat' dir='ltr'>roganturqu&#39;e</span> <span class='ocrx_word' id='word_1_235' title='bbox 1211 1790 1346 1829; x_wconf 87' lang='lat' dir='ltr'>ordine</span> <span class='ocrx_word' id='word_1_236' title='bbox 1383 1804 1451 1828; x_wconf 88' lang='lat' dir='ltr'>suo</span> <span class='ocrx_word' id='word_1_237' title='bbox 1488 1804 1533 1830; x_wconf 86' lang='lat' dir='ltr'>ac</span> <span class='ocrx_word' id='word_1_238' title='bbox 1569 1791 1720 1831; x_wconf 86' lang='lat' dir='ltr'>demum</span> 
     </span>
     <span class='ocr_line' id='line_1_27' title="bbox 173 1852 1721 1905; baseline 0.005 -16"><span class='ocrx_word' id='word_1_239' title='bbox 173 1852 286 1890; x_wconf 88' lang='lat' dir='ltr'>etiarn</span> <span class='ocrx_word' id='word_1_240' title='bbox 323 1852 557 1902; x_wconf 82' lang='lat' dir='ltr'>colliguntur</span> <span class='ocrx_word' id='word_1_241' title='bbox 593 1866 658 1904; x_wconf 90' lang='lat' dir='ltr'>per</span> <span class='ocrx_word' id='word_1_242' title='bbox 697 1854 1077 1905; x_wconf 85' lang='lat' dir='ltr'>Superintendentem</span> <span class='ocrx_word' id='word_1_243' title='bbox 1114 1855 1286 1894; x_wconf 89' lang='lat' dir='ltr'>omnium</span> <span class='ocrx_word' id='word_1_244' title='bbox 1325 1856 1480 1895; x_wconf 86' lang='lat' dir='ltr'>illorum</span> <span class='ocrx_word' id='word_1_245' title='bbox 1521 1856 1721 1897; x_wconf 90' lang='lat' dir='ltr'>Ministro-</span> 
     </span>
     <span class='ocr_line' id='line_1_28' title="bbox 173 1918 1719 1973; baseline 0.005 -19"><span class='ocrx_word' id='word_1_246' title='bbox 173 1931 256 1955; x_wconf 88' lang='lat' dir='ltr'>rum</span> <span class='ocrx_word' id='word_1_247' title='bbox 300 1931 345 1955; x_wconf 85' lang='lat' dir='ltr'>ex</span> <span class='ocrx_word' id='word_1_248' title='bbox 389 1918 566 1956; x_wconf 88' lang='lat' dir='ltr'>omnibus</span> <span class='ocrx_word' id='word_1_249' title='bbox 611 1919 821 1970; x_wconf 80' lang='lat' dir='ltr'>peregrinis</span> <span class='ocrx_word' id='word_1_250' title='bbox 866 1919 1048 1958; x_wconf 87' lang='lat' dir='ltr'>Ecclesiis</span> <span class='ocrx_word' id='word_1_251' title='bbox 1093 1921 1314 1967; x_wconf 85' lang='lat' dir='ltr'>sentent-iae,</span> <span class='ocrx_word' id='word_1_252' title='bbox 1360 1926 1474 1973; x_wconf 84' lang='lat' dir='ltr'>atque</span> <span class='ocrx_word' id='word_1_253' title='bbox 1509 1923 1558 1960; x_wconf 90' lang='lat' dir='ltr'>ad</span> <span class='ocrx_word' id='word_1_254' title='bbox 1595 1927 1719 1963; x_wconf 81' lang='lat' dir='ltr'>extre·</span> 
     </span>
     <span class='ocr_line' id='line_1_29' title="bbox 173 1984 1721 2041; baseline 0.003 -17"><span class='ocrx_word' id='word_1_255' title='bbox 173 1998 275 2024; x_wconf 89' lang='lat' dir='ltr'>mum</span> <span class='ocrx_word' id='word_1_256' title='bbox 305 1986 417 2033; x_wconf 83' lang='lat'>(523)</span> <span class='ocrx_word' id='word_1_257' title='bbox 455 1984 494 2022; x_wconf 90' lang='lat' dir='ltr'>id</span> <span class='ocrx_word' id='word_1_258' title='bbox 532 1985 725 2031; x_wconf 82' lang='lat' dir='ltr'>statuitur,</span> <span class='ocrx_word' id='word_1_259' title='bbox 763 1986 864 2037; x_wconf 89' lang='lat' dir='ltr'>quod</span> <span class='ocrx_word' id='word_1_260' title='bbox 894 1987 1010 2024; x_wconf 89' lang='lat' dir='ltr'>verbo</span> <span class='ocrx_word' id='word_1_261' title='bbox 1037 1986 1109 2024; x_wconf 88' lang='lat' dir='ltr'>Dei</span> <span class='ocrx_word' id='word_1_262' title='bbox 1145 1991 1442 2026; x_wconf 89' lang='lat' dir='ltr'>consentaneum</span> <span class='ocrx_word' id='word_1_263' title='bbox 1471 2002 1561 2035; x_wconf 87' lang='lat' dir='ltr'>esse,</span> <span class='ocrx_word' id='word_1_264' title='bbox 1589 2003 1721 2041; x_wconf 89' lang='lat' dir='ltr'>quem-</span> 
     </span>
     <span class='ocr_line' id='line_1_30' title="bbox 173 2050 1720 2096; baseline 0.004 -8"><span class='ocrx_word' id='word_1_265' title='bbox 173 2050 379 2088; x_wconf 83' lang='lat' dir='ltr'>admodum</span> <span class='ocrx_word' id='word_1_266' title='bbox 417 2055 453 2088; x_wconf 89' lang='lat' dir='ltr'>et</span> <span class='ocrx_word' id='word_1_267' title='bbox 480 2051 520 2088; x_wconf 89' lang='lat' dir='ltr'>in</span> <span class='ocrx_word' id='word_1_268' title='bbox 548 2051 632 2089; x_wconf 85' lang='lat' dir='ltr'>aliis</span> <span class='ocrx_word' id='word_1_269' title='bbox 662 2051 846 2096; x_wconf 87' lang='lat' dir='ltr'>coetibus,</span> <span class='ocrx_word' id='word_1_270' title='bbox 873 2056 909 2090; x_wconf 87' lang='lat' dir='ltr'>et</span> <span class='ocrx_word' id='word_1_271' title='bbox 937 2052 984 2090; x_wconf 90' lang='lat' dir='ltr'>ad</span> <span class='ocrx_word' id='word_1_272' title='bbox 1020 2053 1241 2091; x_wconf 87' lang='lat' dir='ltr'>unanimem</span> <span class='ocrx_word' id='word_1_273' title='bbox 1267 2054 1437 2092; x_wconf 88' lang='lat' dir='ltr'>omnium</span> <span class='ocrx_word' id='word_1_274' title='bbox 1463 2054 1616 2093; x_wconf 89' lang='lat' dir='ltr'>illarum</span> <span class='ocrx_word' id='word_1_275' title='bbox 1643 2056 1720 2094; x_wconf 90' lang='lat' dir='ltr'>Ec-</span> 
     </span>
     <span class='ocr_line' id='line_1_31' title="bbox 176 2116 1720 2171; baseline 0.003 -16"><span class='ocrx_word' id='word_1_276' title='bbox 176 2116 376 2155; x_wconf 82' lang='lat' dir='ltr'>clesiarum</span> <span class='ocrx_word' id='word_1_277' title='bbox 415 2129 639 2155; x_wconf 87' lang='lat' dir='ltr'>consensum</span> <span class='ocrx_word' id='word_1_278' title='bbox 679 2130 722 2155; x_wconf 88' lang='lat' dir='ltr'>ac</span> <span class='ocrx_word' id='word_1_279' title='bbox 759 2131 888 2168; x_wconf 86' lang='lat' dir='ltr'>pacem</span> <span class='ocrx_word' id='word_1_280' title='bbox 916 2118 1040 2156; x_wconf 87' lang='lat' dir='ltr'>facere</span> <span class='ocrx_word' id='word_1_281' title='bbox 1068 2118 1230 2158; x_wconf 83' lang='lat' dir='ltr'>videtur.</span> <span class='ocrx_word' id='word_1_282' title='bbox 1289 2119 1440 2158; x_wconf 77' lang='lat' dir='ltr'>Quodsi</span> <span class='ocrx_word' id='word_1_283' title='bbox 1470 2121 1623 2171; x_wconf 84' lang='lat' dir='ltr'>quando</span> <span class='ocrx_word' id='word_1_284' title='bbox 1650 2122 1720 2160; x_wconf 89' lang='lat' dir='ltr'>ali-</span> 
     </span>
     <span class='ocr_line' id='line_1_32' title="bbox 173 2181 1720 2234; baseline 0.003 -14"><span class='ocrx_word' id='word_1_285' title='bbox 173 2182 264 2234; x_wconf 89' lang='lat' dir='ltr'>quid</span> <span class='ocrx_word' id='word_1_286' title='bbox 292 2181 479 2220; x_wconf 87' lang='lat' dir='ltr'>eiusmodi</span> <span class='ocrx_word' id='word_1_287' title='bbox 506 2182 663 2228; x_wconf 85' lang='lat' dir='ltr'>incidat,</span> <span class='ocrx_word' id='word_1_288' title='bbox 690 2183 791 2234; x_wconf 92' lang='lat' dir='ltr'>quod</span> <span class='ocrx_word' id='word_1_289' title='bbox 822 2196 1021 2222; x_wconf 86' lang='lat' dir='ltr'>commune</span> <span class='ocrx_word' id='word_1_290' title='bbox 1049 2184 1201 2222; x_wconf 86' lang='lat' dir='ltr'>illarum</span> <span class='ocrx_word' id='word_1_291' title='bbox 1229 2184 1489 2224; x_wconf 88' lang='lat' dir='ltr'>Ecclesiarum</span> <span class='ocrx_word' id='word_1_292' title='bbox 1506 2187 1720 2233; x_wconf 87' lang='lat' dir='ltr'>consilium,</span> 
     </span>
     <span class='ocr_line' id='line_1_33' title="bbox 173 2250 1714 2301; baseline 0.003 -15"><span class='ocrx_word' id='word_1_293' title='bbox 173 2261 251 2286; x_wconf 91' lang='lat' dir='ltr'>non</span> <span class='ocrx_word' id='word_1_294' title='bbox 296 2252 491 2299; x_wconf 80' lang='lat' dir='ltr'>expectato</span> <span class='ocrx_word' id='word_1_295' title='bbox 526 2252 722 2287; x_wconf 89' lang='lat' dir='ltr'>menstruo</span> <span class='ocrx_word' id='word_1_296' title='bbox 762 2253 951 2288; x_wconf 88' lang='lat' dir='ltr'>conventu</span> <span class='ocrx_word' id='word_1_297' title='bbox 988 2250 1068 2297; x_wconf 89' lang='lat' dir='ltr'>illo,</span> <span class='ocrx_word' id='word_1_298' title='bbox 1095 2250 1262 2301; x_wconf 83' lang='lat' dir='ltr'>postulet</span> <span class='ocrx_word' id='word_1_299' title='bbox 1290 2264 1468 2289; x_wconf 90' lang='lat' dir='ltr'>omnesve</span> <span class='ocrx_word' id='word_1_300' title='bbox 1497 2251 1610 2290; x_wconf 89' lang='lat' dir='ltr'>simul</span> <span class='ocrx_word' id='word_1_301' title='bbox 1637 2252 1714 2290; x_wconf 86' lang='lat' dir='ltr'>Ec-</span> 
     </span>
     <span class='ocr_line' id='line_1_34' title="bbox 176 2314 1718 2367; baseline 0.003 -16"><span class='ocrx_word' id='word_1_302' title='bbox 176 2314 308 2352; x_wconf 89' lang='lat' dir='ltr'>clesias</span> <span class='ocrx_word' id='word_1_303' title='bbox 345 2314 429 2351; x_wconf 92' lang='lat' dir='ltr'>illas</span> <span class='ocrx_word' id='word_1_304' title='bbox 460 2318 675 2361; x_wconf 82' lang='lat' dir='ltr'>concernat,</span> <span class='ocrx_word' id='word_1_305' title='bbox 702 2318 781 2352; x_wconf 88' lang='lat' dir='ltr'>tum</span> <span class='ocrx_word' id='word_1_306' title='bbox 810 2314 985 2366; x_wconf 86' lang='lat' dir='ltr'>protinus</span> <span class='ocrx_word' id='word_1_307' title='bbox 1015 2319 1273 2354; x_wconf 87' lang='lat' dir='ltr'>convocantur</span> <span class='ocrx_word' id='word_1_308' title='bbox 1299 2329 1365 2367; x_wconf 89' lang='lat' dir='ltr'>per</span> <span class='ocrx_word' id='word_1_309' title='bbox 1391 2316 1718 2367; x_wconf 85' lang='lat' dir='ltr'>Superintenden-</span> 
     </span>
     <span class='ocr_line' id='line_1_35' title="bbox 172 2378 1716 2425; baseline 0.002 -9"><span class='ocrx_word' id='word_1_310' title='bbox 172 2383 247 2416; x_wconf 91' lang='lat' dir='ltr'>tem</span> <span class='ocrx_word' id='word_1_311' title='bbox 288 2378 457 2417; x_wconf 90' lang='lat' dir='ltr'>Ministri</span> <span class='ocrx_word' id='word_1_312' title='bbox 492 2392 536 2417; x_wconf 90' lang='lat' dir='ltr'>ac</span> <span class='ocrx_word' id='word_1_313' title='bbox 573 2379 748 2418; x_wconf 83' lang='lat' dir='ltr'>Seniores</span> <span class='ocrx_word' id='word_1_314' title='bbox 785 2379 955 2417; x_wconf 91' lang='lat' dir='ltr'>omnium</span> <span class='ocrx_word' id='word_1_315' title='bbox 992 2379 1140 2418; x_wconf 89' lang='lat' dir='ltr'>illarum</span> <span class='ocrx_word' id='word_1_316' title='bbox 1170 2380 1438 2425; x_wconf 86' lang='lat' dir='ltr'>Ecclesiarum,</span> <span class='ocrx_word' id='word_1_317' title='bbox 1466 2385 1502 2419; x_wconf 87' lang='lat' dir='ltr'>et</span> <span class='ocrx_word' id='word_1_318' title='bbox 1530 2380 1575 2418; x_wconf 87' lang='lat' dir='ltr'>de</span> <span class='ocrx_word' id='word_1_319' title='bbox 1604 2393 1716 2419; x_wconf 86' lang='lat' dir='ltr'>causa</span> 
     </span>
     <span class='ocr_line' id='line_1_36' title="bbox 172 2443 1715 2496; baseline 0.003 -16"><span class='ocrx_word' id='word_1_320' title='bbox 172 2443 238 2480; x_wconf 88' lang='lat' dir='ltr'>illa</span> <span class='ocrx_word' id='word_1_321' title='bbox 275 2448 459 2482; x_wconf 86' lang='lat' dir='ltr'>tractatur</span> <span class='ocrx_word' id='word_1_322' title='bbox 493 2443 609 2482; x_wconf 88' lang='lat' dir='ltr'>modo</span> <span class='ocrx_word' id='word_1_323' title='bbox 645 2443 853 2495; x_wconf 86' lang='lat' dir='ltr'>praedict0‚</span> <span class='ocrx_word' id='word_1_324' title='bbox 888 2449 1043 2495; x_wconf 87' lang='lat' dir='ltr'>propter</span> <span class='ocrx_word' id='word_1_325' title='bbox 1079 2459 1193 2496; x_wconf 86' lang='lat' dir='ltr'>quam</span> <span class='ocrx_word' id='word_1_326' title='bbox 1232 2450 1360 2484; x_wconf 87' lang='lat' dir='ltr'>coetus</span> <span class='ocrx_word' id='word_1_327' title='bbox 1387 2448 1443 2483; x_wconf 87' lang='lat' dir='ltr'>est</span> <span class='ocrx_word' id='word_1_328' title='bbox 1473 2450 1715 2494; x_wconf 82' lang='lat' dir='ltr'>convocatus,</span> 
     </span>
     <span class='ocr_line' id='line_1_37' title="bbox 173 2509 1716 2562; baseline 0.003 -17"><span class='ocrx_word' id='word_1_329' title='bbox 173 2512 228 2553; x_wconf 88' lang='lat' dir='ltr'>ut,</span> <span class='ocrx_word' id='word_1_330' title='bbox 255 2509 356 2558; x_wconf 88' lang='lat' dir='ltr'>quod</span> <span class='ocrx_word' id='word_1_331' title='bbox 391 2509 439 2546; x_wconf 84' lang='lat' dir='ltr'>ad</span> <span class='ocrx_word' id='word_1_332' title='bbox 476 2522 605 2547; x_wconf 85' lang='lat' dir='ltr'>omnes</span> <span class='ocrx_word' id='word_1_333' title='bbox 642 2509 755 2547; x_wconf 88' lang='lat' dir='ltr'>simul</span> <span class='ocrx_word' id='word_1_334' title='bbox 791 2509 983 2548; x_wconf 82' lang='lat' dir='ltr'>Ecclesias</span> <span class='ocrx_word' id='word_1_335' title='bbox 1010 2510 1094 2548; x_wconf 87' lang='lat' dir='ltr'>illas</span> <span class='ocrx_word' id='word_1_336' title='bbox 1120 2510 1308 2562; x_wconf 87' lang='lat' dir='ltr'>pertinere</span> <span class='ocrx_word' id='word_1_337' title='bbox 1338 2510 1498 2555; x_wconf 83' lang='lat' dir='ltr'>videtur,</span> <span class='ocrx_word' id='word_1_338' title='bbox 1525 2512 1716 2550; x_wconf 89' lang='lat' dir='ltr'>communi</span> 
     </span>
     <span class='ocr_line' id='line_1_38' title="bbox 172 2573 1470 2624; baseline 0.002 -14"><span class='ocrx_word' id='word_1_339' title='bbox 172 2573 285 2610; x_wconf 88' lang='lat' dir='ltr'>etiam</span> <span class='ocrx_word' id='word_1_340' title='bbox 313 2573 483 2611; x_wconf 89' lang='lat' dir='ltr'>omnium</span> <span class='ocrx_word' id='word_1_341' title='bbox 512 2573 669 2611; x_wconf 85' lang='lat' dir='ltr'>consilio</span> <span class='ocrx_word' id='word_1_342' title='bbox 693 2574 926 2612; x_wconf 84' lang='lat' dir='ltr'>unanimiter</span> <span class='ocrx_word' id='word_1_343' title='bbox 953 2578 1135 2613; x_wconf 87' lang='lat' dir='ltr'>tractetur</span> <span class='ocrx_word' id='word_1_344' title='bbox 1162 2580 1198 2613; x_wconf 87' lang='lat' dir='ltr'>et</span> <span class='ocrx_word' id='word_1_345' title='bbox 1224 2574 1470 2624; x_wconf 85' lang='lat' dir='ltr'>transigatur.</span> 
     </span>
    </p>

    <p class='ocr_par' dir='ltr' id='par_1_6' title="bbox 170 2639 1715 2951">
     <span class='ocr_line' id='line_1_39' title="bbox 222 2639 1715 2691; baseline 0.003 -15"><span class='ocrx_word' id='word_1_346' title='bbox 222 2639 417 2677; x_wconf 88' lang='lat' dir='ltr'>Postremo</span> <span class='ocrx_word' id='word_1_347' title='bbox 456 2639 617 2678; x_wconf 86' lang='lat' dir='ltr'>habetur</span> <span class='ocrx_word' id='word_1_348' title='bbox 652 2640 766 2679; x_wconf 90' lang='lat' dir='ltr'>etiam</span> <span class='ocrx_word' id='word_1_349' title='bbox 802 2640 1004 2691; x_wconf 84' lang='lat' dir='ltr'>peculiaris</span> <span class='ocrx_word' id='word_1_350' title='bbox 1033 2646 1243 2679; x_wconf 89' lang='lat' dir='ltr'>conventus</span> <span class='ocrx_word' id='word_1_351' title='bbox 1273 2640 1550 2687; x_wconf 84' lang='lat' dir='ltr'>Ministrorum,</span> <span class='ocrx_word' id='word_1_352' title='bbox 1579 2641 1715 2680; x_wconf 87' lang='lat' dir='ltr'>Senio-</span> 
     </span>
     <span class='ocr_line' id='line_1_40' title="bbox 172 2703 1713 2757; baseline 0.003 -15"><span class='ocrx_word' id='word_1_353' title='bbox 172 2718 256 2742; x_wconf 87' lang='lat' dir='ltr'>rum</span> <span class='ocrx_word' id='word_1_354' title='bbox 293 2717 336 2742; x_wconf 87' lang='lat' dir='ltr'>ac</span> <span class='ocrx_word' id='word_1_355' title='bbox 372 2703 628 2743; x_wconf 88' lang='lat' dir='ltr'>Diaconorum</span> <span class='ocrx_word' id='word_1_356' title='bbox 667 2705 836 2744; x_wconf 89' lang='lat' dir='ltr'>omnium</span> <span class='ocrx_word' id='word_1_357' title='bbox 874 2706 1122 2744; x_wconf 85' lang='lat' dir='ltr'>Germanicae</span> <span class='ocrx_word' id='word_1_358' title='bbox 1149 2706 1354 2753; x_wconf 89' lang='lat' dir='ltr'>Ecclesiae,</span> <span class='ocrx_word' id='word_1_359' title='bbox 1388 2719 1521 2757; x_wconf 90' lang='lat' dir='ltr'>nempe</span> <span class='ocrx_word' id='word_1_360' title='bbox 1549 2708 1713 2746; x_wconf 89' lang='lat' dir='ltr'>secundo</span> 
     </span>
     <span class='ocr_line' id='line_1_41' title="bbox 172 2765 1712 2823; baseline 0.002 -16"><span class='ocrx_word' id='word_1_361' title='bbox 172 2769 232 2807; x_wconf 90' lang='lat' dir='ltr'>die</span> <span class='ocrx_word' id='word_1_362' title='bbox 268 2769 372 2806; x_wconf 89' lang='lat' dir='ltr'>Iovis</span> <span class='ocrx_word' id='word_1_363' title='bbox 409 2769 534 2820; x_wconf 79' lang='lat' dir='ltr'>quarti</span> <span class='ocrx_word' id='word_1_364' title='bbox 572 2771 752 2821; x_wconf 88' lang='lat' dir='ltr'>cuiusque</span> <span class='ocrx_word' id='word_1_365' title='bbox 780 2771 932 2816; x_wconf 78' lang='lat' dir='ltr'>mensis,</span> <span class='ocrx_word' id='word_1_366' title='bbox 960 2771 1006 2808; x_wconf 85' lang='lat' dir='ltr'>ad</span> <span class='ocrx_word' id='word_1_367' title='bbox 1036 2765 1321 2809; x_wconf 65' lang='lat' dir='ltr'>observandum*</span> <span class='ocrx_word' id='word_1_368' title='bbox 1342 2770 1442 2809; x_wconf 90' lang='lat' dir='ltr'>inter</span> <span class='ocrx_word' id='word_1_369' title='bbox 1468 2772 1571 2822; x_wconf 88' lang='lat' dir='ltr'>ipsos</span> <span class='ocrx_word' id='word_1_370' title='bbox 1599 2785 1712 2823; x_wconf 87' lang='lat' dir='ltr'>pecu-</span> 
     </span>
     <span class='ocr_line' id='line_1_42' title="bbox 170 2834 1712 2887; baseline 0.002 -15"><span class='ocrx_word' id='word_1_371' title='bbox 170 2835 312 2872; x_wconf 88' lang='lat' dir='ltr'>liariter</span> <span class='ocrx_word' id='word_1_372' title='bbox 357 2834 645 2872; x_wconf 84' lang='lat' dir='ltr'>Ecclesiasticae</span> <span class='ocrx_word' id='word_1_373' title='bbox 690 2834 912 2883; x_wconf 88' lang='lat' dir='ltr'>disciplinae</span> <span class='ocrx_word' id='word_1_374' title='bbox 947 2848 1071 2882; x_wconf 87' lang='lat' dir='ltr'>usum,</span> <span class='ocrx_word' id='word_1_375' title='bbox 1106 2834 1254 2873; x_wconf 87' lang='lat' dir='ltr'>reiectis</span> <span class='ocrx_word' id='word_1_376' title='bbox 1300 2835 1490 2880; x_wconf 86' lang='lat' dir='ltr'>omnibus,</span> <span class='ocrx_word' id='word_1_377' title='bbox 1534 2849 1630 2887; x_wconf 80' lang='lat' dir='ltr'>quae</span> <span class='ocrx_word' id='word_1_378' title='bbox 1669 2850 1712 2875; x_wconf 89' lang='lat' dir='ltr'>eo</span> 
     </span>
     <span class='ocr_line' id='line_1_43' title="bbox 170 2899 1710 2951; baseline 0 -12"><span class='ocrx_word' id='word_1_379' title='bbox 170 2899 313 2951; x_wconf 83' lang='lat' dir='ltr'>alioqui</span> <span class='ocrx_word' id='word_1_380' title='bbox 351 2899 410 2939; x_wconf 89' lang='lat' dir='ltr'>die</span> <span class='ocrx_word' id='word_1_381' title='bbox 438 2899 583 2948; x_wconf 83' lang='lat' dir='ltr'>agenda</span> <span class='ocrx_word' id='word_1_382' title='bbox 611 2904 730 2946; x_wconf 87' lang='lat' dir='ltr'>erant,</span> <span class='ocrx_word' id='word_1_383' title='bbox 756 2899 795 2937; x_wconf 90' lang='lat' dir='ltr'>in</span> <span class='ocrx_word' id='word_1_384' title='bbox 823 2899 1038 2951; x_wconf 83' lang='lat' dir='ltr'>proximum</span> <span class='ocrx_word' id='word_1_385' title='bbox 1069 2900 1244 2951; x_wconf 87' lang='lat' dir='ltr'>deinceps</span> <span class='ocrx_word' id='word_1_386' title='bbox 1272 2900 1377 2938; x_wconf 86' lang='lat' dir='ltr'>Iovis</span> <span class='ocrx_word' id='word_1_387' title='bbox 1406 2899 1506 2939; x_wconf 87' lang='lat' dir='ltr'>diem</span> <span class='ocrx_word' id='word_1_388' title='bbox 1548 2906 1613 2939; x_wconf 87' lang='lat' dir='ltr'>aut</span> <span class='ocrx_word' id='word_1_389' title='bbox 1639 2902 1710 2939; x_wconf 82' lang='lat' dir='ltr'>ali-</span> 
     </span>
    </p>
   </div>
   <div class='ocr_carea' id='block_1_5' title="bbox 1822 2345 1830 2491">
    <p class='ocr_par' dir='ltr' id='par_1_7' title="bbox 1822 2345 1830 2491">
     <span class='ocr_line' id='line_1_44' title="bbox 1822 2345 1830 2491; textangle 90"><span class='ocrx_word' id='word_1_390' title='bbox 1822 2393 1830 2491; x_wconf 40' lang='lat' dir='ltr'>a-:a-...a</span> <span class='ocrx_word' id='word_1_391' title='bbox 1827 2345 1830 2348; x_wconf 92' lang='lat'>.</span> 
     </span>
    </p>
   </div>
   <div class='ocr_carea' id='block_1_6' title="bbox 1806 2769 1818 2918">
    <p class='ocr_par' dir='ltr' id='par_1_8' title="bbox 1806 2769 1818 2918">
     <span class='ocr_line' id='line_1_45' title="bbox 1806 2769 1818 2918; textangle 90"><span class='ocrx_word' id='word_1_392' title='bbox 1808 2907 1811 2918; x_wconf 59' lang='lat'>„,</span> <span class='ocrx_word' id='word_1_393' title='bbox 1806 2769 1818 2880; x_wconf 43' lang='lat' dir='ltr'>..w-2„-</span> 
     </span>
    </p>
   </div>
  </div>
 </body>
</html>
