1830 3147
1526 142 1598 180 247

116 257 152 292 5.
209 253 384 292 Monetur
419 253 598 298 Ecclesia,
635 267 709 291 non
746 256 893 290 tantum
926 266 1005 289 esse
1040 252 1316 290 observandam
1342 251 1589 298 occasionem,

63 318 324 357 ministrumve
358 319 481 370 ipsum
517 319 701 363 beneficii,
728 332 791 369 per
819 331 932 372 quem
956 323 1011 355 est
1040 318 1228 364 collatum,
1258 316 1323 355 sed
1350 317 1474 362 etiam,
1499 330 1587 366 gra-

64 381 160 421 tuito
187 397 233 421 ne
261 397 308 421 an
336 396 423 421 vero
439 383 549 421 certis
568 383 791 434 quibusdam
810 382 956 432 legibus
974 382 1200 420 conferatur.
1229 381 1329 419 Fieri
1347 382 1448 419 enim
1466 394 1587 432 posse,

64 452 106 486 ut
132 452 168 487 et
195 448 336 500 optima
362 449 558 486 occasione
585 452 621 486 et
647 461 711 499 per
737 449 819 499 pios
846 448 990 499 alioqui
1016 447 1187 484 homines
1214 447 1325 485 etiam
1346 447 1588 485 conferantur

66 513 255 559 beneficia,
290 513 440 550 interim
475 517 602 551 tamen
630 513 814 551 eiusmodi
839 513 987 562 legibus
1015 513 1287 561 astringantur,
1322 512 1399 549 sive
1425 525 1490 562 per
1516 512 1589 550 im-

62 575 311 627 prudentiam,
347 575 425 613 sive
459 589 524 626 per
559 576 713 615 nimiam
742 575 967 627 quandoque
995 575 1245 626 prudentiam,
1279 580 1321 612 ut
1348 575 1428 612 sine
1455 575 1587 613 Eccle-

62 640 138 678 siae
173 639 349 678 servitute
384 639 546 690 quadam
581 640 772 692 ipsiusque
807 640 899 678 adeo
936 639 1130 689 religionis
1164 639 1329 690 periculo
1365 652 1443 678 nou
1479 640 1589 679 facile

61 705 181 756 accipi
216 705 374 756 possint.
430 705 687 743 Quamobrem
724 705 761 742 id
790 718 939 756 quoque
967 705 1166 754 diligenter
1193 710 1273 742 esse
1301 704 1586 751 observandum,

61 783 153 808 num
188 769 422 815 beneficium,
458 770 562 807 cuius
600 770 752 808 nomine
788 774 844 808 est
870 770 1041 808 institata
1069 769 1305 820 supplicatio,
1333 770 1510 808 collatum
1539 770 1588 807 sit

59 835 237 884 gratuito,
274 835 354 873 sine
389 834 699 873 adstrictionibus
738 836 836 880 ullis,
871 849 917 873 an
954 849 1041 873 vero
1080 835 1190 872 certis
1226 835 1416 886 aliquibus
1443 835 1589 885 legibus

61 899 390 938 conditionibusve
436 900 662 938 conferatur.
718 900 928 938 Gratuitam
975 913 1087 951 porro
1134 900 1307 937 beneficii
1350 900 1586 938 collationem

61 978 250 1009 vocamus,
285 965 371 1002 dum
400 964 445 1009 is,
482 965 546 1016 qui
583 965 728 1003 confert
756 965 990 1009 beneficium,
1019 965 1123 1002 aliud
1150 965 1247 1002 nihil
1275 965 1321 1002 ab
1349 965 1396 1002 iis
1423 966 1590 1016 requirit,

60 1030 99 1067 in
127 1043 221 1080 quos
247 1029 340 1067 illud
369 1030 540 1075 contulit,
567 1043 678 1080 quam
709 1034 746 1067 ut
769 1030 808 1067 in
835 1031 946 1078 (566)
976 1030 1078 1067 omni
1106 1043 1172 1068 sua
1201 1029 1371 1067 doctrina
1395 1030 1588 1068 omnibus-

60 1107 131 1145 que
166 1095 243 1132 suis
271 1094 406 1132 ritibus
435 1095 552 1132 solam
580 1095 766 1133 duntaxat
795 1096 1056 1146 Apostolicam
1085 1095 1295 1133 doctrinam
1323 1098 1434 1145 atque
1462 1095 1592 1133 obser-

61 1158 247 1197 vationem
285 1164 499 1210 sequantur.
555 1159 653 1197 Nam
691 1160 763 1197 hoc
800 1173 942 1210 semper
970 1165 1025 1197 est
1052 1159 1332 1210 praestandum,
1360 1160 1483 1210 quoad
1511 1160 1591 1197 fieri

59 1228 193 1275 potest,
227 1224 373 1262 etiamsi
401 1225 506 1262 nulla
534 1224 694 1263 omnino
721 1224 760 1262 in
790 1238 858 1263 nos
888 1225 1070 1262 beneficia
1100 1225 1355 1262 conferantur.
1410 1224 1450 1261 Si
1477 1224 1593 1272 igitur

58 1288 224 1338 gratuito
261 1293 316 1326 est
350 1289 528 1326 collatum
561 1288 798 1335 beneficium,
837 1289 941 1326 cuius
979 1289 1131 1326 nomine
1157 1292 1214 1327 est
1241 1288 1413 1326 instituta
1440 1289 1591 1339 publica

59 1352 295 1403 supplicatio,
321 1353 542 1402 magnitudo
569 1353 651 1404 ipsa
679 1353 850 1391 beneficii
879 1353 1162 1391 commendatur
1202 1352 1392 1390 Ecclesiae
1419 1366 1484 1403 per
1510 1367 1590 1390 am-

58 1417 337 1468 plificationem,
371 1421 408 1456 et
443 1418 491 1455 ob
527 1418 656 1456 oculos
692 1419 764 1456 toti
800 1418 992 1456 Ecclesiae
1019 1418 1170 1469 ponitur
1199 1417 1317 1455 debiti
1344 1431 1493 1455 rursum
1522 1431 1590 1454 no-

57 1482 137 1527 stri,
180 1485 331 1520 nostrae
375 1482 527 1533 inquam
569 1483 825 1532 gratitudinis,
866 1483 964 1521 ratio
1008 1496 1075 1533 pro
1103 1482 1276 1520 beneficii
1311 1481 1585 1531 magnitudine.

59 1546 249 1584 Nimirum
284 1551 423 1597 quanto
452 1547 571 1584 maius
598 1551 653 1585 est
683 1548 918 1590 beneficium.
944 1552 1050 1586 tanto
1078 1548 1197 1585 maius
1225 1561 1306 1585 esse
1331 1548 1444 1585 etiam
1470 1547 1588 1597 grati-

57 1610 198 1648 tudinis
234 1615 385 1649 nostrae
421 1611 600 1658 debitum,
628 1625 721 1663 quae
750 1613 860 1650 nobis
888 1612 1030 1663 alioqui
1060 1612 1282 1650 declaranda
1310 1616 1366 1650 est
1393 1617 1586 1663 praestan-

58 1675 114 1712 dis
160 1679 309 1713 nostrae
355 1689 442 1724 erga
479 1676 598 1714 Deum
633 1677 894 1714 observantiae
932 1681 1042 1728 atque
1080 1677 1316 1715 obedientiae
1353 1677 1481 1714 officiis
1517 1690 1584 1728 pro

56 1753 199 1778 summa
235 1741 333 1778 virili
370 1745 508 1786 nostra,
547 1742 619 1779 nisi
655 1742 940 1791 ingratitudinis
967 1741 1136 1779 accusari
1163 1745 1275 1792 atque
1300 1741 1403 1778 illius
1432 1742 1584 1779 nominc

55 1804 181 1856 puniri
208 1804 316 1843 etiam
345 1805 484 1856 alioqui
512 1806 680 1845 velimus.
737 1807 777 1844 Si
805 1820 890 1844 vero
919 1806 1064 1845 collatis
1093 1805 1283 1857 aliquibus
1310 1806 1350 1843 in
1378 1805 1585 1844 Ecclesiam

57 1869 247 1908 beneficiis
284 1870 519 1908 conditiones
566 1875 683 1909 certas
721 1876 824 1909 extra
861 1872 1017 1909 verbum
1057 1871 1126 1908 Dei
1162 1871 1326 1908 adnexas
1362 1883 1442 1908 esse
1479 1871 1581 1909 vide-

56 1949 150 1980 mus,
187 1936 467 1974 commendatur
502 1950 590 1974 sane
617 1937 863 1974 nihilomiuus
891 1937 962 1975 toti
991 1936 1181 1974 Ecclesiae
1209 1937 1386 1974 collatum
1415 1936 1453 1973 in
1480 1936 1583 1974 illam

57 2001 277 2039 beneficium
306 2001 534 2052 doceturque
576 2002 872 2052 amplectendum
902 2015 992 2048 esse,
1021 2006 1201 2052 tanquam
1228 2002 1410 2052 exipsius
1430 2001 1584 2039 Domini

57 2065 245 2108 manibus,
280 2065 464 2116 siquidem
500 2065 666 2104 adnexae
702 2067 758 2104 illi
785 2067 884 2116 leges
912 2070 976 2104 aut
1005 2066 1240 2104 conditiones
1268 2066 1315 2103 ad
1343 2066 1485 2103 nullam
1514 2079 1583 2103 nos

57 2130 294 2168 manifestam
347 2131 575 2181 impietatem
619 2133 729 2179 (567)
783 2132 992 2169 necessario
1046 2131 1285 2180 adstringant
1329 2131 1581 2181 impellantve.

58 2194 131 2232 Sed
169 2198 340 2232 monetur
375 2195 486 2232 etiam
523 2195 809 2245 diligentissime
837 2195 1018 2241 Ecclesia,
1044 2195 1285 2246 potissimum
1311 2199 1436 2232 autem
1466 2194 1582 2232 Mini-

57 2258 126 2297 stri
160 2270 204 2296 ac
241 2258 413 2296 Seniores
448 2259 563 2304 illius,
597 2272 644 2298 ne
671 2273 709 2298 se
735 2260 823 2298 ullis
853 2261 1007 2297 omnino
1036 2263 1141 2297 extra,
1168 2260 1323 2297 verbum
1351 2258 1421 2296 Dei
1450 2258 1582 2297 condi-

54 2323 225 2362 tionibus
259 2324 464 2374 implicent,
490 2325 605 2362 ullius
631 2325 743 2363 etiam
773 2325 943 2363 beneficii
980 2325 1144 2369 nomine,
1172 2324 1246 2362 nisi
1273 2328 1456 2375 quatenus
1485 2325 1582 2362 dun—

57 2391 163 2426 taxat
205 2387 417 2438 pertineant
452 2387 498 2426 ad
543 2389 731 2426 serendam
770 2393 960 2440 utcunque
997 2391 1100 2438 (eum
1138 2389 1304 2427 fraterna
1337 2389 1489 2427 interim
1527 2402 1584 2426 re-

57 2451 336 2503 prehensione),
372 2464 447 2489 non
475 2457 596 2490 autem
625 2453 798 2491 alendam
826 2453 1192 2505 comprobandamve
1220 2453 1297 2491 ullo
1324 2453 1436 2491 modo
1464 2453 1580 2491 ullam

57 2517 170 2555 etiam
207 2517 304 2555 inter
341 2530 410 2555 nos
445 2517 702 2556 infirmitatem
739 2523 918 2564 mutuam,
946 2533 1039 2570 quae
1066 2519 1284 2570 praesertim
1313 2522 1377 2557 aut
1405 2519 1586 2570 supersti-

57 2582 198 2619 tionem
225 2582 389 2632 aliquam
417 2582 563 2626 haheat,
591 2587 655 2621 aut
682 2597 922 2634 progressum
957 2584 1131 2635 puritatis
1159 2584 1413 2634 Apostohcae,
1442 2587 1520 2621 tam
1546 2584 1586 2621 in

60 2645 243 2689 doctrina.
278 2660 388 2697 quam
423 2647 463 2684 in
492 2648 615 2685 cultus
644 2648 773 2686 Divini
802 2650 939 2687 ritibus
966 2648 1145 2699 impediat
1172 2661 1216 2685 ac
1242 2654 1462 2687 remoretur.
1516 2648 1588 2686 Fe-

58 2710 212 2747 rendam
248 2711 347 2748 enim
374 2724 454 2749 csse
482 2712 591 2749 nobis
619 2712 777 2751 invicem
804 2714 843 2752 in
873 2714 1054 2751 charitate
1082 2713 1295 2751 Christiana
1331 2717 1497 2750 nostram
1526 2713 1586 2749 in·

60 2774 286 2819 firmitatem,
322 2789 384 2813 seu
420 2776 472 2813 ita
509 2777 712 2822 ferendam,
749 2783 788 2816 ut
823 2779 871 2816 ad
897 2778 1120 2830 perfectiora
1147 2778 1298 2816 interim
1327 2791 1470 2828 semper
1497 2791 1585 2827 pro-

59 2837 283 2885 grediamur,
311 2839 514 2877 observatis
543 2840 713 2879 videlicet
742 2841 965 2880 Christianis
993 2842 1293 2880 admonitionum
1333 2842 1513 2892 gradibus
1541 2855 1586 2879 cx

62 2901 174 2940 verbo
202 2902 284 2942 Dei.
314 2904 509 2943 Caeterum
538 2911 706 2944 nostram
731 2907 892 2947 invicem
920 2907 1174 2959 infirmitatem
1207 2907 1306 2945 alere
1321 2906 1586 2961 quoquomodo
