1830 3147
1552 154 1625 190 209

88 267 297 306 manifestis
334 266 463 317 signis*
489 271 601 317 atque
636 266 785 304 indiciis
824 265 927 303 illius
956 264 995 302 hi
1023 265 1061 302 in
1089 268 1216 302 nostra
1245 263 1413 302 Ecclesia
1441 263 1488 301 ad
1517 262 1619 300 hunc

88 333 240 370 modum
268 332 306 370 in
333 331 492 381 gratiam
520 344 667 368 rursum
695 343 716 368 a
743 335 825 374 toto
853 330 1043 367 Ecclesiae
1072 334 1181 368 coetu
1208 329 1450 380 recipiuntur.
1479 329 1590 376 (368)

142 395 225 434 Duo
254 396 353 440 sunt,
379 408 473 445 quae
502 394 540 432 in
568 394 977 432 excommunicatorum
1007 406 1090 430 cuin
1121 393 1287 431 Ecclesia
1314 391 1619 431 reconciliatione

88 461 324 512 potissimum
361 459 598 497 observanda
626 472 704 497 esse
731 458 966 510 putavimus:
995 458 1163 504 alterum,
1202 458 1382 509 quidnam
1417 457 1465 495 sit
1505 469 1620 505 agen-

90 526 178 564 dum
207 539 287 564 cum
316 524 663 569 excommunicatis,
690 525 910 575 priusquam
936 523 981 561 ad
1011 523 1198 574 publicam
1227 524 1265 560 in
1292 523 1408 561 totius
1429 521 1621 560 Ecclesiae

91 594 199 629 coetu
234 590 502 642 poenitentiam
538 603 581 627 ac
619 589 962 627 reconciliationem
998 589 1261 635 admittantur,
1295 592 1335 626 ut
1363 588 1471 625 fucus
1498 586 1621 624 omnis

90 649 342 706 hypocriseos,
388 653 510 705 quoad
559 653 637 692 eius
671 654 753 691 fieri
784 657 923 705 potest,
957 653 1005 691 ab
1042 653 1211 691 Ecclesia
1245 666 1310 704 per
1357 652 1619 690 Ministrorum

87 719 206 770 ipsius
250 719 486 757 sedulitatem
533 731 576 756 ac
622 718 857 768 diligentiam
893 724 1082 765 arceatur;
1126 718 1297 765 alterum,
1332 730 1405 768 quo
1445 717 1518 754 ritu
1559 720 1623 753 aut

89 783 201 822 modo
247 784 373 834 peragi
415 783 548 821 debeat
583 783 735 834 publica
773 782 987 820 istiusmodi
1021 782 1253 833 poenitentia
1290 794 1334 819 ac
1365 779 1623 819 reconciliatio

91 848 272 899 ipsorum.

145 978 390 1017 Quidnam
432 978 527 1016 fiat
569 991 648 1028 per
694 977 959 1015 Ministros
1004 990 1055 1014 ac
1105 977 1327 1014 Seniores
1371 976 1627 1014 Ecclesiae

94 1036 192 1080 c'um
235 1042 677 1087 excommunicato,
715 1046 1035 1092 posteaquam
1073 1041 1463 1092 resipiscentiae
1500 1054 1626 1092 spem

92 1107 234 1153 fecit,
263 1111 520 1158 antequam
548 1107 602 1144 ad
630 1106 874 1157 publicam
903 1106 1265 1157 poenitentiam
1295 1107 1602 1145 admittatur.

143 1237 388 1288 Posteaquam
427 1237 490 1287 qui
527 1236 874 1274 excommunicatus
913 1240 969 1274 est
1007 1236 1168 1286 aliquam
1199 1235 1275 1273 sive
1303 1249 1368 1286 per
1396 1248 1434 1272 se
1463 1236 1540 1273 sive
1568 1249 1631 1286 per

93 1302 185 1339 alios
222 1301 499 1352 resipiscentiae
537 1314 623 1339 suae
660 1301 975 1351 significationem
1015 1300 1201 1338 Ministris
1238 1313 1282 1337 ac
1309 1300 1531 1338 Senioribus
1558 1300 1631 1337 Ec·

95 1367 226 1405 clesiae
264 1367 377 1412 dedit,
413 1367 484 1404 hoc
522 1371 578 1405 est
615 1367 857 1418 praecipuum
886 1366 1053 1417 ipsorum
1082 1365 1296 1410 consilium,
1322 1370 1364 1403 ut
1392 1369 1500 1403 notas
1529 1378 1635 1402 verae

95 1432 506 1483 resipi·(369)scentiae
541 1431 579 1470 in
617 1431 943 1469 excommunicato
980 1431 1046 1468 illo
1077 1444 1221 1469 summa
1251 1444 1336 1468 cura
1365 1444 1408 1468 ac
1437 1430 1634 1480 diligentia

95 1491 309 1542 observent,
337 1497 375 1534 in
405 1497 549 1547 hocque
577 1497 815 1547 potissimum
844 1497 1078 1541 incumbant,
1109 1501 1150 1533 ut
1176 1496 1282 1533 illum
1310 1495 1358 1533 ad
1387 1508 1510 1532 veram
1538 1495 1633 1532 resi-

95 1561 315 1611 piscentiam
346 1561 467 1598 modis
495 1561 605 1612 plane
633 1562 807 1599 omnibus
836 1562 1027 1599 reducant.
1078 1560 1134 1598 De
1162 1561 1261 1598 notis
1290 1564 1414 1598 autem
1443 1573 1548 1598 verae
1576 1573 1633 1597 re-

97 1625 335 1676 sipiscentiae
372 1625 531 1663 habetur
568 1625 605 1663 in
644 1625 914 1676 superioribus,
942 1625 1006 1663 ubi
1035 1625 1078 1663 de
1105 1625 1257 1675 publica
1288 1625 1456 1662 nondum
1484 1637 1634 1662 excom-

97 1690 372 1727 municatorum
411 1690 637 1741 poenitentia
674 1694 866 1733 tractatur,
906 1703 989 1740 pag.
1019 1692 1090 1727 305
1122 1691 1249 1737 (huius
1278 1690 1333 1727 ed.
1362 1703 1398 1740 p.
1430 1691 1536 1735 184.)
1566 1690 1632 1726 Se-

97 1755 220 1792 niores
249 1760 368 1793 autem
412 1755 602 1793 Ecclesiae
641 1756 679 1792 in
709 1756 778 1793 hoc
806 1755 1041 1806 potissimum
1073 1755 1238 1792 studium
1266 1768 1309 1792 ac
1338 1754 1633 1793 sollicitudinem

95 1833 200 1858 suam
229 1833 315 1869 erga
345 1821 707 1858 excommunicatum
736 1820 940 1866 declarant,
977 1820 1076 1870 quod
1106 1833 1190 1858 eum
1218 1820 1335 1870 aliqui
1363 1819 1513 1858 illorum
1543 1820 1634 1857 sub-

97 1883 184 1921 inde
221 1884 463 1929 conveniunt,
500 1896 771 1934 nonnunquam
811 1883 1032 1932 singillatim
1071 1883 1200 1934 aliqui,
1236 1896 1510 1934 nonnunquam
1548 1896 1634 1921 vero

99 1949 178 1986 bini
214 1953 277 1986 aut
310 1949 419 1995 terni,
456 1961 523 1999 pro
559 1962 601 1986 eo
639 1962 682 1985 ac
718 1962 776 1986 res
804 1949 991 1999 postulare
1020 1948 1179 1994 videtur,
1206 1961 1363 1999 eumque
1392 1949 1634 1985 consolantur

97 2013 279 2063 officiique
308 2013 364 2050 sui
391 2013 595 2050 admonent
622 2018 668 2057 et,
695 2013 888 2063 productis
917 2026 963 2050 ex
993 2013 1104 2050 verbo
1135 2012 1204 2050 Dei
1233 2012 1470 2058 testimoniis,
1488 2012 1528 2049 in
1548 2024 1634 2062 pro·

98 2077 220 2127 posito
268 2090 336 2114 suo
379 2077 622 2127 resipiscendi
661 2077 897 2120 confirmant,
932 2082 1043 2127 atque
1080 2077 1278 2114 hortantur
1315 2076 1362 2114 ad
1398 2075 1541 2126 peccati
1577 2076 1634 2112 sui

98 2141 371 2192 displicentiam
399 2147 435 2178 et
463 2141 737 2178 accusationem
767 2154 891 2178 coram
929 2141 1046 2178 oculis
1075 2140 1144 2178 Dei
1179 2154 1265 2177 cum
1295 2140 1422 2178 veniae
1449 2140 1628 2190 implora-

95 2208 210 2246 tione.
265 2207 482 2244 Subornant
518 2211 703 2256 praeterea
743 2206 835 2243 alios
872 2219 915 2243 ex
955 2206 1134 2251 Ecclesia,
1172 2218 1264 2256 quos
1302 2206 1334 2243 ei
1365 2205 1566 2243 familiares
1594 2212 1630 2242 et

97 2275 226 2320 gratos
252 2284 339 2322 prae
366 2270 449 2308 aliis
477 2284 554 2308 csse
583 2275 734 2316 norunt,
761 2270 825 2321 qui
854 2270 926 2307 hoc
952 2270 1074 2320 ipsum
1103 2269 1213 2306 etiam
1243 2269 1370 2306 sedulo
1399 2268 1495 2319 apud
1525 2269 1628 2306 illum

100 2340 226 2386 agant,
264 2336 382 2373 donec
420 2349 461 2373 eo
499 2335 736 2386 perducatur,
765 2340 804 2372 ut
838 2334 993 2385 ipsemet
1030 2334 1154 2384 cupiat
1183 2333 1228 2371 ad
1258 2338 1403 2371 coetum
1433 2333 1627 2371 seniorum

99 2401 260 2447 admitti,
303 2413 461 2451 cumque
499 2400 573 2436 illis
600 2399 755 2450 ipsemet
784 2404 869 2449 agat
898 2398 942 2436 de
970 2398 1140 2436 facienda
1171 2411 1253 2435 cum
1283 2397 1451 2435 Ecclesia
1477 2398 1629 2448 publica

98 2466 402 2504 reconciliatione
437 2478 501 2516 per
537 2464 723 2515 publicam
769 2460 1039 2514 poenitentiam
1084 2468 1118 2500 et
1156 2463 1283 2513 culpae
1319 2462 1632 2512 deprecationem.

101 2530 214 2568 Quod
243 2530 274 2567 si
302 2531 413 2578 (370)
440 2530 516 2573 fiat,
544 2528 783 2565 constituitur
812 2531 933 2565 certus
962 2527 1039 2564 dies
1066 2540 1130 2577 per
1160 2526 1356 2564 Ministros
1390 2531 1424 2564 et
1445 2526 1631 2571 Seniores,

99 2608 171 2646 quo
201 2593 544 2631 excommunicatus
571 2593 634 2629 ille
662 2591 708 2629 ad
737 2597 881 2630 coetum
907 2592 1072 2642 ipsorum
1103 2596 1265 2629 vocatur.

151 2659 328 2697 Admisso
357 2663 479 2696 autem
511 2657 858 2699 excommunicato,
884 2662 926 2694 ut
955 2657 1096 2694 dictum
1126 2661 1194 2701 est,
1223 2656 1267 2693 ad
1308 2655 1569 2694 Ministroruin
1600 2665 1633 2694 et

101 2710 297 2762 Senioruni
336 2728 480 2760 coetum
518 2721 799 2772 obser-vatisque
835 2720 1035 2770 diligenter
1071 2721 1168 2758 notis
1206 2733 1311 2757 verae
1337 2720 1375 2757 in
1405 2720 1469 2757 illo
1499 2722 1628 2771 resipi-

102 2787 274 2835 scentiae,
303 2787 334 2824 si
364 2786 531 2824 Ministri
559 2799 601 2823 ac
630 2785 802 2823 Seniores
830 2786 867 2823 in
897 2786 971 2822 illis
998 2785 1139 2835 aliquid
1167 2784 1370 2835 requirant,
1396 2785 1432 2821 id
1464 2790 1630 2822 amanter

100 2852 652 2902 excommunicatoexponunt,
680 2854 715 2888 et
741 2855 821 2888 tum
849 2851 1047 2888 hortantur
1074 2863 1119 2887 ex
1147 2850 1260 2886 verbo
1289 2849 1371 2894 Dei,
1397 2853 1450 2894 ut,
1471 2849 1571 2899 quod
1590 2850 1628 2887 in

100 2916 216 2967 ipsius
245 2916 497 2966 resipiscentia
526 2916 648 2954 adhuc
676 2917 889 2967 requiritur,
918 2916 955 2953 id
985 2929 1029 2954 ne
1056 2920 1231 2965 gravetur
1261 2914 1443 2963 corrigere
1471 2913 1515 2950 ad
1545 2914 1628 2962 glo-

147 2979 205 3020 11.
1431 2980 1478 3016 14
