1830 3147
181 129 244 177 [A.
270 129 315 167 D.
330 111 453 179 '1546]
915 133 984 170 608

180 238 364 275 stituendo
389 239 590 276 istiusmodi
616 239 814 277 Doctorum
840 243 959 289 coetu,
984 242 1278 290 quemadmodum
1303 242 1345 279 ad
1370 242 1471 279 illum
1497 243 1623 288 scribo,
1649 256 1719 281 non

176 299 379 346 gravaberis
404 312 470 337 nos
494 312 535 337 ea
559 300 603 338 de
627 313 666 339 re
692 301 804 339 facere
828 303 999 341 certiores
1024 305 1061 340 et
1085 303 1299 352 Episcopum
1324 303 1432 341 etiam
1447 304 1566 353 ipsum
1582 315 1721 352 urgere.

176 359 365 397 Praeterea
399 373 539 398 causam
573 362 679 399 huius
711 363 827 400 nostri
860 364 1030 402 Doctoris
1055 365 1318 413 Westerburgii
1342 366 1563 403 commendes
1587 378 1720 414 quaeso

177 419 351 469 Episcopo
377 424 415 459 et
440 423 524 469 suis,
551 427 727 472 quantum
753 427 866 474 potes,
892 425 1003 463 Plura
1027 438 1099 463 non
1125 439 1279 476 possum.
1307 426 1406 466 Vale.
1431 427 1564 465 Emdae
1588 428 1633 464 15
1657 428 1719 464 Iu-

174 483 225 519 nii
250 484 356 521 Anno
383 485 487 523 1546.

219 589 245 637 ³)
271 596 456 629 Gerhardus
480 597 752 640 Westerburgius,
782 598 997 637 Coloniensis,
1021 600 1117 633 Doct.
1140 600 1262 639 Theol.,
1287 601 1417 643 scriptis
1440 601 1506 632 suis
1529 602 1641 632 contra
1663 601 1722 633 Ca·

174 652 309 684 nonicos
333 653 447 686 colon.
471 654 636 693 inclaruit,
660 657 692 686 et
706 655 836 687 taudem
855 655 991 688 Colonia
1006 656 1127 689 eiectus
1144 660 1255 689 autore
1271 657 1459 699 Christoph.
1475 657 1565 690 Com.
1582 657 1721 691 Oldenb.

172 709 303 741 transiit
337 709 375 741 ad
405 710 612 742 Comitissam
643 712 780 744 Annam.
824 711 852 752 ²)
888 712 988 745 Arch.
1018 712 1217 746 Coloniensi.
1262 714 1289 753 ³)
1323 713 1414 755 Tydo
1444 713 1462 744 ὲ
1489 712 1719 755 Knyphausen.

171 767 201 805 ⁴)
226 766 381 799 Drusilla.
426 767 453 807 ⁵)
476 766 519 798 Et
542 755 650 799 tamen
675 779 739 800 non
763 770 830 800 tam
853 768 991 800 multum
1015 771 1090 811 post
1112 779 1181 801 eam
1206 768 1297 801 duxit
1319 769 1351 801 in
1375 770 1630 802 matrimonium.

171 970 237 1008 ΝΟ.
263 972 321 1009 40.
1039 976 1120 1022 [nihl.
1133 978 1211 1013 Brem.
1227 977 1260 1012 tl.
1276 978 1313 1012 Vl.
1329 978 1385 1013 ΜΟ.
1402 978 1485 1012 Gerd.
1503 989 1524 1017 s,
1539 989 1563 1013 a.
1575 975 1622 1015 nb.
1635 976 1711 1023 628]

725 1097 783 1134 Ad
810 1098 1166 1135 HARDENBnRemM.

219 1215 288 1252 Pcr
322 1215 615 1264 Westerbergum
642 1217 849 1265 scripseram
874 1218 917 1255 ad
944 1220 1103 1256 vestrum
1129 1218 1343 1268 Principem.
1391 1218 1527 1256 Vereor
1552 1230 1597 1255 ne
1621 1230 1712 1254 mor-

169 1274 245 1311 daci
271 1275 418 1311 nimium
443 1278 543 1313 aceto
569 1289 672 1314 aures
696 1277 898 1326 perluerim.
924 1278 992 1315 Sed
1017 1279 1105 1316 nihil
1130 1291 1258 1323 moror,
1284 1279 1332 1316 mi
1356 1279 1520 1316 Alberte!
1549 1279 1586 1316 Si
1608 1291 1645 1316 se
1661 1280 1712 1328 ip-

168 1349 245 1373 sum
280 1337 408 1385 suique
441 1338 631 1375 ministerii
667 1339 889 1376 functionem
923 1352 1113 1388 agnoscere
1148 1353 1231 1378 vere
1266 1340 1365 1378 volet
1390 1341 1560 1389 Princeps
1586 1344 1715 1386 vester,

167 1398 346 1446 intelliget
371 1412 426 1436 me
451 1411 535 1437 vera
560 1400 626 1438 sibi
652 1403 689 1438 et
714 1400 845 1439 dixisse
870 1414 1005 1451 semper
1031 1404 1067 1439 et
1093 1415 1188 1440 nunc
1214 1402 1319 1439 etiam
1338 1415 1399 1452 per
1418 1403 1712 1450 Westerburgum

167 1461 356 1509 scripsisse,
382 1462 521 1499 etiamsi
546 1475 618 1499 non
644 1462 681 1499 in
707 1465 866 1512 tempore
891 1464 1100 1512 scripserim.
1134 1465 1223 1501 Non
1250 1466 1305 1501 est
1330 1477 1448 1501 meum
1473 1464 1574 1509 scire,
1599 1464 1715 1501 multo

166 1523 284 1560 minus
308 1524 479 1569 divinare,
505 1524 593 1572 quid
619 1527 702 1572 agat
726 1527 791 1562 aut
816 1525 984 1562 moliatur
1010 1526 1150 1563 Caesar.
1192 1526 1260 1563 Sed
1286 1526 1383 1574 quod
1408 1528 1528 1564 vestro
1555 1527 1713 1575 Principi

165 1585 307 1631 suadeo,
342 1586 408 1623 hoc
433 1588 523 1635 puto
548 1587 592 1624 ad
618 1587 717 1624 illius
743 1588 895 1625 officium
921 1588 1063 1636 proprie
1087 1588 1277 1637 pertinere,
1304 1589 1334 1625 si
1359 1601 1451 1637 quae
1476 1591 1512 1626 et
1538 1589 1714 1637 Principis

167 1650 205 1684 et
231 1647 396 1696 Episcopi
423 1647 616 1684 Christiani
642 1650 728 1685 sunt
753 1648 796 1685 ad
822 1662 858 1686 se
883 1649 1059 1698 pertinere
1084 1652 1201 1698 putat.
1227 1649 1276 1686 Et
1293 1649 1493 1686 existimavi
1518 1649 1629 1687 debiti
1646 1650 1713 1687 mei

165 1719 252 1753 esse,
285 1711 328 1745 ut
353 1721 373 1745 a
398 1722 470 1757 quo
503 1710 596 1746 sensi
623 1711 843 1755 beneficium,
869 1711 967 1758 quod
993 1711 1156 1760 equidem
1183 1711 1364 1759 magnifice
1389 1724 1553 1759 agnosco,
1580 1712 1611 1749 ei
1637 1724 1713 1748 rur·

167 1781 245 1806 sum
280 1783 344 1818 pro
377 1783 453 1807 mea
485 1772 676 1816 tenuitate,
710 1785 781 1820 qua
811 1775 913 1821 parte
947 1772 982 1809 id
1015 1773 1098 1809 mihi
1133 1773 1240 1811 licere
1280 1773 1540 1820 intelligerem,
1560 1773 1715 1810 admoni-

170 1831 331 1868 tiuncula
362 1831 482 1880 aliqua
516 1833 762 1871 subservirem.
823 1834 873 1872 Ut
905 1837 948 1871 ut
981 1835 1040 1880 sit,
1073 1835 1138 1872 feci
1173 1835 1270 1883 quod
1302 1847 1417 1872 meum
1452 1837 1539 1880 erat,
1578 1836 1716 1884 reliqua

170 1892 325 1930 Domino
364 1894 547 1942 permitto.
598 1895 666 1932 Sed
701 1895 1005 1945 Westerbergium
1032 1897 1140 1934 miror
1166 1899 1203 1934 et
1228 1897 1417 1934 Albertum
1437 1898 1479 1945 ¹),
1504 1897 1601 1945 quod
1627 1898 1714 1935 nihil

169 1954 213 1991 ad
239 1967 304 1992 nos
330 1956 498 1993 scribant.

218 2018 290 2055 Hic
314 2018 400 2054 mihi
426 2031 557 2055 novum
586 2021 641 2056 est
666 2031 746 2057 cum
782 2019 1004 2068 Capernaitis
1028 2022 1217 2066 certamen,
1235 2020 1530 2070 colligunturque
1546 2021 1714 2059 adversus

170 2090 236 2115 nos
269 2080 417 2116 consilia
448 2081 608 2126 Bremae,
641 2081 880 2130 Hamburgae,
913 2083 1137 2130 Brunsvigae
1167 2086 1205 2120 et
1229 2096 1335 2131 quam
1360 2084 1473 2133 primo
1498 2084 1576 2122 loco
1601 2085 1713 2122 nomi-

170 2153 254 2177 nare
288 2140 466 2186 debebam,
501 2142 760 2190 Wittebergae.
810 2143 905 2190 Quid
938 2144 994 2181 hic
1026 2144 1189 2181 futurum
1215 2145 1352 2183 credis?
1394 2146 1517 2193 Egone
1541 2146 1715 2184 Hercules

170 2203 242 2248 ille,
276 2216 349 2240 non
382 2203 497 2240 solum
551 2204 700 2241 dversus
734 2205 823 2242 duos
854 2205 922 2242 iam
955 2208 999 2243 ut
1025 2206 1136 2251 vides,
1161 2207 1221 2244 sed
1246 2207 1417 2244 adversus
1443 2210 1501 2246 tot
1526 2210 1599 2245 tam
1625 2208 1712 2246 cele·
1760 2232 1763 2233 ν

170 2265 246 2302 bria
279 2266 444 2304 nomina?
486 2265 555 2302 Sed
588 2268 643 2303 est
675 2267 810 2304 invicta
845 2268 978 2305 veritas
1012 2281 1129 2316 neque
1161 2269 1264 2306 cedet
1306 2269 1478 2307 humanae
1512 2271 1714 2318 sapientiae,

170 2327 309 2364 etiamsi
336 2328 470 2365 fractus
495 2327 664 2364 illabatur
689 2328 797 2366 orbis.
822 2329 983 2366 Bucerus
1008 2329 1166 2367 nondum
1191 2330 1276 2367 mihi
1302 2331 1495 2380 respondit,
1521 2345 1646 2370 vereor
1669 2344 1713 2369 ne

169 2389 207 2423 et
232 2387 263 2424 is
289 2387 444 2424 offensus
470 2387 518 2424 sit
543 2387 711 2425 libertate
735 2401 823 2433 mea,
848 2401 1051 2437 quanquam
1069 2389 1134 2427 hoc
1152 2390 1257 2428 initio
1275 2391 1370 2428 inter
1386 2404 1451 2429 nos
1467 2392 1562 2441 pacti
1579 2404 1713 2437 sumuS,

170 2450 213 2484 ut
246 2448 337 2485 alter
371 2448 464 2497 apud
495 2448 649 2485 alterum
681 2462 745 2486 sua
777 2452 943 2488 uteretur
974 2451 1150 2496 libertate,
1183 2452 1273 2488 citra
1311 2452 1425 2489 ullum
1464 2452 1712 2490 offendiculum

170 2510 334 2557 citraque
357 2510 535 2548 iacturum
561 2511 690 2547 amoris
715 2511 833 2548 mutui
858 2514 895 2549 et
920 2512 1103 2550 charitatis
1129 2513 1361 2552 Christianae.
1393 2514 1496 2562 Quod
1521 2515 1551 2552 si
1576 2515 1712 2560 scirem,

171 2582 242 2607 non
266 2583 381 2619 aequo
405 2571 523 2609 animo
548 2571 707 2609 laturum
733 2585 808 2610 esse
832 2573 1010 2611 Bucerum
1036 2577 1194 2612 nostram
1219 2575 1431 2622 libertatem,
1456 2588 1614 2613 caverem
1638 2588 1711 2613 om-

171 2632 257 2668 nino
290 2632 467 2682 deinceps,
500 2646 545 2670 ne
578 2633 666 2682 quid
699 2634 871 2671 eiusmodi
904 2635 949 2672 ad
982 2636 1084 2673 illum
1118 2636 1304 2674 scriberem
1330 2638 1402 2685 quo
1428 2636 1556 2674 offendi
1581 2640 1713 2686 posset.

172 2691 250 2739 Ego
285 2693 376 2730 enim
418 2695 513 2730 tanti
552 2707 624 2732 non
660 2695 749 2732 facio
786 2695 970 2733 dissidium
1003 2697 1069 2735 hoc
1102 2698 1145 2735 de
1177 2698 1360 2735 elementis
1394 2698 1711 2745 Sacramentorum,

172 2755 404 2801 posteaquam
430 2754 473 2792 de
499 2756 676 2804 mysteriis
701 2758 881 2803 convenit,
907 2760 960 2794 ut>
975 2761 1120 2807 propter
1145 2759 1320 2796 elementa
1344 2758 1456 2796 scindi
1481 2759 1585 2796 velim
1604 2761 1711 2798 socie-

172 2815 284 2850 tatem
318 2817 355 2851 et
389 2815 598 2852 charitatem
633 2817 882 2855 Christianam.
924 2819 1137 2867 Mysterium
1163 2832 1267 2868 porro
1293 2820 1449 2856 omnium
1474 2831 1649 2857 summum
1674 2822 1711 2858 in

171 2887 281 2912 coena
305 2888 380 2912 esse
404 2879 494 2924 puto
520 2879 804 2916 communionem
830 2880 987 2928 corporis
1012 2883 1050 2918 et
1075 2881 1258 2929 sanguinis
1283 2881 1427 2919 Christi.
1464 2881 1511 2918 In
1536 2882 1601 2920 hoc
1627 2895 1711 2922 vero

172 2936 309 2974 nullum
337 2949 451 2987 usque
476 2938 660 2977 dissidium
687 2941 800 2978 video.
827 2941 961 2979 Omnes
986 2943 1078 2980 enim
1105 2944 1256 2989 ingenue
1283 2942 1446 2987 fatemur,
1469 2955 1534 2981 nos
1551 2944 1586 2979 in
1604 2957 1712 2982 coena
