1830 3147
179 93 250 130 148

178 203 347 242 Ministri
386 217 494 256 opere
529 204 647 242 oculis
674 205 762 243 fidei
788 205 928 244 intueri
958 205 1149 253 debemus,
1186 209 1222 245 et
1250 208 1425 258 cogitare,
1454 208 1554 260 quod
1582 223 1604 247 a
1633 209 1714 247 solo

176 259 360 306 duntaxat
397 269 547 306 Christo
582 269 759 316 Domino,
795 271 895 309 velut
931 284 976 309 ex
1012 271 1132 322 ipsius
1166 273 1351 320 manibus,
1386 277 1422 311 et
1449 273 1537 312 fidei
1563 278 1714 312 nostrae

173 333 404 370 incrementa
440 346 505 383 per
542 333 723 384 Spiritum
760 339 930 373 sanctum
967 348 1088 380 suum,
1123 341 1159 374 et
1187 338 1351 376 fructum
1381 338 1470 376 olim
1500 339 1612 376 etiam
1641 352 1712 376 no-

174 401 272 435 strae
301 410 426 435 secum
455 398 732 437 communionis
762 404 863 437 certo
891 404 1003 451 atque
1029 400 1246 439 indubitato
1275 407 1470 453 expectare
1499 403 1712 442 debeamus,

225 462 371 500 Deinde
396 462 603 512 gratiarum
632 463 773 502 actor-ia
800 462 969 515 mysterii
999 465 1145 504 Coenae
1172 480 1237 518 per
1265 467 1486 506 Ministrum
1506 468 1712 518 Euangeli-

174 525 226 562 cis
263 528 375 576 atque
409 526 640 576 Apostolicis
668 527 792 565 verbis
822 528 1109 575 commendatio,
1138 532 1225 567 ante
1252 531 1360 581 panis
1388 534 1423 568 et
1451 531 1579 582 poculi
1607 530 1712 569 exhi-

172 590 367 632 bitionem,
401 591 514 628 refert
550 592 661 629 nobis
701 596 905 631 extremam
940 593 1045 631 illam
1075 594 1215 632 Christi
1245 594 1399 634 Domini
1424 596 1619 634 in'Coena
1647 609 1712 634 sua

170 655 376 704 gratiarum
412 656 611 701 actionem,
649 671 722 708 qua
757 657 868 696 nobis
905 658 970 696 ille
997 658 1225 697 ineffabilem
1253 662 1364 710 (215)
1392 674 1498 699 suam
1526 674 1615 711 erga
1641 674 1712 699 nos

173 719 393 757 charitatem
423 721 592 759 attestari
620 721 800 772 dignatus
829 727 896 761 est.
925 723 1134 771 Nimirum,
1161 725 1232 763 etsi
1260 726 1535 764 atrocissimam
1553 729 1713 764 mortem

172 798 260 822 mox
296 785 371 823 iam
406 799 474 836 pro
513 786 624 824 nobis
660 791 835 838 oppetere
871 787 1043 826 debuerit
1080 794 1192 840 atquc
1228 789 1331 828 illius
1373 791 1507 828 faciem
1535 791 1635 829 velut
1663 791 1710 828 ob

170 851 300 887 oculos
329 863 415 888 suos
443 851 604 901 positam
634 856 811 899 cerneret,
851 866 996 891 summa
1025 858 1151 892 tamen
1179 855 1373 893 alacritate
1402 860 1437 893 et
1466 855 1539 893 sibi
1566 856 1646 907 ipse
1674 860 1710 894 et

171 913 247 950 suis
286 913 480 964 Apostolis
527 915 712 966 nobisque
750 916 820 953 sub
859 916 1011 954 illorum
1050 918 1203 956 nomine
1240 919 1416 957 omnibus
1439 921 1715 970 gratulabatur,

170 991 224 1024 ac,
253 982 412 1016 mortem
449 992 552 1017 suam
592 980 649 1017 sui
685 980 1001 1029 glorificationem
1040 996 1119 1021 esse
1154 985 1352 1031 affirmans,
1391 984 1469 1023 Deo
1507 985 1610 1023 Patri
1646 999 1712 1023 suo

169 1043 312 1091 gratias
349 1044 485 1093 agebat
522 1044 567 1082 de
603 1046 789 1097 completo
826 1046 901 1084 iam
940 1048 1116 1086 salutaris
1155 1062 1243 1087 suae
1271 1049 1478 1088 oblationis
1504 1063 1572 1101 pro
1601 1050 1713 1089 nobis

170 1114 348 1159 tempore,
394 1112 435 1146 ut
482 1107 631 1148 doceret
667 1114 835 1148 nostram
878 1111 951 1149 sibi
987 1112 1102 1150 vitam
1139 1127 1204 1151 sua
1241 1113 1358 1165 ipsius
1395 1115 1471 1153 vita
1509 1116 1712 1164 gratiorem

169 1174 287 1211 multo
331 1173 458 1221 fuisse,
494 1179 542 1220 et,
581 1189 796 1227 quanquam
826 1181 947 1215 certus
977 1182 1072 1216 esset
1100 1179 1217 1216 vitam
1245 1184 1414 1218 nostram
1442 1194 1519 1218 non
1546 1181 1712 1232 potuisse

169 1239 242 1276 nisi
270 1243 390 1277 morte
419 1252 486 1277 sua
512 1254 628 1291 eaque
656 1244 691 1279 et
721 1241 978 1280 crudelissima
1005 1248 1040 1281 et
1066 1243 1428 1293 ignominiosissima
1455 1245 1600 1292 redimi,
1633 1259 1712 1284 ma-

168 1304 227 1353 gis
263 1307 390 1342 tamen
427 1304 472 1342 de
500 1305 646 1344 reddita
672 1306 713 1344 in
742 1320 779 1345 se
807 1308 919 1346 nobis
948 1308 1025 1346 vita
1054 1313 1183 1347 nostra
1212 1311 1402 1360 gaudebat
1432 1316 1467 1349 et
1493 1311 1712 1360 gratulaba-

166 1374 239 1414 tur,
266 1369 471 1419 gratiarum
500 1370 659 1408 actionis
689 1384 776 1409 suae
803 1366 1032 1417 (estimonio,
1060 1387 1171 1424 quam
1202 1379 1239 1412 ut
1267 1375 1324 1412 vel
1346 1375 1578 1413 cruciatuum
1598 1377 1711 1427 (quos

166 1434 241 1471 iam
278 1446 366 1471 mox
404 1434 588 1473 sustinere
625 1440 754 1473 nostra
784 1449 894 1474 causa
925 1437 1103 1486 debebat)
1133 1439 1189 1476 vel
1217 1439 1350 1477 mortis
1378 1440 1488 1477 etiam
1520 1440 1711 1478 atrocissi-

168 1512 248 1536 mae
283 1503 382 1537 metu
419 1499 496 1536 ullo
536 1500 831 1550 perturbaretur,
871 1501 992 1540 donec
1031 1503 1192 1540 Coenam
1232 1517 1334 1541 suam
1371 1504 1474 1542 illam
1513 1504 1710 1554 mysticam

167 1564 383 1614 peregisset.
438 1564 539 1602 Dum
574 1565 690 1615 igitur
727 1565 916 1613 Minister,
954 1572 1101 1619 sumpto
1131 1569 1170 1605 in
1198 1582 1332 1607 manus
1360 1583 1456 1620 panc
1484 1574 1548 1608 aut
1576 1570 1710 1621 poculo

170 1633 328 1676 coenae,
364 1643 471 1667 usum
509 1630 611 1667 illius
641 1630 752 1668 nobis
782 1631 906 1669 verbis
935 1633 1167 1683 Apostolicis
1196 1637 1308 1684 atque
1335 1633 1579 1683 Euangelicis
1610 1648 1710 1674 com-

170 1694 333 1741 mendat,
362 1706 444 1739 nos,
471 1695 599 1734 audita
625 1696 691 1733 illa
719 1698 1057 1742 commendatione,
1086 1699 1277 1737 Christum
1305 1700 1505 1750 ipsummet
1532 1702 1571 1739 in
1592 1701 1710 1739 Mini-

171 1764 249 1797 stro
277 1760 416 1798 intueri
444 1761 721 1811 quodammodo
759 1767 795 1800 et
822 1766 1146 1812 extre-<216)mae
1175 1778 1262 1802 suae
1289 1765 1391 1803 illius
1420 1765 1460 1803 in
1490 1767 1615 1804 Coena
1643 1780 1710 1804 sua

169 1824 375 1873 gratiarum
413 1825 571 1863 actionis
609 1826 822 1864 meminisse
858 1827 1050 1874 debemus,
1086 1833 1196 1879 atque
1233 1827 1458 1867 immensum
1485 1830 1593 1867 illum
1622 1831 1710 1868 cha-

169 1888 292 1925 ritatis
320 1901 406 1938 erga
437 1901 504 1926 nos
533 1902 621 1926 suae
649 1889 821 1928 ardorem
849 1890 902 1928 ita
930 1891 1130 1929 nobiscum
1157 1892 1197 1930 in
1227 1892 1337 1930 corde
1366 1897 1496 1931 nostro
1525 1898 1712 1945 reputare,

171 1957 212 1991 ut
241 1966 389 1990 omnem
417 1954 526 2004 plane
555 1954 830 1992 dubitationem
859 1955 903 1993 de
933 1956 1076 2007 optima
1106 1956 1224 2007 ipsius
1258 1958 1712 1997 voluntateconservandi

171 2031 239 2056 nos
280 2019 321 2056 in
364 2019 500 2056 donata
538 2019 650 2057 nobis
688 2020 856 2071 corporis
893 2026 927 2059 et
966 2022 1162 2071 sanguinis
1201 2023 1464 2061 communione
1502 2037 1547 2061 ex
1574 2024 1710 2062 animis

173 2083 312 2120 nostris
352 2082 571 2122 eximamus.
625 2083 849 2122 Praesertim
889 2098 973 2122 cum
1010 2086 1061 2123 ita
1100 2086 1148 2124 sit
1186 2087 1296 2125 nobis
1333 2088 1377 2125 de
1403 2088 1469 2125 illa
1496 2089 1709 2138 gratulatus

171 2148 269 2199 apud
305 2148 453 2186 Patrem
490 2162 610 2195 suum,
648 2153 686 2186 ut
723 2163 768 2187 ne
806 2150 919 2202 vitac-
940 2151 1088 2201 quidem
1121 2165 1207 2189 suae
1235 2156 1298 2189 aut
1328 2148 1559 2190 cruciatuum
1587 2153 1711 2200 etiam,

171 2225 265 2262 quos
300 2212 373 2250 iam
414 2226 500 2250 mox
538 2213 721 2251 sustinere
757 2213 918 2252 debebat
955 2219 1065 2266 atquc
1106 2216 1146 2253 in
1183 2220 1381 2267 prospectu
1418 2230 1486 2254 suo
1528 2217 1709 2268 quodam-

173 2277 284 2314 modo
314 2277 488 2323 habebat,
515 2278 630 2315 ullam
661 2279 816 2316 omnino
847 2278 1019 2317 habuerit
1046 2280 1245 2319 rationem.

222 2342 417 2380 Praeterea
452 2343 532 2393 ipsa
567 2343 674 2393 panis
711 2343 845 2381 fractio
877 2348 912 2382 et
939 2344 1078 2395 poculi,
1116 2345 1333 2396 priusquam
1364 2345 1595 2392 exhibeatur,
1623 2359 1708 2397 pro-

171 2406 314 2455 pinatio
353 2407 470 2444 multa
508 2407 618 2445 nobis
656 2413 691 2445 et
733 2408 772 2445 in
800 2408 879 2445 Deo
908 2408 1019 2447 Patre
1046 2414 1178 2446 nostro
1205 2414 1241 2447 ct
1268 2410 1309 2446 in
1338 2409 1487 2447 Christo
1514 2410 1604 2447 item
1631 2409 1710 2447 Do-

172 2470 286 2516 mino,
316 2470 474 2521 denique
501 2476 537 2509 et
564 2473 601 2509 in
632 2472 742 2510 nobis
769 2473 860 2524 ipsis
890 2473 1058 2523 designat
1085 2478 1316 2512 contestatur
1343 2478 1379 2512 et
1406 2474 1618 2513 adumbrat.

222 2535 389 2573 Primum
430 2536 527 2573 enim
557 2537 781 2575 testificatur
809 2539 869 2586 (ut
902 2538 994 2575 alias
1023 2552 1170 2589 quoque
1198 2538 1339 2576 dictum
1367 2541 1454 2585 est),
1482 2538 1598 2577 Deum
1628 2552 1709 2576 esse

176 2599 379 2637 Dominum
414 2600 552 2650 pariter
588 2614 631 2638 ac
669 2601 827 2639 iudicem
869 2606 1052 2647 nostrum,
1088 2603 1151 2653 qui
1189 2616 1294 2640 suam
1331 2603 1368 2640 in
1407 2603 1517 2640 nobis
1545 2603 1710 2653 requirat

174 2664 425 2702 obedientiam
461 2670 497 2702 et
533 2670 700 2704 nostram
737 2667 875 2717 pariter
909 2666 1204 2705 inobedientiam
1240 2668 1338 2705 iusto
1377 2680 1443 2705 suo
1470 2667 1610 2705 iudicio
1639 2681 1709 2719 pu-

174 2730 253 2767 niat
290 2730 394 2767 iuxta
430 2735 618 2767 aeternum
658 2734 767 2781 atque
795 2731 1028 2769 immutabile
1057 2731 1242 2769 decretum
1274 2744 1360 2768 suae
1389 2728 1548 2769 Divinae
1575 2734 1708 2770 volun-

172 2795 274 2833 tatis.
328 2794 522 2833 Quorsum
550 2795 646 2832 enim
678 2799 847 2833 nostram
873 2795 1023 2846 puniret
1050 2796 1355 2841 inobedientiam,
1385 2795 1416 2833 si
1443 2809 1521 2833 non
1548 2797 1706 2835 manda-

173 2863 297 2900 torum
334 2859 373 2897 in
410 2858 520 2897 nobis
555 2872 708 2897 suorum
745 2859 1014 2908 obedientiam,
1048 2864 1089 2898 ut
1126 2860 1446 2909 Domi-(217)nus
1484 2865 1623 2908 noster,
1650 2875 1708 2900 re-
