<?xml version="1.0" encoding="UTF-8"?>
<!DOCTYPE html PUBLIC "-//W3C//DTD XHTML 1.0 Transitional//EN"
    "http://www.w3.org/TR/xhtml1/DTD/xhtml1-transitional.dtd">
<html xmlns="http://www.w3.org/1999/xhtml" xml:lang="en" lang="en">
 <head>
  <title>
</title>
<meta http-equiv="Content-Type" content="text/html;charset=utf-8" />
  <meta name='ocr-system' content='tesseract 3.04.00' />
  <meta name='ocr-capabilities' content='ocr_page ocr_carea ocr_par ocr_line ocrx_word'/>
</head>
<body>
  <div class='ocr_page' id='page_1' title='image "./operatameditaqua02lask_0573.png"; bbox 0 0 1830 3147; ppageno 0'>
   <div class='ocr_carea' id='block_1_1' title="bbox 854 99 1650 152">
    <p class='ocr_par' dir='ltr' id='par_1_1' title="bbox 854 99 1650 152">
     <span class='ocr_line' id='line_1_1' title="bbox 854 99 1650 152; baseline 0.009 -18"><span class='ocrx_word' id='word_1_1' title='bbox 854 99 923 135; x_wconf 86' lang='lat'><strong>553</strong></span> <span class='ocrx_word' id='word_1_2' title='bbox 1373 103 1439 150; x_wconf 86' lang='lat' dir='ltr'><strong>[A.</strong></span> <span class='ocrx_word' id='word_1_3' title='bbox 1463 103 1511 140; x_wconf 90' lang='lat' dir='ltr'><strong>D.</strong></span> <span class='ocrx_word' id='word_1_4' title='bbox 1536 104 1650 152; x_wconf 79' lang='lat'>1540]</span> 
     </span>
    </p>
   </div>
   <div class='ocr_carea' id='block_1_2' title="bbox 120 206 1653 683">
    <p class='ocr_par' dir='ltr' id='par_1_2' title="bbox 120 206 1653 683">
     <span class='ocr_line' id='line_1_2' title="bbox 124 206 1653 259; baseline 0.005 -17"><span class='ocrx_word' id='word_1_5' title='bbox 124 209 259 254; x_wconf 86' lang='lat' dir='ltr'><strong>tegrum</strong></span> <span class='ocrx_word' id='word_1_6' title='bbox 295 209 347 243; x_wconf 88' lang='lat' dir='ltr'><strong>est</strong></span> <span class='ocrx_word' id='word_1_7' title='bbox 379 206 414 242; x_wconf 90' lang='lat' dir='ltr'><strong>id</strong></span> <span class='ocrx_word' id='word_1_8' title='bbox 439 207 563 250; x_wconf 85' lang='lat' dir='ltr'><strong>facere,</strong></span> <span class='ocrx_word' id='word_1_9' title='bbox 587 210 623 242; x_wconf 90' lang='lat' dir='ltr'><strong>et</strong></span> <span class='ocrx_word' id='word_1_10' title='bbox 657 208 706 243; x_wconf 86' lang='lat' dir='ltr'><strong>ita</strong></span> <span class='ocrx_word' id='word_1_11' title='bbox 741 208 808 244; x_wconf 88' lang='lat' dir='ltr'><strong>iam</strong></span> <span class='ocrx_word' id='word_1_12' title='bbox 834 221 910 245; x_wconf 88' lang='lat' dir='ltr'><strong>sum</strong></span> <span class='ocrx_word' id='word_1_13' title='bbox 938 209 1002 246; x_wconf 81' lang='lat' dir='ltr'><strong>hac</strong></span> <span class='ocrx_word' id='word_1_14' title='bbox 1027 210 1215 258; x_wconf 75' lang='lat' dir='ltr'><strong>scriptione</strong></span> <span class='ocrx_word' id='word_1_15' title='bbox 1240 211 1422 259; x_wconf 82' lang='lat' dir='ltr'><strong>fatigatus,</strong></span> <span class='ocrx_word' id='word_1_16' title='bbox 1452 216 1490 249; x_wconf 90' lang='lat' dir='ltr'><strong>ut</strong></span> <span class='ocrx_word' id='word_1_17' title='bbox 1514 213 1653 251; x_wconf 85' lang='lat' dir='ltr'><strong>etiamsi</strong></span> 
     </span>
     <span class='ocr_line' id='line_1_3' title="bbox 123 268 1650 320; baseline 0.006 -17"><span class='ocrx_word' id='word_1_18' title='bbox 123 268 269 304; x_wconf 80' lang='lat' dir='ltr'><strong>maxime</strong></span> <span class='ocrx_word' id='word_1_19' title='bbox 293 268 407 309; x_wconf 89' lang='lat' dir='ltr'><strong>velim,</strong></span> <span class='ocrx_word' id='word_1_20' title='bbox 431 270 530 316; x_wconf 89' lang='lat' dir='ltr'><strong>plura</strong></span> <span class='ocrx_word' id='word_1_21' title='bbox 554 269 702 305; x_wconf 87' lang='lat' dir='ltr'><strong>scribere</strong></span> <span class='ocrx_word' id='word_1_22' title='bbox 725 282 795 305; x_wconf 90' lang='lat' dir='ltr'><strong>non</strong></span> <span class='ocrx_word' id='word_1_23' title='bbox 821 271 964 317; x_wconf 91' lang='lat' dir='ltr'><strong>possim,</strong></span> <span class='ocrx_word' id='word_1_24' title='bbox 989 283 1065 307; x_wconf 90' lang='lat' dir='ltr'><strong>cnm</strong></span> <span class='ocrx_word' id='word_1_25' title='bbox 1093 272 1178 309; x_wconf 81' lang='lat' dir='ltr'><strong>haec</strong></span> <span class='ocrx_word' id='word_1_26' title='bbox 1205 285 1313 320; x_wconf 86' lang='lat' dir='ltr'><strong>pauca</strong></span> <span class='ocrx_word' id='word_1_27' title='bbox 1340 277 1415 310; x_wconf 86' lang='lat' dir='ltr'><strong>toto</strong></span> <span class='ocrx_word' id='word_1_28' title='bbox 1439 274 1503 311; x_wconf 88' lang='lat' dir='ltr'><strong>hoc</strong></span> <span class='ocrx_word' id='word_1_29' title='bbox 1526 274 1581 312; x_wconf 92' lang='lat' dir='ltr'><strong>die</strong></span> <span class='ocrx_word' id='word_1_30' title='bbox 1607 288 1650 312; x_wconf 82' lang='lat' dir='ltr'><strong>ex</strong></span> 
     </span>
     <span class='ocr_line' id='line_1_4' title="bbox 120 329 1652 373; baseline 0.005 -8"><span class='ocrx_word' id='word_1_31' title='bbox 120 329 313 366; x_wconf 83' lang='lat' dir='ltr'><strong>intervallis</strong></span> <span class='ocrx_word' id='word_1_32' title='bbox 348 329 406 365; x_wconf 86' lang='lat' dir='ltr'><strong>vix</strong></span> <span class='ocrx_word' id='word_1_33' title='bbox 439 330 627 366; x_wconf 81' lang='lat' dir='ltr'>etiamnum</span> <span class='ocrx_word' id='word_1_34' title='bbox 660 330 879 368; x_wconf 81' lang='lat' dir='ltr'><strong>absolverim.</strong></span> <span class='ocrx_word' id='word_1_35' title='bbox 931 332 1020 369; x_wconf 90' lang='lat' dir='ltr'><strong>Vale</strong></span> <span class='ocrx_word' id='word_1_36' title='bbox 1053 333 1100 369; x_wconf 91' lang='lat' dir='ltr'><strong>mi</strong></span> <span class='ocrx_word' id='word_1_37' title='bbox 1124 334 1321 370; x_wconf 84' lang='lat' dir='ltr'><strong>charissime</strong></span> <span class='ocrx_word' id='word_1_38' title='bbox 1346 334 1510 372; x_wconf 88' lang='lat' dir='ltr'><strong>Alberte!</strong></span> <span class='ocrx_word' id='word_1_39' title='bbox 1536 340 1573 372; x_wconf 90' lang='lat' dir='ltr'><strong>et</strong></span> <span class='ocrx_word' id='word_1_40' title='bbox 1596 349 1652 373; x_wconf 89' lang='lat' dir='ltr'><strong>me</strong></span> 
     </span>
     <span class='ocr_line' id='line_1_5' title="bbox 123 389 1651 443; baseline 0.007 -18"><span class='ocrx_word' id='word_1_41' title='bbox 123 402 204 426; x_wconf 78' lang='lat' dir='ltr'><strong>mox</strong></span> <span class='ocrx_word' id='word_1_42' title='bbox 229 393 269 425; x_wconf 87' lang='lat' dir='ltr'><strong>ut</strong></span> <span class='ocrx_word' id='word_1_43' title='bbox 293 389 470 437; x_wconf 82' lang='lat' dir='ltr'><strong>paululum</strong></span> <span class='ocrx_word' id='word_1_44' title='bbox 495 391 584 427; x_wconf 88' lang='lat' dir='ltr'><strong>vires</strong></span> <span class='ocrx_word' id='word_1_45' title='bbox 609 403 744 427; x_wconf 90' lang='lat' dir='ltr'><strong>rursum</strong></span> <span class='ocrx_word' id='word_1_46' title='bbox 769 393 956 440; x_wconf 81' lang='lat' dir='ltr'>collegero,</span> <span class='ocrx_word' id='word_1_47' title='bbox 983 397 1080 430; x_wconf 87' lang='lat' dir='ltr'><strong>certo</strong></span> <span class='ocrx_word' id='word_1_48' title='bbox 1105 395 1196 441; x_wconf 86' lang='lat' dir='ltr'><strong>apud</strong></span> <span class='ocrx_word' id='word_1_49' title='bbox 1225 399 1259 431; x_wconf 88' lang='lat' dir='ltr'><strong>te</strong></span> <span class='ocrx_word' id='word_1_50' title='bbox 1284 399 1477 443; x_wconf 82' lang='lat' dir='ltr'><strong>expectato.</strong></span> <span class='ocrx_word' id='word_1_51' title='bbox 1504 397 1651 435; x_wconf 81' lang='lat' dir='ltr'><strong>Interim</strong></span> 
     </span>
     <span class='ocr_line' id='line_1_6' title="bbox 124 450 1652 503; baseline 0.007 -18"><span class='ocrx_word' id='word_1_52' title='bbox 124 463 178 487; x_wconf 89' lang='lat' dir='ltr'><strong>me</strong></span> <span class='ocrx_word' id='word_1_53' title='bbox 202 450 337 487; x_wconf 81' lang='lat' dir='ltr'><strong>Abbati</strong></span> <span class='ocrx_word' id='word_1_54' title='bbox 362 454 422 487; x_wconf 91' lang='lat' dir='ltr'><strong>tuo</strong></span> <span class='ocrx_word' id='word_1_55' title='bbox 446 451 632 498; x_wconf 78' lang='lat' dir='ltr'><strong>diligenter</strong></span> <span class='ocrx_word' id='word_1_56' title='bbox 656 455 870 497; x_wconf 83' lang='lat' dir='ltr'><strong>commenda,</strong></span> <span class='ocrx_word' id='word_1_57' title='bbox 893 467 1040 503; x_wconf 82' lang='lat' dir='ltr'><strong>eumque</strong></span> <span class='ocrx_word' id='word_1_58' title='bbox 1056 455 1168 492; x_wconf 90' lang='lat' dir='ltr'><strong>verbis</strong></span> <span class='ocrx_word' id='word_1_59' title='bbox 1184 457 1268 492; x_wconf 90' lang='lat' dir='ltr'><strong>meis</strong></span> <span class='ocrx_word' id='word_1_60' title='bbox 1288 457 1454 493; x_wconf 86' lang='lat' dir='ltr'><strong>salutato.</strong></span> <span class='ocrx_word' id='word_1_61' title='bbox 1480 458 1652 495; x_wconf 84' lang='lat' dir='ltr'><strong>Dominus</strong></span> 
     </span>
     <span class='ocr_line' id='line_1_7' title="bbox 123 512 1651 561; baseline 0.005 -14"><span class='ocrx_word' id='word_1_62' title='bbox 123 524 186 548; x_wconf 87' lang='lat' dir='ltr'><strong>nos</strong></span> <span class='ocrx_word' id='word_1_63' title='bbox 209 515 324 548; x_wconf 85' lang='lat' dir='ltr'><strong>servet</strong></span> <span class='ocrx_word' id='word_1_64' title='bbox 347 524 465 548; x_wconf 86' lang='lat' dir='ltr'><strong>omnes</strong></span> <span class='ocrx_word' id='word_1_65' title='bbox 488 512 681 561; x_wconf 77' lang='lat' dir='ltr'><strong>dirigatque</strong></span> <span class='ocrx_word' id='word_1_66' title='bbox 709 514 780 550; x_wconf 90' lang='lat' dir='ltr'><strong>vias</strong></span> <span class='ocrx_word' id='word_1_67' title='bbox 805 518 942 551; x_wconf 81' lang='lat' dir='ltr'><strong>nostras</strong></span> <span class='ocrx_word' id='word_1_68' title='bbox 966 528 1100 557; x_wconf 89' lang='lat' dir='ltr'><strong>omnes,</strong></span> <span class='ocrx_word' id='word_1_69' title='bbox 1127 529 1194 552; x_wconf 91' lang='lat' dir='ltr'><strong>non</strong></span> <span class='ocrx_word' id='word_1_70' title='bbox 1220 517 1264 553; x_wconf 87' lang='lat' dir='ltr'><strong>ad</strong></span> <span class='ocrx_word' id='word_1_71' title='bbox 1289 518 1402 554; x_wconf 85' lang='lat' dir='ltr'><strong>nostri</strong></span> <span class='ocrx_word' id='word_1_72' title='bbox 1426 519 1486 554; x_wconf 91' lang='lat' dir='ltr'><strong>sed</strong></span> <span class='ocrx_word' id='word_1_73' title='bbox 1511 519 1565 555; x_wconf 90' lang='lat' dir='ltr'><strong>sui</strong></span> <span class='ocrx_word' id='word_1_74' title='bbox 1589 531 1651 556; x_wconf 85' lang='lat' dir='ltr'><strong>no-</strong></span> 
     </span>
     <span class='ocr_line' id='line_1_8' title="bbox 123 572 1030 623; baseline 0.003 -14"><span class='ocrx_word' id='word_1_75' title='bbox 123 573 223 609; x_wconf 89' lang='lat' dir='ltr'><strong>minis</strong></span> <span class='ocrx_word' id='word_1_76' title='bbox 246 572 405 619; x_wconf 80' lang='lat' dir='ltr'><strong>gloriam.</strong></span> <span class='ocrx_word' id='word_1_77' title='bbox 432 573 548 609; x_wconf 90' lang='lat' dir='ltr'><strong>Amen</strong></span> <span class='ocrx_word' id='word_1_78' title='bbox 589 574 712 620; x_wconf 72' lang='lat' dir='ltr'><strong>[medio</strong></span> <span class='ocrx_word' id='word_1_79' title='bbox 738 577 821 611; x_wconf 82' lang='lat' dir='ltr'><strong>unni</strong></span> <span class='ocrx_word' id='word_1_80' title='bbox 845 575 953 623; x_wconf 75' lang='lat'>1540]</span> <span class='ocrx_word' id='word_1_81' title='bbox 983 582 1030 621; x_wconf 77' lang='lat'><strong>⁶).</strong></span> 
     </span>
     <span class='ocr_line' id='line_1_9' title="bbox 687 637 1497 683; baseline 0.007 -11"><span class='ocrx_word' id='word_1_82' title='bbox 687 637 861 683; x_wconf 85' lang='lat' dir='ltr'><strong>Agnoscis</strong></span> <span class='ocrx_word' id='word_1_83' title='bbox 886 649 1024 673; x_wconf 87' lang='lat' dir='ltr'><strong>manum</strong></span> <span class='ocrx_word' id='word_1_84' title='bbox 1049 649 1131 673; x_wconf 84' lang='lat' dir='ltr'><strong>vere</strong></span> <span class='ocrx_word' id='word_1_85' title='bbox 1155 640 1192 674; x_wconf 89' lang='lat' dir='ltr'><strong>et</strong></span> <span class='ocrx_word' id='word_1_86' title='bbox 1216 649 1259 674; x_wconf 82' lang='lat' dir='ltr'><strong>ex</strong></span> <span class='ocrx_word' id='word_1_87' title='bbox 1283 639 1398 677; x_wconf 86' lang='lat' dir='ltr'><strong>animo</strong></span> <span class='ocrx_word' id='word_1_88' title='bbox 1418 640 1497 678; x_wconf 85' lang='lat' dir='ltr'><strong>Tui.</strong></span> 
     </span>
    </p>
   </div>
   <div class='ocr_carea' id='block_1_3' title="bbox 115 696 351 703">
    <p class='ocr_par' dir='ltr' id='par_1_3' title="bbox 115 696 351 703">
     <span class='ocr_line' id='line_1_10' title="bbox 115 696 351 703; baseline 0 0"><span class='ocrx_word' id='word_1_89' title='bbox 115 696 351 703; x_wconf 95' lang='lat' dir='ltr'><strong> </strong></span> 
     </span>
    </p>
   </div>
   <div class='ocr_carea' id='block_1_4' title="bbox 116 758 1656 1470">
    <p class='ocr_par' dir='ltr' id='par_1_4' title="bbox 116 758 1656 1470">
     <span class='ocr_line' id='line_1_11' title="bbox 165 758 1652 803; baseline 0.005 -14"><span class='ocrx_word' id='word_1_90' title='bbox 165 760 189 799; x_wconf 81' lang='lat'><strong>¹)</strong></span> <span class='ocrx_word' id='word_1_91' title='bbox 212 759 280 790; x_wconf 89' lang='lat' dir='ltr'><strong>Iter</strong></span> <span class='ocrx_word' id='word_1_92' title='bbox 309 761 494 801; x_wconf 84' lang='lat' dir='ltr'><strong>susceperat</strong></span> <span class='ocrx_word' id='word_1_93' title='bbox 523 758 557 790; x_wconf 90' lang='lat' dir='ltr'><strong>in</strong></span> <span class='ocrx_word' id='word_1_94' title='bbox 586 758 782 798; x_wconf 75' lang='lat' dir='ltr'><strong>Flandriam,</strong></span> <span class='ocrx_word' id='word_1_95' title='bbox 811 762 847 791; x_wconf 89' lang='lat' dir='ltr'><strong>ut</strong></span> <span class='ocrx_word' id='word_1_96' title='bbox 874 760 933 792; x_wconf 84' lang='lat' dir='ltr'><strong>hac</strong></span> <span class='ocrx_word' id='word_1_97' title='bbox 960 760 1031 802; x_wconf 89' lang='lat' dir='ltr'><strong>ipsa</strong></span> <span class='ocrx_word' id='word_1_98' title='bbox 1062 761 1199 803; x_wconf 88' lang='lat' dir='ltr'><strong>epistola</strong></span> <span class='ocrx_word' id='word_1_99' title='bbox 1227 761 1390 795; x_wconf 85' lang='lat' dir='ltr'><strong>docemur.</strong></span> <span class='ocrx_word' id='word_1_100' title='bbox 1433 763 1460 803; x_wconf 87' lang='lat'><strong>¹)</strong></span> <span class='ocrx_word' id='word_1_101' title='bbox 1484 763 1652 797; x_wconf 87' lang='lat' dir='ltr'><strong>Tredecim</strong></span> 
     </span>
     <span class='ocr_line' id='line_1_12' title="bbox 119 814 1656 857; baseline 0.004 -11"><span class='ocrx_word' id='word_1_102' title='bbox 119 826 219 847; x_wconf 83' lang='lat' dir='ltr'><strong>annos</strong></span> <span class='ocrx_word' id='word_1_103' title='bbox 248 814 286 846; x_wconf 76' lang='lat' dir='ltr'><strong>ab</strong></span> <span class='ocrx_word' id='word_1_104' title='bbox 311 825 404 852; x_wconf 87' lang='lat' dir='ltr'><strong>anno,</strong></span> <span class='ocrx_word' id='word_1_105' title='bbox 435 825 498 856; x_wconf 88' lang='lat' dir='ltr'><strong>quo</strong></span> <span class='ocrx_word' id='word_1_106' title='bbox 522 814 597 845; x_wconf 79' lang='lat' dir='ltr'><strong>data</strong></span> <span class='ocrx_word' id='word_1_107' title='bbox 620 818 668 846; x_wconf 88' lang='lat' dir='ltr'><strong>est</strong></span> <span class='ocrx_word' id='word_1_108' title='bbox 690 814 768 846; x_wconf 89' lang='lat' dir='ltr'><strong>haec</strong></span> <span class='ocrx_word' id='word_1_109' title='bbox 791 815 938 857; x_wconf 84' lang='lat' dir='ltr'><strong>epistola,</strong></span> <span class='ocrx_word' id='word_1_110' title='bbox 961 815 1165 854; x_wconf 83' lang='lat' dir='ltr'><strong>deducentes,</strong></span> <span class='ocrx_word' id='word_1_111' title='bbox 1188 816 1329 848; x_wconf 86' lang='lat' dir='ltr'><strong>redimus</strong></span> <span class='ocrx_word' id='word_1_112' title='bbox 1353 817 1393 849; x_wconf 86' lang='lat' dir='ltr'><strong>ad</strong></span> <span class='ocrx_word' id='word_1_113' title='bbox 1416 829 1535 850; x_wconf 84' lang='lat' dir='ltr'><strong>annum</strong></span> <span class='ocrx_word' id='word_1_114' title='bbox 1560 819 1656 853; x_wconf 80' lang='lat'><strong>1527.</strong></span> 
     </span>
     <span class='ocr_line' id='line_1_13' title="bbox 119 871 1652 913; baseline 0.005 -12"><span class='ocrx_word' id='word_1_115' title='bbox 119 871 254 902; x_wconf 87' lang='lat' dir='ltr'><strong>Videtur</strong></span> <span class='ocrx_word' id='word_1_116' title='bbox 276 871 376 912; x_wconf 87' lang='lat' dir='ltr'><strong>igitur</strong></span> <span class='ocrx_word' id='word_1_117' title='bbox 399 873 493 902; x_wconf 82' lang='lat' dir='ltr'><strong>antea</strong></span> <span class='ocrx_word' id='word_1_118' title='bbox 515 880 642 913; x_wconf 89' lang='lat' dir='ltr'><strong>quoque</strong></span> <span class='ocrx_word' id='word_1_119' title='bbox 667 871 741 903; x_wconf 86' lang='lat' dir='ltr'><strong>dum</strong></span> <span class='ocrx_word' id='word_1_120' title='bbox 757 871 892 903; x_wconf 84' lang='lat' dir='ltr'><strong>Lovanii</strong></span> <span class='ocrx_word' id='word_1_121' title='bbox 909 874 1162 904; x_wconf 82' lang='lat' dir='ltr'><strong>commoraretur</strong></span> <span class='ocrx_word' id='word_1_122' title='bbox 1178 873 1260 904; x_wconf 89' lang='lat' dir='ltr'><strong>febri</strong></span> <span class='ocrx_word' id='word_1_123' title='bbox 1275 873 1446 913; x_wconf 80' lang='lat' dir='ltr'><strong>laborasse,</strong></span> <span class='ocrx_word' id='word_1_124' title='bbox 1463 875 1519 907; x_wconf 83' lang='lat' dir='ltr'><strong>sed</strong></span> <span class='ocrx_word' id='word_1_125' title='bbox 1536 876 1652 908; x_wconf 80' lang='lat' dir='ltr'><strong>dehinc</strong></span> 
     </span>
     <span class='ocr_line' id='line_1_14' title="bbox 118 926 1656 972; baseline 0.003 -15"><span class='ocrx_word' id='word_1_126' title='bbox 118 926 152 958; x_wconf 92' lang='lat' dir='ltr'><strong>in</strong></span> <span class='ocrx_word' id='word_1_127' title='bbox 175 926 343 958; x_wconf 90' lang='lat' dir='ltr'><strong>Poloniam</strong></span> <span class='ocrx_word' id='word_1_128' title='bbox 359 926 458 957; x_wconf 83' lang='lat' dir='ltr'><strong>redux</strong></span> <span class='ocrx_word' id='word_1_129' title='bbox 473 926 606 958; x_wconf 88' lang='lat' dir='ltr'><strong>meliore</strong></span> <span class='ocrx_word' id='word_1_130' title='bbox 623 937 697 957; x_wconf 85' lang='lat' dir='ltr'><strong>usus</strong></span> <span class='ocrx_word' id='word_1_131' title='bbox 715 937 782 958; x_wconf 90' lang='lat' dir='ltr'><strong>esse</strong></span> <span class='ocrx_word' id='word_1_132' title='bbox 800 927 994 960; x_wconf 88' lang='lat' dir='ltr'><strong>valetudine.</strong></span> <span class='ocrx_word' id='word_1_133' title='bbox 1038 928 1064 967; x_wconf 77' lang='lat'><strong>³)</strong></span> <span class='ocrx_word' id='word_1_134' title='bbox 1087 927 1294 961; x_wconf 86' lang='lat' dir='ltr'><strong>Erzkanzler.</strong></span> <span class='ocrx_word' id='word_1_135' title='bbox 1336 930 1364 968; x_wconf 74' lang='lat'><strong>⁴)</strong></span> <span class='ocrx_word' id='word_1_136' title='bbox 1389 929 1656 972; x_wconf 71' lang='lat' dir='ltr'><strong>Diefurnembste</strong></span> 
     </span>
     <span class='ocr_line' id='line_1_15' title="bbox 128 972 1655 1027; baseline 0.004 -14"><span class='ocrx_word' id='word_1_137' title='bbox 128 981 329 1014; x_wconf 73' lang='lat' dir='ltr'><strong>Unterschied</strong></span> <span class='ocrx_word' id='word_1_138' title='bbox 360 981 510 1013; x_wconf 73' lang='lat' dir='ltr'><strong>zwisclzen</strong></span> <span class='ocrx_word' id='word_1_139' title='bbox 541 972 647 1013; x_wconf 63' lang='lat' dir='ltr'><strong>reine&#39;r</strong></span> <span class='ocrx_word' id='word_1_140' title='bbox 684 982 811 1014; x_wconf 71' lang='lat' dir='ltr'><strong>Christl.</strong></span> <span class='ocrx_word' id='word_1_141' title='bbox 843 982 944 1014; x_wconf 73' lang='lat' dir='ltr'><strong>Lehre</strong></span> <span class='ocrx_word' id='word_1_142' title='bbox 976 983 1031 1014; x_wconf 80' lang='lat' dir='ltr'><strong>des</strong></span> <span class='ocrx_word' id='word_1_143' title='bbox 1061 982 1184 1024; x_wconf 77' lang='lat' dir='ltr'><strong>Euanq.</strong></span> <span class='ocrx_word' id='word_1_144' title='bbox 1214 995 1245 1015; x_wconf 85' lang='lat' dir='ltr'><strong>u.</strong></span> <span class='ocrx_word' id='word_1_145' title='bbox 1267 984 1299 1016; x_wconf 83' lang='lat' dir='ltr'><strong>d.</strong></span> <span class='ocrx_word' id='word_1_146' title='bbox 1322 985 1439 1026; x_wconf 70' lang='lat' dir='ltr'><strong>abqott.</strong></span> <span class='ocrx_word' id='word_1_147' title='bbox 1463 986 1540 1027; x_wconf 76' lang='lat' dir='ltr'><strong>Pap.</strong></span> <span class='ocrx_word' id='word_1_148' title='bbox 1565 985 1655 1019; x_wconf 81' lang='lat' dir='ltr'><strong>Lere.</strong></span> 
     </span>
     <span class='ocr_line' id='line_1_16' title="bbox 119 1036 1654 1080; baseline 0.003 -12"><span class='ocrx_word' id='word_1_149' title='bbox 119 1037 262 1069; x_wconf 90' lang='lat' dir='ltr'><strong>Nuernb.</strong></span> <span class='ocrx_word' id='word_1_150' title='bbox 291 1037 383 1069; x_wconf 86' lang='lat'><strong>1539.</strong></span> <span class='ocrx_word' id='word_1_151' title='bbox 413 1037 458 1069; x_wconf 81' lang='lat'><strong>4⁰.</strong></span> <span class='ocrx_word' id='word_1_152' title='bbox 483 1036 533 1069; x_wconf 83' lang='lat' dir='ltr'><strong>Cf.</strong></span> <span class='ocrx_word' id='word_1_153' title='bbox 556 1038 788 1075; x_wconf 64' lang='lat' dir='ltr'><strong>Romanum,</strong></span> <span class='ocrx_word' id='word_1_154' title='bbox 812 1037 857 1069; x_wconf 91' lang='grc' dir='ltr'><strong>ΙΙ.</strong></span> <span class='ocrx_word' id='word_1_155' title='bbox 880 1048 912 1079; x_wconf 88' lang='lat' dir='ltr'><strong>p.</strong></span> <span class='ocrx_word' id='word_1_156' title='bbox 937 1037 1029 1070; x_wconf 84' lang='lat'><strong>1309.</strong></span> <span class='ocrx_word' id='word_1_157' title='bbox 1072 1038 1100 1079; x_wconf 84' lang='lat'><strong>⁵)</strong></span> <span class='ocrx_word' id='word_1_158' title='bbox 1124 1038 1175 1070; x_wconf 88' lang='lat' dir='ltr'><strong>Sc.</strong></span> <span class='ocrx_word' id='word_1_159' title='bbox 1197 1039 1385 1072; x_wconf 88' lang='lat' dir='ltr'><strong>Lutherum.</strong></span> <span class='ocrx_word' id='word_1_160' title='bbox 1428 1041 1455 1080; x_wconf 66' lang='grc' dir='ltr'><strong>ὃ)</strong></span> <span class='ocrx_word' id='word_1_161' title='bbox 1481 1041 1654 1073; x_wconf 82' lang='lat' dir='ltr'><strong>Gerdesins</strong></span> 
     </span>
     <span class='ocr_line' id='line_1_17' title="bbox 119 1091 1652 1138; baseline 0.003 -14"><span class='ocrx_word' id='word_1_162' title='bbox 119 1092 193 1124; x_wconf 89' lang='lat' dir='ltr'><strong>huic</strong></span> <span class='ocrx_word' id='word_1_163' title='bbox 216 1091 370 1134; x_wconf 84' lang='lat' dir='ltr'><strong>epistolae</strong></span> <span class='ocrx_word' id='word_1_164' title='bbox 393 1093 500 1124; x_wconf 88' lang='lat' dir='ltr'><strong>locum</strong></span> <span class='ocrx_word' id='word_1_165' title='bbox 523 1093 612 1124; x_wconf 90' lang='lat' dir='ltr'><strong>dedit</strong></span> <span class='ocrx_word' id='word_1_166' title='bbox 634 1096 707 1135; x_wconf 89' lang='lat' dir='ltr'><strong>post</strong></span> <span class='ocrx_word' id='word_1_167' title='bbox 729 1104 808 1131; x_wconf 86' lang='lat' dir='ltr'><strong>eam,</strong></span> <span class='ocrx_word' id='word_1_168' title='bbox 832 1104 912 1135; x_wconf 85' lang='lat' dir='ltr'><strong>quae</strong></span> <span class='ocrx_word' id='word_1_169' title='bbox 935 1096 984 1124; x_wconf 88' lang='lat' dir='ltr'><strong>est</strong></span> <span class='ocrx_word' id='word_1_170' title='bbox 1007 1093 1099 1126; x_wconf 88' lang='lat' dir='ltr'><strong>nobis</strong></span> <span class='ocrx_word' id='word_1_171' title='bbox 1121 1094 1234 1126; x_wconf 89' lang='lat' dir='ltr'><strong>ordine</strong></span> <span class='ocrx_word' id='word_1_172' title='bbox 1257 1096 1303 1133; x_wconf 73' lang='lat'><strong>9³,</strong></span> <span class='ocrx_word' id='word_1_173' title='bbox 1327 1107 1459 1138; x_wconf 85' lang='lat' dir='ltr'><strong>eamque</strong></span> <span class='ocrx_word' id='word_1_174' title='bbox 1471 1096 1510 1128; x_wconf 81' lang='lat' dir='ltr'><strong>ad</strong></span> <span class='ocrx_word' id='word_1_175' title='bbox 1525 1107 1553 1128; x_wconf 86' lang='lat' dir='ltr'><strong>a.</strong></span> <span class='ocrx_word' id='word_1_176' title='bbox 1570 1097 1652 1129; x_wconf 79' lang='lat'>1542</span> 
     </span>
     <span class='ocr_line' id='line_1_18' title="bbox 116 1147 1649 1191; baseline 0.003 -12"><span class='ocrx_word' id='word_1_177' title='bbox 116 1148 236 1180; x_wconf 84' lang='lat' dir='ltr'><strong>referre</strong></span> <span class='ocrx_word' id='word_1_178' title='bbox 264 1147 402 1180; x_wconf 89' lang='lat' dir='ltr'><strong>videtur.</strong></span> <span class='ocrx_word' id='word_1_179' title='bbox 445 1148 511 1179; x_wconf 84' lang='lat' dir='ltr'><strong>Nos</strong></span> <span class='ocrx_word' id='word_1_180' title='bbox 545 1148 584 1180; x_wconf 91' lang='lat' dir='ltr'><strong>ad</strong></span> <span class='ocrx_word' id='word_1_181' title='bbox 615 1149 697 1179; x_wconf 73' lang='lat'>1540</span> <span class='ocrx_word' id='word_1_182' title='bbox 726 1159 795 1179; x_wconf 88' lang='lat' dir='ltr'><strong>eam</strong></span> <span class='ocrx_word' id='word_1_183' title='bbox 823 1148 1006 1180; x_wconf 87' lang='lat' dir='ltr'><strong>reducimus</strong></span> <span class='ocrx_word' id='word_1_184' title='bbox 1036 1149 1081 1181; x_wconf 89' lang='lat'><strong>1⁰.</strong></span> <span class='ocrx_word' id='word_1_185' title='bbox 1115 1150 1190 1191; x_wconf 86' lang='lat' dir='ltr'><strong>quia</strong></span> <span class='ocrx_word' id='word_1_186' title='bbox 1219 1150 1346 1182; x_wconf 89' lang='lat' dir='ltr'><strong>libellus</strong></span> <span class='ocrx_word' id='word_1_187' title='bbox 1377 1151 1649 1191; x_wconf 86' lang='lat' dir='ltr'><strong>Melanchthonis‚</strong></span> 
     </span>
     <span class='ocr_line' id='line_1_19' title="bbox 117 1203 1653 1249; baseline 0.003 -14"><span class='ocrx_word' id='word_1_188' title='bbox 117 1214 211 1246; x_wconf 89' lang='lat' dir='ltr'><strong>quem</strong></span> <span class='ocrx_word' id='word_1_189' title='bbox 241 1203 321 1235; x_wconf 88' lang='lat' dir='ltr'><strong>dicit</strong></span> <span class='ocrx_word' id='word_1_190' title='bbox 349 1215 451 1247; x_wconf 89' lang='lat' dir='ltr'><strong>nuper</strong></span> <span class='ocrx_word' id='word_1_191' title='bbox 480 1204 514 1236; x_wconf 91' lang='lat' dir='ltr'><strong>in</strong></span> <span class='ocrx_word' id='word_1_192' title='bbox 546 1205 651 1236; x_wconf 90' lang='lat' dir='ltr'><strong>lucem</strong></span> <span class='ocrx_word' id='word_1_193' title='bbox 684 1204 852 1247; x_wconf 86' lang='lat' dir='ltr'><strong>prodiisse,</strong></span> <span class='ocrx_word' id='word_1_194' title='bbox 881 1205 986 1236; x_wconf 89' lang='lat' dir='ltr'><strong>editus</strong></span> <span class='ocrx_word' id='word_1_195' title='bbox 1020 1208 1069 1236; x_wconf 87' lang='lat' dir='ltr'><strong>est</strong></span> <span class='ocrx_word' id='word_1_196' title='bbox 1096 1207 1141 1237; x_wconf 74' lang='lat'><strong>2⁰.</strong></span> <span class='ocrx_word' id='word_1_197' title='bbox 1170 1206 1268 1244; x_wconf 85' lang='lat'>1539;</span> <span class='ocrx_word' id='word_1_198' title='bbox 1297 1206 1344 1238; x_wconf 81' lang='lat'><strong>2⁰.</strong></span> <span class='ocrx_word' id='word_1_199' title='bbox 1373 1207 1457 1249; x_wconf 89' lang='lat' dir='ltr'><strong>qnod</strong></span> <span class='ocrx_word' id='word_1_200' title='bbox 1487 1211 1597 1240; x_wconf 87' lang='lat' dir='ltr'><strong>narrat</strong></span> <span class='ocrx_word' id='word_1_201' title='bbox 1620 1220 1653 1240; x_wconf 91' lang='lat' dir='ltr'><strong>se</strong></span> 
     </span>
     <span class='ocr_line' id='line_1_20' title="bbox 117 1259 1653 1304; baseline 0.003 -14"><span class='ocrx_word' id='word_1_202' title='bbox 117 1270 175 1302; x_wconf 87' lang='lat' dir='ltr'><strong>per</strong></span> <span class='ocrx_word' id='word_1_203' title='bbox 211 1259 249 1291; x_wconf 89' lang='lat'><strong>13</strong></span> <span class='ocrx_word' id='word_1_204' title='bbox 283 1270 383 1291; x_wconf 87' lang='lat' dir='ltr'><strong>annos</strong></span> <span class='ocrx_word' id='word_1_205' title='bbox 416 1259 505 1291; x_wconf 87' lang='lat' dir='ltr'><strong>nulla</strong></span> <span class='ocrx_word' id='word_1_206' title='bbox 538 1260 620 1291; x_wconf 84' lang='lat' dir='ltr'><strong>febri</strong></span> <span class='ocrx_word' id='word_1_207' title='bbox 653 1259 825 1297; x_wconf 82' lang='lat' dir='ltr'><strong>laborasse,</strong></span> <span class='ocrx_word' id='word_1_208' title='bbox 856 1271 919 1301; x_wconf 92' lang='lat' dir='ltr'><strong>quo</strong></span> <span class='ocrx_word' id='word_1_209' title='bbox 949 1271 1025 1291; x_wconf 89' lang='lat' dir='ltr'><strong>sane</strong></span> <span class='ocrx_word' id='word_1_210' title='bbox 1048 1261 1182 1302; x_wconf 80' lang='lat' dir='ltr'><strong>respicit</strong></span> <span class='ocrx_word' id='word_1_211' title='bbox 1205 1262 1244 1292; x_wconf 88' lang='lat' dir='ltr'><strong>ad</strong></span> <span class='ocrx_word' id='word_1_212' title='bbox 1267 1265 1392 1304; x_wconf 88' lang='lat' dir='ltr'><strong>tempus</strong></span> <span class='ocrx_word' id='word_1_213' title='bbox 1416 1263 1492 1294; x_wconf 89' lang='lat' dir='ltr'><strong>dum</strong></span> <span class='ocrx_word' id='word_1_214' title='bbox 1516 1263 1653 1295; x_wconf 86' lang='lat' dir='ltr'><strong>Lovanii</strong></span> 
     </span>
     <span class='ocr_line' id='line_1_21' title="bbox 117 1315 1653 1360; baseline 0.003 -14"><span class='ocrx_word' id='word_1_215' title='bbox 117 1315 269 1357; x_wconf 82' lang='lat' dir='ltr'><strong>degebat3</strong></span> <span class='ocrx_word' id='word_1_216' title='bbox 300 1315 347 1347; x_wconf 85' lang='lat'><strong>3⁰.</strong></span> <span class='ocrx_word' id='word_1_217' title='bbox 370 1315 522 1357; x_wconf 88' lang='lat' dir='ltr'><strong>quoniam</strong></span> <span class='ocrx_word' id='word_1_218' title='bbox 556 1315 665 1347; x_wconf 90' lang='lat' dir='ltr'><strong>Caroli</strong></span> <span class='ocrx_word' id='word_1_219' title='bbox 699 1315 871 1346; x_wconf 89' lang='lat' dir='ltr'><strong>consilium</strong></span> <span class='ocrx_word' id='word_1_220' title='bbox 905 1315 944 1347; x_wconf 88' lang='lat' dir='ltr'><strong>de</strong></span> <span class='ocrx_word' id='word_1_221' title='bbox 974 1315 1122 1347; x_wconf 78' lang='lat' dir='ltr'><strong>Concilio</strong></span> <span class='ocrx_word' id='word_1_222' title='bbox 1146 1317 1287 1357; x_wconf 86' lang='lat' dir='ltr'><strong>cogendo</strong></span> <span class='ocrx_word' id='word_1_223' title='bbox 1312 1318 1449 1349; x_wconf 85' lang='lat' dir='ltr'><strong>maxime</strong></span> <span class='ocrx_word' id='word_1_224' title='bbox 1472 1329 1530 1360; x_wconf 89' lang='lat' dir='ltr'><strong>per</strong></span> <span class='ocrx_word' id='word_1_225' title='bbox 1553 1330 1653 1350; x_wconf 88' lang='lat' dir='ltr'><strong>annos</strong></span> 
     </span>
     <span class='ocr_line' id='line_1_22' title="bbox 119 1370 1653 1413; baseline 0.003 -11"><span class='ocrx_word' id='word_1_226' title='bbox 119 1371 200 1402; x_wconf 87' lang='grc'><strong>1539</strong></span> <span class='ocrx_word' id='word_1_227' title='bbox 234 1374 265 1403; x_wconf 90' lang='lat' dir='ltr'><strong>et</strong></span> <span class='ocrx_word' id='word_1_228' title='bbox 298 1371 380 1402; x_wconf 84' lang='lat'>1540</span> <span class='ocrx_word' id='word_1_229' title='bbox 413 1371 569 1413; x_wconf 85' lang='lat' dir='ltr'><strong>agitatum</strong></span> <span class='ocrx_word' id='word_1_230' title='bbox 604 1373 666 1409; x_wconf 84' lang='lat' dir='ltr'><strong>est;</strong></span> <span class='ocrx_word' id='word_1_231' title='bbox 700 1371 747 1402; x_wconf 85' lang='lat'><strong>4⁰.</strong></span> <span class='ocrx_word' id='word_1_232' title='bbox 781 1370 855 1413; x_wconf 76' lang='lat' dir='ltr'><strong>quia</strong></span> <span class='ocrx_word' id='word_1_233' title='bbox 883 1381 922 1402; x_wconf 88' lang='lat' dir='ltr'><strong>ne</strong></span> <span class='ocrx_word' id='word_1_234' title='bbox 951 1371 1049 1402; x_wconf 91' lang='lat' dir='ltr'><strong>verbo</strong></span> <span class='ocrx_word' id='word_1_235' title='bbox 1080 1371 1209 1413; x_wconf 88' lang='lat' dir='ltr'><strong>quidem</strong></span> <span class='ocrx_word' id='word_1_236' title='bbox 1233 1372 1400 1405; x_wconf 89' lang='lat' dir='ltr'><strong>Albertum</strong></span> <span class='ocrx_word' id='word_1_237' title='bbox 1421 1374 1653 1406; x_wconf 79' lang='lat' dir='ltr'><strong>monasterium</strong></span> 
     </span>
     <span class='ocr_line' id='line_1_23' title="bbox 117 1426 1085 1470; baseline 0 -10"><span class='ocrx_word' id='word_1_238' title='bbox 117 1427 298 1470; x_wconf 85' lang='lat' dir='ltr'><strong>relinquere</strong></span> <span class='ocrx_word' id='word_1_239' title='bbox 320 1427 479 1466; x_wconf 86' lang='lat' dir='ltr'><strong>hortatur,</strong></span> <span class='ocrx_word' id='word_1_240' title='bbox 502 1427 588 1469; x_wconf 86' lang='lat' dir='ltr'><strong>quod</strong></span> <span class='ocrx_word' id='word_1_241' title='bbox 612 1427 647 1459; x_wconf 90' lang='lat' dir='ltr'><strong>in</strong></span> <span class='ocrx_word' id='word_1_242' title='bbox 669 1438 756 1469; x_wconf 83' lang='lat' dir='ltr'><strong>seqq.</strong></span> <span class='ocrx_word' id='word_1_243' title='bbox 779 1437 829 1469; x_wconf 90' lang='lat' dir='ltr'><strong>ep.</strong></span> <span class='ocrx_word' id='word_1_244' title='bbox 853 1426 971 1468; x_wconf 80' lang='lat' dir='ltr'><strong>ubique</strong></span> <span class='ocrx_word' id='word_1_245' title='bbox 995 1427 1085 1460; x_wconf 85' lang='lat' dir='ltr'><strong>facit.</strong></span> 
     </span>
    </p>
   </div>
   <div class='ocr_carea' id='block_1_5' title="bbox 116 1637 1648 1795">
    <p class='ocr_par' dir='ltr' id='par_1_5' title="bbox 116 1637 1648 1795">
     <span class='ocr_line' id='line_1_24' title="bbox 116 1637 1648 1687; baseline -0.001 -13"><span class='ocrx_word' id='word_1_246' title='bbox 116 1637 180 1674; x_wconf 68' lang='grc' dir='ltr'><strong>ΝΟ.</strong></span> <span class='ocrx_word' id='word_1_247' title='bbox 202 1640 236 1674; x_wconf 87' lang='grc'><strong>5.</strong></span> <span class='ocrx_word' id='word_1_248' title='bbox 1260 1638 1363 1684; x_wconf 80' lang='lat' dir='ltr'><strong>[Gerd.</strong></span> <span class='ocrx_word' id='word_1_249' title='bbox 1383 1650 1404 1674; x_wconf 81' lang='lat' dir='ltr'><strong>s.</strong></span> <span class='ocrx_word' id='word_1_250' title='bbox 1424 1650 1447 1675; x_wconf 78' lang='lat' dir='ltr'><strong>a.</strong></span> <span class='ocrx_word' id='word_1_251' title='bbox 1468 1638 1516 1677; x_wconf 77' lang='lat' dir='ltr'><strong>lib,</strong></span> <span class='ocrx_word' id='word_1_252' title='bbox 1533 1650 1558 1682; x_wconf 76' lang='lat' dir='ltr'><strong>p.</strong></span> <span class='ocrx_word' id='word_1_253' title='bbox 1575 1640 1648 1687; x_wconf 72' lang='lat'>478‚]</span> 
     </span>
     <span class='ocr_line' id='line_1_25' title="bbox 664 1756 1108 1795; baseline 0.005 -2"><span class='ocrx_word' id='word_1_254' title='bbox 664 1756 723 1793; x_wconf 87' lang='lat' dir='ltr'><strong>Ad</strong></span> <span class='ocrx_word' id='word_1_255' title='bbox 751 1758 1108 1795; x_wconf 79' lang='lat' dir='ltr'><strong>HARDENBERGIUM·</strong></span> 
     </span>
    </p>
   </div>
   <div class='ocr_carea' id='block_1_6' title="bbox 108 1878 1652 2896">
    <p class='ocr_par' dir='ltr' id='par_1_6' title="bbox 108 1878 1652 2896">
     <span class='ocr_line' id='line_1_26' title="bbox 159 1878 1652 1930; baseline 0.001 -14"><span class='ocrx_word' id='word_1_256' title='bbox 159 1881 276 1930; x_wconf 87' lang='lat' dir='ltr'><strong>Cogor</strong></span> <span class='ocrx_word' id='word_1_257' title='bbox 308 1881 387 1922; x_wconf 86' lang='lat' dir='ltr'><strong>iam,</strong></span> <span class='ocrx_word' id='word_1_258' title='bbox 419 1879 502 1916; x_wconf 85' lang='lat' dir='ltr'><strong>licet</strong></span> <span class='ocrx_word' id='word_1_259' title='bbox 534 1878 678 1920; x_wconf 79' lang='lat' dir='ltr'><strong>invitus,</strong></span> <span class='ocrx_word' id='word_1_260' title='bbox 710 1878 770 1914; x_wconf 90' lang='lat' dir='ltr'><strong>sed</strong></span> <span class='ocrx_word' id='word_1_261' title='bbox 801 1890 907 1926; x_wconf 84' lang='lat' dir='ltr'><strong>cogor</strong></span> <span class='ocrx_word' id='word_1_262' title='bbox 939 1881 1057 1915; x_wconf 80' lang='lat' dir='ltr'><strong>tamen</strong></span> <span class='ocrx_word' id='word_1_263' title='bbox 1083 1878 1147 1916; x_wconf 90' lang='lat' dir='ltr'><strong>abs</strong></span> <span class='ocrx_word' id='word_1_264' title='bbox 1174 1883 1208 1915; x_wconf 89' lang='lat' dir='ltr'><strong>te</strong></span> <span class='ocrx_word' id='word_1_265' title='bbox 1234 1882 1389 1928; x_wconf 87' lang='lat' dir='ltr'><strong>repetere</strong></span> <span class='ocrx_word' id='word_1_266' title='bbox 1412 1879 1518 1917; x_wconf 90' lang='lat' dir='ltr'><strong>libros</strong></span> <span class='ocrx_word' id='word_1_267' title='bbox 1543 1893 1652 1923; x_wconf 87' lang='lat' dir='ltr'><strong>meos.</strong></span> 
     </span>
     <span class='ocr_line' id='line_1_27' title="bbox 115 1940 1652 1992; baseline 0 -13"><span class='ocrx_word' id='word_1_268' title='bbox 115 1956 202 1992; x_wconf 91' lang='lat' dir='ltr'><strong>quos</strong></span> <span class='ocrx_word' id='word_1_269' title='bbox 236 1943 312 1984; x_wconf 76' lang='lat' dir='ltr'><strong>tini,</strong></span> <span class='ocrx_word' id='word_1_270' title='bbox 343 1953 422 1978; x_wconf 89' lang='lat' dir='ltr'><strong>cnm</strong></span> <span class='ocrx_word' id='word_1_271' title='bbox 457 1941 567 1988; x_wconf 86' lang='lat' dir='ltr'><strong>primo</strong></span> <span class='ocrx_word' id='word_1_272' title='bbox 602 1941 724 1976; x_wconf 83' lang='lat' dir='ltr'><strong>itinere</strong></span> <span class='ocrx_word' id='word_1_273' title='bbox 749 1940 843 1988; x_wconf 83' lang='lat' dir='ltr'><strong>apud</strong></span> <span class='ocrx_word' id='word_1_274' title='bbox 868 1953 931 1977; x_wconf 91' lang='lat' dir='ltr'><strong>nos</strong></span> <span class='ocrx_word' id='word_1_275' title='bbox 957 1952 1063 1984; x_wconf 83' lang='lat' dir='ltr'><strong>esses,</strong></span> <span class='ocrx_word' id='word_1_276' title='bbox 1087 1941 1315 1979; x_wconf 79' lang='lat' dir='ltr'><strong>commodavi.</strong></span> <span class='ocrx_word' id='word_1_277' title='bbox 1364 1942 1454 1978; x_wconf 88' lang='lat' dir='ltr'><strong>Nam</strong></span> <span class='ocrx_word' id='word_1_278' title='bbox 1482 1942 1546 1979; x_wconf 88' lang='lat' dir='ltr'><strong>hoc</strong></span> <span class='ocrx_word' id='word_1_279' title='bbox 1572 1956 1652 1980; x_wconf 91' lang='lat' dir='ltr'><strong>vere</strong></span> 
     </span>
     <span class='ocr_line' id='line_1_28' title="bbox 116 2001 1652 2051; baseline 0.001 -11"><span class='ocrx_word' id='word_1_280' title='bbox 116 2003 269 2051; x_wconf 87' lang='lat' dir='ltr'><strong>proximo</strong></span> <span class='ocrx_word' id='word_1_281' title='bbox 303 2002 372 2038; x_wconf 87' lang='lat' dir='ltr'><strong>alio</strong></span> <span class='ocrx_word' id='word_1_282' title='bbox 405 2002 471 2038; x_wconf 87' lang='lat' dir='ltr'><strong>iam</strong></span> <span class='ocrx_word' id='word_1_283' title='bbox 497 2002 626 2049; x_wconf 87' lang='lat' dir='ltr'><strong>cogito,</strong></span> <span class='ocrx_word' id='word_1_284' title='bbox 650 2004 792 2048; x_wconf 88' lang='lat' dir='ltr'><strong>propter</strong></span> <span class='ocrx_word' id='word_1_285' title='bbox 815 2002 904 2038; x_wconf 88' lang='lat' dir='ltr'><strong>coeli</strong></span> <span class='ocrx_word' id='word_1_286' title='bbox 929 2001 1030 2038; x_wconf 80' lang='lat' dir='ltr'><strong>huius</strong></span> <span class='ocrx_word' id='word_1_287' title='bbox 1055 2002 1327 2039; x_wconf 88' lang='lat' dir='ltr'><strong>inclementiam.</strong></span> <span class='ocrx_word' id='word_1_288' title='bbox 1376 2003 1490 2040; x_wconf 90' lang='lat' dir='ltr'><strong>Video</strong></span> <span class='ocrx_word' id='word_1_289' title='bbox 1517 2016 1570 2040; x_wconf 92' lang='lat' dir='ltr'><strong>me</strong></span> <span class='ocrx_word' id='word_1_290' title='bbox 1595 2004 1652 2041; x_wconf 87' lang='lat' dir='ltr'><strong>hic</strong></span> 
     </span>
     <span class='ocr_line' id='line_1_29' title="bbox 115 2061 1652 2113; baseline 0.001 -13"><span class='ocrx_word' id='word_1_291' title='bbox 115 2063 200 2100; x_wconf 87' lang='lat' dir='ltr'><strong>nihil</strong></span> <span class='ocrx_word' id='word_1_292' title='bbox 232 2062 338 2105; x_wconf 90' lang='lat' dir='ltr'><strong>aliud,</strong></span> <span class='ocrx_word' id='word_1_293' title='bbox 370 2074 472 2110; x_wconf 81' lang='lat' dir='ltr'><strong>quam</strong></span> <span class='ocrx_word' id='word_1_294' title='bbox 498 2066 668 2109; x_wconf 86' lang='lat' dir='ltr'><strong>perpetuo</strong></span> <span class='ocrx_word' id='word_1_295' title='bbox 691 2066 883 2109; x_wconf 85' lang='lat' dir='ltr'><strong>aegrotare.</strong></span> <span class='ocrx_word' id='word_1_296' title='bbox 908 2061 958 2098; x_wconf 88' lang='lat' dir='ltr'><strong>sic</strong></span> <span class='ocrx_word' id='word_1_297' title='bbox 984 2067 1024 2098; x_wconf 84' lang='lat' dir='ltr'><strong>ut</strong></span> <span class='ocrx_word' id='word_1_298' title='bbox 1048 2062 1138 2098; x_wconf 89' lang='lat' dir='ltr'><strong>nulli</strong></span> <span class='ocrx_word' id='word_1_299' title='bbox 1164 2062 1339 2099; x_wconf 89' lang='lat' dir='ltr'><strong>hominum</strong></span> <span class='ocrx_word' id='word_1_300' title='bbox 1367 2064 1447 2099; x_wconf 89' lang='lat' dir='ltr'><strong>usui</strong></span> <span class='ocrx_word' id='word_1_301' title='bbox 1473 2076 1548 2100; x_wconf 90' lang='lat' dir='ltr'><strong>esse</strong></span> <span class='ocrx_word' id='word_1_302' title='bbox 1572 2077 1652 2113; x_wconf 89' lang='lat' dir='ltr'><strong>pos·</strong></span> 
     </span>
     <span class='ocr_line' id='line_1_30' title="bbox 114 2121 1650 2173; baseline 0.001 -13"><span class='ocrx_word' id='word_1_303' title='bbox 114 2125 192 2160; x_wconf 90' lang='lat' dir='ltr'><strong>sim.</strong></span> <span class='ocrx_word' id='word_1_304' title='bbox 219 2123 345 2170; x_wconf 83' lang='lat' dir='ltr'><strong>Itaque</strong></span> <span class='ocrx_word' id='word_1_305' title='bbox 370 2123 446 2169; x_wconf 90' lang='lat' dir='ltr'><strong>cepi</strong></span> <span class='ocrx_word' id='word_1_306' title='bbox 471 2121 513 2157; x_wconf 91' lang='lat' dir='ltr'><strong>de</strong></span> <span class='ocrx_word' id='word_1_307' title='bbox 538 2121 718 2169; x_wconf 81' lang='lat' dir='ltr'><strong>migrando</strong></span> <span class='ocrx_word' id='word_1_308' title='bbox 743 2122 943 2166; x_wconf 67' lang='lat' dir='ltr'><strong>consilium,</strong></span> <span class='ocrx_word' id='word_1_309' title='bbox 964 2122 1057 2170; x_wconf 88' lang='lat' dir='ltr'><strong>quod</strong></span> <span class='ocrx_word' id='word_1_310' title='bbox 1082 2123 1187 2159; x_wconf 85' lang='lat' dir='ltr'><strong>etiam</strong></span> <span class='ocrx_word' id='word_1_311' title='bbox 1213 2123 1280 2158; x_wconf 88' lang='lat' dir='ltr'><strong>mci</strong></span> <span class='ocrx_word' id='word_1_312' title='bbox 1305 2136 1324 2158; x_wconf 90' lang='lat' dir='ltr'><strong>a</strong></span> <span class='ocrx_word' id='word_1_313' title='bbox 1352 2136 1404 2159; x_wconf 89' lang='lat' dir='ltr'><strong>me</strong></span> <span class='ocrx_word' id='word_1_314' title='bbox 1431 2124 1504 2161; x_wconf 85' lang='lat' dir='ltr'><strong>fieri</strong></span> <span class='ocrx_word' id='word_1_315' title='bbox 1529 2128 1650 2173; x_wconf 84' lang='lat' dir='ltr'><strong>postu·</strong></span> 
     </span>
     <span class='ocr_line' id='line_1_31' title="bbox 114 2181 1649 2231; baseline 0.001 -11"><span class='ocrx_word' id='word_1_316' title='bbox 114 2185 204 2224; x_wconf 90' lang='lat' dir='ltr'><strong>lant,</strong></span> <span class='ocrx_word' id='word_1_317' title='bbox 238 2188 274 2219; x_wconf 92' lang='lat' dir='ltr'><strong>et</strong></span> <span class='ocrx_word' id='word_1_318' title='bbox 311 2181 453 2230; x_wconf 91' lang='lat' dir='ltr'><strong>proinde</strong></span> <span class='ocrx_word' id='word_1_319' title='bbox 485 2185 521 2217; x_wconf 88' lang='lat' dir='ltr'><strong>te</strong></span> <span class='ocrx_word' id='word_1_320' title='bbox 554 2194 652 2228; x_wconf 82' lang='lat' dir='ltr'><strong>rogo,</strong></span> <span class='ocrx_word' id='word_1_321' title='bbox 689 2185 728 2217; x_wconf 91' lang='lat' dir='ltr'><strong>ut</strong></span> <span class='ocrx_word' id='word_1_322' title='bbox 761 2182 866 2219; x_wconf 88' lang='lat' dir='ltr'><strong>libros</strong></span> <span class='ocrx_word' id='word_1_323' title='bbox 906 2195 1001 2219; x_wconf 89' lang='lat' dir='ltr'><strong>meos</strong></span> <span class='ocrx_word' id='word_1_324' title='bbox 1038 2184 1136 2220; x_wconf 76' lang='lat' dir='ltr'><strong>iuxta</strong></span> <span class='ocrx_word' id='word_1_325' title='bbox 1170 2183 1367 2231; x_wconf 78' lang='lat' dir='ltr'><strong>catalogum</strong></span> <span class='ocrx_word' id='word_1_326' title='bbox 1393 2197 1478 2228; x_wconf 88' lang='lat' dir='ltr'><strong>mea,</strong></span> <span class='ocrx_word' id='word_1_327' title='bbox 1505 2190 1544 2222; x_wconf 89' lang='lat' dir='ltr'><strong>ut</strong></span> <span class='ocrx_word' id='word_1_328' title='bbox 1569 2187 1649 2230; x_wconf 81' lang='lat' dir='ltr'><strong>scis,</strong></span> 
     </span>
     <span class='ocr_line' id='line_1_32' title="bbox 116 2241 1649 2290; baseline 0.002 -10"><span class='ocrx_word' id='word_1_329' title='bbox 116 2256 217 2280; x_wconf 84' lang='lat' dir='ltr'><strong>manu</strong></span> <span class='ocrx_word' id='word_1_330' title='bbox 242 2243 490 2290; x_wconf 89' lang='lat' dir='ltr'><strong>conscriptum,</strong></span> <span class='ocrx_word' id='word_1_331' title='bbox 514 2242 558 2277; x_wconf 88' lang='lat' dir='ltr'><strong>ad</strong></span> <span class='ocrx_word' id='word_1_332' title='bbox 583 2241 773 2278; x_wconf 86' lang='lat' dir='ltr'><strong>Doctorem</strong></span> <span class='ocrx_word' id='word_1_333' title='bbox 802 2243 1052 2290; x_wconf 81' lang='lat' dir='ltr'><strong>Hieronymum</strong></span> <span class='ocrx_word' id='word_1_334' title='bbox 1073 2248 1100 2286; x_wconf 92' lang='lat'><strong>¹)</strong></span> <span class='ocrx_word' id='word_1_335' title='bbox 1127 2244 1363 2287; x_wconf 83' lang='lat' dir='ltr'><strong>transmittas,</strong></span> <span class='ocrx_word' id='word_1_336' title='bbox 1388 2245 1417 2281; x_wconf 86' lang='lat' dir='ltr'><strong>is</strong></span> <span class='ocrx_word' id='word_1_337' title='bbox 1443 2246 1509 2282; x_wconf 86' lang='lat' dir='ltr'><strong>iam</strong></span> <span class='ocrx_word' id='word_1_338' title='bbox 1535 2246 1579 2282; x_wconf 89' lang='lat' dir='ltr'><strong>ad</strong></span> <span class='ocrx_word' id='word_1_339' title='bbox 1594 2260 1649 2284; x_wconf 91' lang='lat' dir='ltr'><strong>me</strong></span> 
     </span>
     <span class='ocr_line' id='line_1_33' title="bbox 113 2301 1649 2350; baseline 0.003 -10"><span class='ocrx_word' id='word_1_340' title='bbox 113 2303 214 2341; x_wconf 82' lang='lat' dir='ltr'><strong>facile</strong></span> <span class='ocrx_word' id='word_1_341' title='bbox 237 2303 316 2339; x_wconf 88' lang='lat' dir='ltr'><strong>illos</strong></span> <span class='ocrx_word' id='word_1_342' title='bbox 342 2314 443 2350; x_wconf 92' lang='lat' dir='ltr'><strong>porro</strong></span> <span class='ocrx_word' id='word_1_343' title='bbox 467 2302 635 2338; x_wconf 87' lang='lat' dir='ltr'><strong>remittet.</strong></span> <span class='ocrx_word' id='word_1_344' title='bbox 661 2301 838 2337; x_wconf 88' lang='lat' dir='ltr'><strong>Valetudo</strong></span> <span class='ocrx_word' id='word_1_345' title='bbox 864 2315 939 2338; x_wconf 86' lang='lat' dir='ltr'><strong>mea</strong></span> <span class='ocrx_word' id='word_1_346' title='bbox 963 2302 1049 2338; x_wconf 89' lang='lat' dir='ltr'><strong>nihil</strong></span> <span class='ocrx_word' id='word_1_347' title='bbox 1075 2315 1151 2340; x_wconf 87' lang='lat' dir='ltr'><strong>sese</strong></span> <span class='ocrx_word' id='word_1_348' title='bbox 1175 2303 1290 2341; x_wconf 82' lang='lat' dir='ltr'><strong>adhue</strong></span> <span class='ocrx_word' id='word_1_349' title='bbox 1315 2305 1474 2348; x_wconf 82' lang='lat' dir='ltr'><strong>remittit,</strong></span> <span class='ocrx_word' id='word_1_350' title='bbox 1497 2306 1566 2343; x_wconf 89' lang='lat' dir='ltr'><strong>sub</strong></span> <span class='ocrx_word' id='word_1_351' title='bbox 1590 2320 1649 2345; x_wconf 83' lang='lat' dir='ltr'><strong>ver</strong></span> 
     </span>
     <span class='ocr_line' id='line_1_34' title="bbox 114 2362 1649 2416; baseline 0.003 -15"><span class='ocrx_word' id='word_1_352' title='bbox 114 2369 228 2401; x_wconf 81' lang='lat' dir='ltr'><strong>tamen</strong></span> <span class='ocrx_word' id='word_1_353' title='bbox 261 2376 361 2410; x_wconf 89' lang='lat' dir='ltr'><strong>spero</strong></span> <span class='ocrx_word' id='word_1_354' title='bbox 394 2363 548 2400; x_wconf 83' lang='lat' dir='ltr'><strong>feliciora</strong></span> <span class='ocrx_word' id='word_1_355' title='bbox 580 2363 706 2404; x_wconf 87' lang='lat' dir='ltr'><strong>omnia,</strong></span> <span class='ocrx_word' id='word_1_356' title='bbox 741 2362 911 2410; x_wconf 80' lang='lat' dir='ltr'><strong>siquidem</strong></span> <span class='ocrx_word' id='word_1_357' title='bbox 939 2363 1110 2400; x_wconf 89' lang='lat' dir='ltr'><strong>Dominus</strong></span> <span class='ocrx_word' id='word_1_358' title='bbox 1136 2365 1243 2406; x_wconf 80' lang='lat' dir='ltr'><strong>volet,</strong></span> <span class='ocrx_word' id='word_1_359' title='bbox 1271 2365 1327 2401; x_wconf 89' lang='lat' dir='ltr'><strong>cui</strong></span> <span class='ocrx_word' id='word_1_360' title='bbox 1353 2378 1406 2401; x_wconf 92' lang='lat' dir='ltr'><strong>me</strong></span> <span class='ocrx_word' id='word_1_361' title='bbox 1433 2370 1544 2404; x_wconf 88' lang='lat' dir='ltr'><strong>totum</strong></span> <span class='ocrx_word' id='word_1_362' title='bbox 1576 2381 1649 2416; x_wconf 89' lang='lat' dir='ltr'><strong>per·</strong></span> 
     </span>
     <span class='ocr_line' id='line_1_35' title="bbox 113 2424 1648 2478; baseline 0.003 -15"><span class='ocrx_word' id='word_1_363' title='bbox 113 2428 225 2463; x_wconf 82' lang='lat' dir='ltr'><strong>mitto.</strong></span> <span class='ocrx_word' id='word_1_364' title='bbox 256 2427 310 2462; x_wconf 79' lang='lat' dir='ltr'><strong>&#39;l&#39;u</strong></span> <span class='ocrx_word' id='word_1_365' title='bbox 343 2425 424 2473; x_wconf 88' lang='lat' dir='ltr'><strong>quid</strong></span> <span class='ocrx_word' id='word_1_366' title='bbox 447 2425 552 2460; x_wconf 83' lang='lat' dir='ltr'><strong>facias</strong></span> <span class='ocrx_word' id='word_1_367' title='bbox 577 2424 708 2466; x_wconf 79' lang='lat' dir='ltr'><strong>neseio,</strong></span> <span class='ocrx_word' id='word_1_368' title='bbox 735 2424 838 2460; x_wconf 89' lang='lat' dir='ltr'><strong>credo</strong></span> <span class='ocrx_word' id='word_1_369' title='bbox 864 2428 982 2461; x_wconf 86' lang='lat' dir='ltr'><strong>tamen</strong></span> <span class='ocrx_word' id='word_1_370' title='bbox 1017 2429 1052 2460; x_wconf 87' lang='lat' dir='ltr'><strong>te</strong></span> <span class='ocrx_word' id='word_1_371' title='bbox 1076 2438 1146 2462; x_wconf 89' lang='lat' dir='ltr'><strong>non</strong></span> <span class='ocrx_word' id='word_1_372' title='bbox 1171 2427 1299 2468; x_wconf 82' lang='lat' dir='ltr'><strong>feriari,</strong></span> <span class='ocrx_word' id='word_1_373' title='bbox 1325 2430 1528 2474; x_wconf 87' lang='lat' dir='ltr'><strong>praesertim</strong></span> <span class='ocrx_word' id='word_1_374' title='bbox 1552 2430 1648 2478; x_wconf 88' lang='lat' dir='ltr'><strong>quod</strong></span> 
     </span>
     <span class='ocr_line' id='line_1_36' title="bbox 111 2484 1646 2532; baseline 0.002 -8"><span class='ocrx_word' id='word_1_375' title='bbox 111 2487 156 2524; x_wconf 88' lang='lat' dir='ltr'><strong>ad</strong></span> <span class='ocrx_word' id='word_1_376' title='bbox 181 2487 364 2523; x_wconf 83' lang='lat' dir='ltr'><strong>conciones</strong></span> <span class='ocrx_word' id='word_1_377' title='bbox 387 2488 424 2521; x_wconf 86' lang='lat' dir='ltr'><strong>et</strong></span> <span class='ocrx_word' id='word_1_378' title='bbox 451 2484 699 2532; x_wconf 86' lang='lat' dir='ltr'><strong>praelectiones</strong></span> <span class='ocrx_word' id='word_1_379' title='bbox 724 2485 862 2521; x_wconf 81' lang='lat' dir='ltr'><strong>attinet.</strong></span> <span class='ocrx_word' id='word_1_380' title='bbox 888 2485 1046 2532; x_wconf 85' lang='lat' dir='ltr'><strong>Optarim</strong></span> <span class='ocrx_word' id='word_1_381' title='bbox 1070 2486 1106 2521; x_wconf 91' lang='lat' dir='ltr'><strong>in</strong></span> <span class='ocrx_word' id='word_1_382' title='bbox 1131 2486 1291 2522; x_wconf 90' lang='lat' dir='ltr'><strong>omnibus</strong></span> <span class='ocrx_word' id='word_1_383' title='bbox 1315 2490 1534 2525; x_wconf 87' lang='lat' dir='ltr'><strong>monasteriis</strong></span> <span class='ocrx_word' id='word_1_384' title='bbox 1558 2490 1646 2527; x_wconf 88' lang='lat' dir='ltr'><strong>tales</strong></span> 
     </span>
     <span class='ocr_line' id='line_1_37' title="bbox 111 2545 1646 2595; baseline 0.003 -11"><span class='ocrx_word' id='word_1_385' title='bbox 111 2559 188 2584; x_wconf 90' lang='lat' dir='ltr'><strong>esse</strong></span> <span class='ocrx_word' id='word_1_386' title='bbox 220 2548 392 2587; x_wconf 85' lang='lat' dir='ltr'><strong>Abbates,</strong></span> <span class='ocrx_word' id='word_1_387' title='bbox 426 2547 487 2593; x_wconf 86' lang='lat' dir='ltr'><strong>qni</strong></span> <span class='ocrx_word' id='word_1_388' title='bbox 522 2545 572 2581; x_wconf 91' lang='lat' dir='ltr'><strong>sic</strong></span> <span class='ocrx_word' id='word_1_389' title='bbox 606 2545 827 2581; x_wconf 84' lang='lat' dir='ltr'><strong>iuventutem</strong></span> <span class='ocrx_word' id='word_1_390' title='bbox 860 2545 1110 2582; x_wconf 86' lang='lat' dir='ltr'><strong>instituendam</strong></span> <span class='ocrx_word' id='word_1_391' title='bbox 1136 2553 1272 2590; x_wconf 88' lang='lat' dir='ltr'><strong>curent,</strong></span> <span class='ocrx_word' id='word_1_392' title='bbox 1296 2549 1584 2595; x_wconf 85' lang='lat' dir='ltr'><strong>quemadmodum</strong></span> <span class='ocrx_word' id='word_1_393' title='bbox 1609 2552 1646 2588; x_wconf 85' lang='lat' dir='ltr'><strong>id</strong></span> 
     </span>
     <span class='ocr_line' id='line_1_38' title="bbox 111 2604 1645 2657; baseline 0.001 -12"><span class='ocrx_word' id='word_1_394' title='bbox 111 2620 204 2645; x_wconf 90' lang='lat' dir='ltr'><strong>nunc</strong></span> <span class='ocrx_word' id='word_1_395' title='bbox 229 2620 289 2655; x_wconf 92' lang='lat' dir='ltr'><strong>per</strong></span> <span class='ocrx_word' id='word_1_396' title='bbox 314 2611 348 2643; x_wconf 91' lang='lat' dir='ltr'><strong>te</strong></span> <span class='ocrx_word' id='word_1_397' title='bbox 374 2608 459 2642; x_wconf 81' lang='lat' dir='ltr'><strong>facit</strong></span> <span class='ocrx_word' id='word_1_398' title='bbox 480 2605 600 2642; x_wconf 84' lang='lat' dir='ltr'><strong>Abbas</strong></span> <span class='ocrx_word' id='word_1_399' title='bbox 626 2608 708 2641; x_wconf 85' lang='lat' dir='ltr'><strong>tuus</strong></span> <span class='ocrx_word' id='word_1_400' title='bbox 737 2604 778 2650; x_wconf 83' lang='lat'><strong>²),</strong></span> <span class='ocrx_word' id='word_1_401' title='bbox 800 2605 870 2642; x_wconf 91' lang='lat' dir='ltr'><strong>imo</strong></span> <span class='ocrx_word' id='word_1_402' title='bbox 895 2618 976 2642; x_wconf 87' lang='lat' dir='ltr'><strong>vero</strong></span> <span class='ocrx_word' id='word_1_403' title='bbox 1001 2610 1121 2642; x_wconf 85' lang='lat' dir='ltr'><strong>noster</strong></span> <span class='ocrx_word' id='word_1_404' title='bbox 1145 2607 1274 2654; x_wconf 85' lang='lat' dir='ltr'><strong>potius.</strong></span> <span class='ocrx_word' id='word_1_405' title='bbox 1302 2608 1394 2644; x_wconf 87' lang='lat' dir='ltr'><strong>Nam</strong></span> <span class='ocrx_word' id='word_1_406' title='bbox 1420 2614 1455 2645; x_wconf 89' lang='lat' dir='ltr'><strong>et</strong></span> <span class='ocrx_word' id='word_1_407' title='bbox 1478 2622 1542 2657; x_wconf 85' lang='lat' dir='ltr'><strong>ego</strong></span> <span class='ocrx_word' id='word_1_408' title='bbox 1566 2624 1645 2648; x_wconf 89' lang='lat' dir='ltr'><strong>eum</strong></span> 
     </span>
     <span class='ocr_line' id='line_1_39' title="bbox 111 2667 1643 2713; baseline 0.002 -8"><span class='ocrx_word' id='word_1_409' title='bbox 111 2670 258 2705; x_wconf 89' lang='lat' dir='ltr'><strong>hominis</strong></span> <span class='ocrx_word' id='word_1_410' title='bbox 283 2668 432 2704; x_wconf 83' lang='lat' dir='ltr'><strong>animum</strong></span> <span class='ocrx_word' id='word_1_411' title='bbox 460 2679 529 2703; x_wconf 92' lang='lat' dir='ltr'><strong>non</strong></span> <span class='ocrx_word' id='word_1_412' title='bbox 556 2678 696 2713; x_wconf 88' lang='lat' dir='ltr'><strong>possum</strong></span> <span class='ocrx_word' id='word_1_413' title='bbox 721 2679 793 2703; x_wconf 89' lang='lat' dir='ltr'><strong>non</strong></span> <span class='ocrx_word' id='word_1_414' title='bbox 816 2679 946 2710; x_wconf 80' lang='lat' dir='ltr'><strong>amare,</strong></span> <span class='ocrx_word' id='word_1_415' title='bbox 971 2674 1010 2702; x_wconf 87' lang='lat' dir='ltr'><strong>ut</strong></span> <span class='ocrx_word' id='word_1_416' title='bbox 1035 2668 1174 2704; x_wconf 84' lang='lat' dir='ltr'><strong>interim</strong></span> <span class='ocrx_word' id='word_1_417' title='bbox 1200 2667 1243 2704; x_wconf 90' lang='lat' dir='ltr'><strong>de</strong></span> <span class='ocrx_word' id='word_1_418' title='bbox 1268 2667 1341 2704; x_wconf 83' lang='lat' dir='ltr'><strong>eius</strong></span> <span class='ocrx_word' id='word_1_419' title='bbox 1365 2669 1516 2706; x_wconf 88' lang='lat' dir='ltr'><strong>candore</strong></span> <span class='ocrx_word' id='word_1_420' title='bbox 1540 2675 1576 2707; x_wconf 86' lang='lat' dir='ltr'><strong>et</strong></span> <span class='ocrx_word' id='word_1_421' title='bbox 1590 2671 1643 2708; x_wconf 91' lang='lat' dir='ltr'><strong>in-</strong></span> 
     </span>
     <span class='ocr_line' id='line_1_40' title="bbox 109 2726 1642 2777; baseline 0.002 -12"><span class='ocrx_word' id='word_1_422' title='bbox 109 2730 273 2777; x_wconf 84' lang='lat' dir='ltr'><strong>tegritate</strong></span> <span class='ocrx_word' id='word_1_423' title='bbox 307 2733 450 2769; x_wconf 82' lang='lat' dir='ltr'><strong>taceam,</strong></span> <span class='ocrx_word' id='word_1_424' title='bbox 480 2739 582 2774; x_wconf 89' lang='lat' dir='ltr'><strong>quam</strong></span> <span class='ocrx_word' id='word_1_425' title='bbox 619 2726 701 2762; x_wconf 87' lang='lat' dir='ltr'><strong>mihi</strong></span> <span class='ocrx_word' id='word_1_426' title='bbox 734 2726 769 2763; x_wconf 89' lang='lat' dir='ltr'><strong>in</strong></span> <span class='ocrx_word' id='word_1_427' title='bbox 794 2726 856 2762; x_wconf 89' lang='lat' dir='ltr'><strong>illo</strong></span> <span class='ocrx_word' id='word_1_428' title='bbox 880 2727 971 2763; x_wconf 88' lang='lat' dir='ltr'><strong>haud</strong></span> <span class='ocrx_word' id='word_1_429' title='bbox 996 2726 1142 2762; x_wconf 88' lang='lat' dir='ltr'><strong>obscure</strong></span> <span class='ocrx_word' id='word_1_430' title='bbox 1167 2727 1287 2763; x_wconf 86' lang='lat' dir='ltr'><strong>videor</strong></span> <span class='ocrx_word' id='word_1_431' title='bbox 1311 2730 1538 2776; x_wconf 83' lang='lat' dir='ltr'><strong>perspexisse.</strong></span> <span class='ocrx_word' id='word_1_432' title='bbox 1587 2731 1642 2768; x_wconf 85' lang='lat' dir='ltr'><strong>Tu</strong></span> 
     </span>
     <span class='ocr_line' id='line_1_41' title="bbox 111 2787 1641 2837; baseline 0.001 -12"><span class='ocrx_word' id='word_1_433' title='bbox 111 2801 238 2837; x_wconf 84' lang='lat' dir='ltr'><strong>quaeso</strong></span> <span class='ocrx_word' id='word_1_434' title='bbox 264 2790 316 2824; x_wconf 87' lang='lat' dir='ltr'><strong>sac</strong></span> <span class='ocrx_word' id='word_1_435' title='bbox 343 2801 394 2823; x_wconf 90' lang='lat' dir='ltr'><strong>me</strong></span> <span class='ocrx_word' id='word_1_436' title='bbox 420 2788 471 2823; x_wconf 91' lang='lat' dir='ltr'><strong>illi</strong></span> <span class='ocrx_word' id='word_1_437' title='bbox 495 2799 737 2822; x_wconf 85' lang='lat' dir='ltr'><strong>commemores</strong></span> <span class='ocrx_word' id='word_1_438' title='bbox 762 2787 865 2834; x_wconf 88' lang='lat' dir='ltr'><strong>idque</strong></span> <span class='ocrx_word' id='word_1_439' title='bbox 891 2787 1087 2833; x_wconf 77' lang='lat' dir='ltr'><strong>diligenter.</strong></span> <span class='ocrx_word' id='word_1_440' title='bbox 1114 2787 1214 2823; x_wconf 90' lang='lat' dir='ltr'><strong>Dabo</strong></span> <span class='ocrx_word' id='word_1_441' title='bbox 1241 2800 1378 2835; x_wconf 79' lang='lat' dir='ltr'><strong>operam</strong></span> <span class='ocrx_word' id='word_1_442' title='bbox 1404 2796 1443 2826; x_wconf 83' lang='lat' dir='ltr'><strong>ut</strong></span> <span class='ocrx_word' id='word_1_443' title='bbox 1463 2790 1558 2826; x_wconf 88' lang='lat' dir='ltr'><strong>illum</strong></span> <span class='ocrx_word' id='word_1_444' title='bbox 1579 2792 1641 2827; x_wconf 84' lang='lat' dir='ltr'><strong>ad-</strong></span> 
     </span>
     <span class='ocr_line' id='line_1_42' title="bbox 108 2848 1640 2896; baseline 0.002 -10"><span class='ocrx_word' id='word_1_445' title='bbox 108 2850 175 2886; x_wconf 89' lang='lat' dir='ltr'><strong>huc</strong></span> <span class='ocrx_word' id='word_1_446' title='bbox 199 2853 235 2886; x_wconf 90' lang='lat' dir='ltr'><strong>et</strong></span> <span class='ocrx_word' id='word_1_447' title='bbox 256 2853 290 2886; x_wconf 89' lang='lat' dir='ltr'><strong>te</strong></span> <span class='ocrx_word' id='word_1_448' title='bbox 315 2849 416 2886; x_wconf 90' lang='lat' dir='ltr'><strong>simul</strong></span> <span class='ocrx_word' id='word_1_449' title='bbox 441 2849 585 2884; x_wconf 87' lang='lat' dir='ltr'><strong>invisam</strong></span> <span class='ocrx_word' id='word_1_450' title='bbox 612 2859 837 2896; x_wconf 86' lang='lat' dir='ltr'><strong>praesensque</strong></span> <span class='ocrx_word' id='word_1_451' title='bbox 863 2848 942 2884; x_wconf 87' lang='lat' dir='ltr'><strong>hinc</strong></span> <span class='ocrx_word' id='word_1_452' title='bbox 967 2848 1139 2885; x_wconf 83' lang='lat' dir='ltr'><strong>advolem.</strong></span> <span class='ocrx_word' id='word_1_453' title='bbox 1169 2848 1312 2887; x_wconf 86' lang='lat' dir='ltr'><strong>Interim</strong></span> <span class='ocrx_word' id='word_1_454' title='bbox 1337 2855 1388 2893; x_wconf 86' lang='lat' dir='ltr'><strong>tu,</strong></span> <span class='ocrx_word' id='word_1_455' title='bbox 1416 2851 1461 2888; x_wconf 90' lang='lat' dir='ltr'><strong>mi</strong></span> <span class='ocrx_word' id='word_1_456' title='bbox 1476 2851 1640 2889; x_wconf 82' lang='lat' dir='ltr'><strong>Alberte!</strong></span> 
     </span>
    </p>
   </div>
  </div>
 </body>
</html>
