1830 3147
820 121 888 161 557
1344 119 1415 168 [Α.
1438 121 1483 157 D.
1509 121 1620 167 1542]

91 229 180 279 apud
207 230 360 267 homines
387 227 558 266 turbetur.
592 227 635 264 Id
662 228 689 264 si
716 230 753 264 tn
778 228 813 265 iu
839 228 954 265 animo
980 229 1052 275 ipse
1078 230 1140 264 tuo
1161 228 1335 275 agnoscis,
1360 241 1431 265 non
1456 231 1509 265 est
1534 228 1640 277 quod.

92 295 129 328 te
160 291 317 328 instituti
348 290 400 327 tui
433 289 525 337 apud
558 301 611 325 mc
645 289 786 336 pudeat,
823 290 868 326 mi
893 290 1058 327 Alberte!
1082 290 1241 338 quodque
1266 293 1448 338 tantopere
1473 291 1625 339 angaris.

91 353 152 389 Sin
185 353 308 395 minus,
340 351 432 399 apud
464 350 643 386 Christum
678 353 713 386 te
747 350 855 397 magis
891 350 1046 398 profecto
1072 351 1216 398 pudere,
1243 363 1344 399 quam
1368 351 1462 398 apud
1488 364 1542 388 me
1567 353 1627 388 de·

90 418 196 455 ceret,
219 415 376 460 essetque
401 411 502 459 plane
526 423 588 448 cur
608 411 722 447 animo
746 414 808 446 tuo
833 414 869 445 et
890 410 1026 458 quidem
1047 411 1202 458 graviter
1217 412 1404 459 augeretis,
1427 412 1627 459 praesertim

91 474 121 510 si
152 476 268 511 certus
303 485 373 508 non
397 472 458 513 sis,
485 472 622 509 consilii
647 472 699 508 tui
725 472 878 508 rationes
906 472 956 507 ita
981 472 1063 508 olim
1090 473 1205 508 firmas
1231 472 1267 509 in
1292 472 1359 509 Dei
1383 472 1515 509 iudicio
1539 473 1627 515 fore,

92 538 133 571 ut
161 536 296 571 animus
328 534 395 570 iam
420 537 502 569 tuus
527 533 563 569 in
587 532 656 569 illis
680 532 810 569 Christi
836 531 1035 568 testimonio
1059 531 1166 580 probe
1190 532 1424 569 communitus
1466 533 1630 582 conquie-

91 598 175 633 scat.
223 595 304 631 Hoc
335 593 540 631 sabbathum
578 606 597 629 a
622 593 722 630 nobis
747 593 826 629 vult
851 592 918 629 coli
944 592 1092 635 Paulus,
1119 592 1213 641 quod
1238 606 1303 641 ego
1329 592 1395 630 tibi
1420 593 1500 630 istic
1525 593 1628 629 etiam

93 669 172 693 vere
197 659 232 692 et
258 668 300 692 ex
325 655 438 692 animo
460 644 665 702 optaverim.
692 653 758 690 Sed
785 665 862 690 cum
888 654 1036 702 ipsemet
1060 654 1214 695 fatearis,
1242 657 1277 690 te
1302 653 1337 689 in
1367 658 1436 690 tam
1462 653 1555 690 varia
1568 653 1630 689 ad-

91 717 158 753 huc
194 716 289 759 ferri,
324 719 362 753 ut
395 716 463 752 dici
498 716 555 752 vix
575 718 695 763 queat,
722 727 853 757 vereor,
878 727 921 751 ne
945 714 1083 762 longius
1108 714 1153 751 ab
1178 727 1219 750 eo
1244 713 1357 751 adhuc
1392 713 1500 753 absis.
1526 726 1628 762 quam

92 782 207 826 putas,
234 789 274 813 ac
303 789 346 813 ne
372 779 540 824 perpetuo
565 777 614 812 ita
638 775 705 813 huc
724 779 828 823 atque
854 775 939 812 illuc
964 776 1098 811 feraris.
1124 774 1279 811 Dubitas
1304 787 1348 811 an
1364 779 1519 810 vestrum
1534 774 1631 810 istud

89 839 206 875 vivere
230 839 275 875 sit
300 838 524 886 blasphemia,
537 841 573 873 et
593 837 731 873 interim
749 837 879 873 abusus
897 836 1161 872 absurdissimos
1180 836 1355 884 agnoscis,
1371 836 1471 884 quasi
1488 835 1630 882 abusus,

91 911 150 946 per
175 911 261 948 quos
285 898 511 934 dedecoratur
535 910 658 934 nomen
682 900 718 933 et
743 898 902 934 meritum
928 897 1068 939 Christi,
1092 908 1163 933 non
1188 896 1259 932 sint
1283 895 1508 943 blasphemia.
1558 893 1627 931 Sed

92 959 155 996 hos
179 972 250 995 non
274 959 424 1006 sequeris
449 961 485 994 et
509 958 616 994 libere
644 958 763 1000 etiam,
790 958 820 994 si
847 958 923 994 Deo
949 957 1074 1005 placet.
1099 956 1331 1004 reprehendis.
1382 956 1438 992 Mi
1462 955 1632 992 Alberte!

93 1020 142 1057 ita
174 1020 272 1056 nobis
308 1019 482 1066 praedicas
520 1022 615 1055 tuam
649 1018 858 1062 libertatem,
885 1018 984 1066 quasi
1009 1018 1214 1060 nesciamus,
1240 1016 1367 1065 quibus
1393 1018 1441 1053 sit
1464 1015 1628 1052 cancellis

95 1080 271 1117 conclusa.
321 1080 453 1116 Reiicis
478 1080 648 1116 Ezechiae
672 1079 866 1130 exemplum
893 1078 990 1115 velut
1014 1092 1034 1115 a
1060 1090 1200 1114 munere
1225 1082 1288 1114 tuo
1313 1078 1462 1114 alienum
1489 1079 1630 1124 propter

93 1142 282 1178 functionis
305 1141 553 1178 diversitatem.
582 1142 631 1177 At
654 1140 748 1188 quod
772 1141 846 1188 ipse
871 1141 962 1176 ferro
986 1140 1128 1176 admoto
1153 1140 1246 1181 fecit,
1271 1139 1331 1187 qui
1347 1142 1511 1176 externae
1527 1137 1630 1175 disci·

94 1202 208 1249 pliuae
231 1205 352 1240 custos
377 1205 463 1244 erat,
488 1202 523 1238 id
549 1202 612 1238 tibi
639 1215 708 1238 non
734 1201 952 1250 generalibus
978 1202 1054 1238 istis
1082 1200 1407 1248 reprehensionibus
1432 1212 1517 1248 quas
1541 1200 1626 1236 facis

91 1262 128 1299 in
161 1262 399 1304 concionibus,
438 1262 500 1298 sed
526 1263 691 1310 peculiari
717 1262 866 1311 quodam
892 1261 1017 1298 malleo
1043 1265 1158 1309 petras
1184 1260 1423 1297 contundente
1448 1264 1627 1308 praestan·

92 1323 174 1361 dum
209 1336 292 1360 sane
323 1326 425 1361 esset.
473 1323 636 1361 Doctoris
668 1327 731 1366 est,
757 1324 810 1360 sui
833 1335 1002 1371 quemque
1026 1322 1135 1358 debiti
1159 1322 1282 1370 suique
1303 1322 1405 1358 officii
1429 1321 1630 1359 admonere.

93 1385 163 1421 Hic
188 1385 217 1421 si
248 1385 311 1421 tibi
347 1388 430 1421 tuus
453 1397 523 1420 non
548 1386 666 1432 pareat
691 1384 934 1432 Magistratus,
959 1384 1029 1420 imo
1053 1384 1083 1419 si
1107 1395 1178 1419 non
1204 1382 1356 1430 patiatur
1380 1395 1417 1419 se
1441 1381 1634 1426 admoneri,

92 1458 133 1483 ac
158 1448 194 1482 te
218 1448 395 1493 praeterea
420 1445 531 1482 multa
555 1445 715 1482 simulare
741 1457 781 1482 ae
802 1444 1021 1481 dissimulare
1058 1446 1177 1491 cogat,
1214 1446 1250 1480 et
1275 1445 1315 1480 tu
1339 1443 1391 1480 illi
1416 1442 1632 1492 obsequaris,

93 1508 146 1543 est
170 1518 214 1542 ne
238 1505 303 1543 hoc
329 1505 435 1542 libere
461 1505 746 1553 reprehendisse?
789 1505 913 1553 Neque
938 1508 1031 1542 recte
1057 1503 1273 1552 Babylonem
1297 1505 1434 1541 confers
1459 1515 1538 1540 cum
1564 1503 1632 1539 Ba-

95 1567 233 1615 bylone.
257 1567 333 1604 Nos
364 1566 455 1603 enim
486 1566 618 1603 idolum
652 1565 788 1602 nullum
813 1565 978 1602 habemus
1002 1564 1095 1613 quod
1120 1564 1290 1605 colamus,
1317 1576 1379 1600 vos
1404 1563 1633 1600 abominatio-

94 1642 171 1666 nem
196 1628 290 1665 illam
315 1627 350 1664 in
375 1628 452 1664 loco
477 1630 599 1664 sancto
625 1627 852 1664 constitutam
879 1626 1019 1674 publico
1042 1626 1140 1663 cultu
1166 1638 1228 1674 pro
1253 1626 1331 1661 Deo
1352 1625 1562 1661 veneramini
1594 1626 1631 1660 et

95 1691 178 1727 estis
203 1689 277 1726 eius
302 1689 419 1727 cultus
444 1688 606 1726 ministri.
634 1688 736 1725 Idola
762 1688 791 1725 si
816 1700 904 1736 quae
930 1687 1023 1736 apud
1048 1700 1111 1724 nos
1136 1689 1335 1735 supersunt,
1359 1699 1400 1723 ea
1424 1686 1526 1734 plane
1551 1697 1632 1722 con·

94 1754 227 1798 tempta
250 1750 476 1798 neglectaque
501 1751 629 1786 iacent.
663 1749 779 1788 Quem
805 1752 922 1786 autem
947 1753 1125 1796 exspectes
1151 1747 1294 1785 ductum
1320 1748 1476 1796 spiritus,
1500 1748 1632 1784 nescio.

93 1811 170 1858 Ego
195 1823 216 1847 a
239 1811 363 1858 spiritu
389 1810 455 1846 Dei
480 1809 611 1846 dictum
637 1822 711 1846 esse
736 1814 821 1858 puto
847 1810 929 1846 Esa.
956 1811 1000 1845 52
1027 1813 1062 1844 et
1088 1811 1107 1844 2
1133 1808 1214 1845 Cor.
1242 1810 1262 1845 6
1290 1809 1424 1846 uExite
1448 1808 1491 1844 de
1517 1809 1631 1846 medio

92 1872 232 1909 illorum
256 1874 293 1908 et
327 1871 531 1919 separemini
564 1871 606 1907 ab
648 1871 753 1909 illis’'.
808 1871 864 1907 Ab
897 1870 1017 1907 eodem
1042 1873 1077 1907 et
1100 1870 1188 1907 illud
1213 1870 1266 1907 his
1293 1871 1403 1907 simile
1429 1871 1545 1918 Apoc.
1570 1871 1630 1909 18.

96 1946 114 1965 u
129 1932 232 1969 Exite
257 1931 300 1968 de
324 1932 384 1969 illa
410 1932 559 1980 populus
585 1944 682 1968 meus
706 1934 796 1968 etam
822 1932 901 1968 Hoc
925 1931 954 1968 si
979 1931 1022 1968 ad
1038 1931 1144 1968 animi
1163 1932 1278 1979 fugam
1300 1932 1441 1973 referas,
1459 1936 1552 1969 certe
1573 1931 1635 1979 qui

93 1991 182 2028 hanc
213 1983 330 2039 sugam
367 2005 445 2028 vere
481 2004 561 2029 cum
602 1993 718 2029 animo
743 2004 807 2029 suo
832 1992 939 2029 semel
970 1995 1026 2028 est
1052 1992 1250 2035 meditatus,
1274 2004 1345 2028 non
1370 1991 1518 2028 libenter
1542 1993 1633 2028 inter

94 2065 154 2089 eos
187 2052 353 2096 haerebit,
386 2066 473 2101 quos
508 2053 604 2089 videt
640 2052 779 2089 assidue
815 2053 1022 2090 dedecorare
1047 2053 1214 2089 virtutem
1239 2065 1279 2089 ac
1306 2053 1466 2089 meritum
1491 2051 1635 2090 Christi.

95 2113 202 2152 Quod
228 2114 272 2150 ad
299 2125 351 2149 me
376 2115 515 2157 attinet,
542 2126 619 2150 arno
646 2117 694 2156 te,
722 2114 767 2150 mi
793 2114 962 2150 Alberte!
990 2114 1020 2150 si
1035 2126 1186 2162 unquam
1211 2116 1328 2154 antea,
1347 2112 1406 2150 sed
1424 2117 1518 2150 tuam
1535 2115 1635 2150 istam

97 2174 340 2210 haesitantiam
366 2187 436 2210 nou
460 2187 551 2211 amo.
591 2175 754 2213 Quonam
781 2175 844 2211 sim
870 2176 1081 2222 migraturus
1106 2174 1261 2210 nondum
1286 2174 1370 2216 scio,
1397 2173 1459 2210 sed
1483 2187 1591 2212 vocor
1617 2187 1637 2211 a

96 2236 230 2272 multis.
256 2235 326 2271 Ero
352 2239 466 2272 tamen
490 2235 581 2282 apud
608 2248 683 2276 vos,
711 2236 911 2284 priusquam
935 2235 1070 2275 abeam,
1097 2238 1133 2271 et
1156 2236 1272 2272 omnia
1296 2235 1361 2271 tibi
1386 2247 1501 2272 eoram
1518 2248 1634 2273 narra-

98 2296 155 2332 bo.
185 2296 238 2332 De
264 2302 403 2344 sumptu
430 2296 490 2332 illo
516 2309 615 2345 quem
644 2308 805 2339 excusas,
830 2296 931 2344 plane
954 2297 1040 2333 nihil
1066 2309 1216 2345 unquam
1242 2309 1352 2345 neque
1378 2309 1443 2345 ego
1467 2298 1635 2345 cogitavi,

96 2372 207 2407 neque
232 2359 410 2407 quisquam
445 2359 586 2395 omnino
611 2370 744 2394 mecum
771 2358 855 2405 egit,
881 2370 985 2407 quare
1010 2369 1268 2405 supervacanea
1291 2360 1388 2400 sunt,
1415 2369 1502 2406 quae
1528 2371 1568 2394 ea
1593 2358 1636 2396 de

97 2433 133 2457 re
169 2420 303 2457 scribis.
356 2419 444 2455 Vale
477 2422 512 2454 et
547 2430 602 2455 me
628 2423 723 2455 tuum
751 2430 827 2455 esse
853 2419 916 2455 tibi
943 2418 1147 2466 persuadeas
1174 2417 1326 2454 omnino.
1378 2417 1548 2456 Dominus
1574 2418 1636 2454 det

97 2480 196 2517 nobis
221 2493 317 2517 suam
342 2480 505 2528 gratiam.
533 2479 658 2515 Amen.
682 2477 835 2515 Postrid.
860 2478 991 2514 iacobi.
1021 2478 1084 2524 [96
1110 2478 1192 2514 Iulii
1214 2478 1346 2524 1542j.

100 2642 168 2679 N⁰.
193 2642 252 2678 10.
843 2639 924 2686 [nihl.
942 2642 1023 2674 Brem.
1044 2641 1081 2674 el.
1099 2640 1155 2671 vill.
1174 2649 1201 2681 p.
1220 2640 1279 2681 332,
1294 2641 1321 2672 3.
1341 2640 1427 2675 Gerd.
1442 2635 1490 2674 llb.
1507 2650 1533 2682 Ρ.
1551 2637 1631 2685 ⁴90]

578 2759 636 2798 Ad
661 2759 884 2798 Dausmnm
909 2761 1089 2797 Srssmee
1117 2759 1159 2804 ¹).

143 2883 230 2921 Heri
262 2884 344 2921 mihi
375 2886 460 2920 sunt
491 2882 646 2920 redditae
677 2877 796 2920 literae
832 2882 876 2919 ab
909 2881 1057 2919 Alberto
1082 2882 1110 2927 ²)
1136 2883 1272 2924 nostro,
1300 2881 1455 2918 sororio
1481 2879 1633 2918 Domino
