1830 3147
827 84 897 122 617
1351 86 1412 133 [A.
1437 84 1482 122 D.
1509 85 1619 133 1548]

84 211 145 236 cor
171 199 214 246 Ξ).
263 199 419 236 Bueerus
460 196 698 244 exspectatur,
730 194 940 232 Franciscus
975 195 1096 230 noster
1131 193 1314 242 Dryander
1348 194 1416 230 iam
1448 193 1549 231 adest
1582 197 1619 233 et

84 261 129 298 de
153 259 301 297 Calvino
326 259 516 302 mussatur,
541 256 609 293 nisi
635 256 730 304 quod
756 255 879 293 Gallus
905 257 970 292 est.
1012 255 1230 302 Argentinae
1255 254 1344 291 nulli
1369 257 1487 292 motus
1505 257 1620 300 erant,

85 322 146 358 sed
170 320 259 358 illud
287 318 487 360 „Interim”
513 331 584 355 non
610 320 829 366 receperunt,
854 330 918 355 nee
941 316 1094 365 recipere
1119 316 1257 354 volunt.
1289 317 1368 353 Imo
1394 329 1438 354 ne
1454 318 1620 365 Augusta

85 382 238 432 quidem,
264 394 378 429 neque
402 379 645 428 Norimberga.
679 379 759 416 Alia
784 378 894 416 nulla.
932 377 1021 414 Vale
1045 377 1175 415 Emdae
1201 378 1245 414 19
1272 378 1357 415 Iulii
1381 379 1487 416 Anno
1513 380 1618 417 1548.

1190 439 1299 476 Nosti
1324 451 1477 477 manum.

128 554 152 592 ¹)
175 553 324 585 Fortasse
347 552 482 584 Carolus
505 552 633 593 Regius,
656 553 778 592 martyr
801 553 833 591 (†
846 550 953 589 1557).
977 550 1027 582 Cf.
1051 550 1161 583 GERD.
1183 550 1271 582 Hist.
1293 552 1355 592 ref.
1371 551 1397 583 I.
1410 562 1441 594 p.
1458 552 1529 591 202,
1543 552 1616 585 255.

81 609 110 648 Ξ)
144 609 205 651 Ep.
237 619 299 650 qua
329 607 522 640 Cranmerus
554 609 690 640 Laseum
723 607 849 644 invitat,
883 608 903 638 4
926 606 1001 638 Iulii
1030 606 1080 637 ’48
1104 605 1178 638 data
1201 609 1258 639 est.
1282 607 1415 649 Legitur
1437 607 1498 650 Ep.
1520 608 1617 641 Park.

82 663 155 696 Soc.
177 664 225 696 II.
246 674 278 706 p.
300 664 374 696 421.

83 896 148 934 ΝΟ,
175 897 233 933 48,
941 896 1021 942 [Bibl.
1040 897 1118 934 Brem.
1141 898 1178 933 Vl.
1202 897 1257 933 455.
1287 898 1374 935 Gerd,
1392 908 1414 934 s.
1433 909 1457 934 a.
1476 896 1522 935 nb.
1541 899 1616 945 ma]

631 1018 691 1054 An
717 1018 1072 1056 HARDENBERGIUM.

130 1137 259 1185 Accepi
292 1148 404 1186 nuper
434 1136 557 1174 literas
590 1150 610 1175 e
642 1137 790 1175 Colonia
815 1150 835 1174 a
859 1138 1019 1176 Martino
1044 1151 1121 1177 meo
1146 1145 1183 1176 et
1208 1139 1269 1175 has
1293 1138 1444 1176 adnexas
1469 1138 1513 1175 ad
1538 1141 1574 1176 te
1598 1153 1619 1176 a

81 1198 297 1237 Medmanno
327 1201 367 1246 ¹),
410 1211 498 1246 quas
541 1202 577 1236 et
610 1199 745 1248 aperui,
780 1203 1010 1248 posteaquam
1045 1201 1131 1237 mihi
1163 1201 1238 1238 eius
1264 1201 1313 1238 rei
1339 1203 1563 1249 potestatem,
1589 1201 1619 1237 si

83 1260 170 1309 quid
194 1260 365 1297 eiusmodi
389 1260 433 1296 ad
458 1273 514 1297 me
538 1261 688 1305 veniret,
715 1261 842 1298 fecisti.
892 1261 1023 1298 Eadem
1049 1274 1131 1300 vero
1156 1263 1336 1299 Mart-inus
1362 1275 1460 1300 meus
1484 1262 1528 1299 ad
1553 1275 1620 1308 me,

83 1335 174 1371 quae
199 1324 236 1359 et
261 1322 305 1358 ad
330 1325 366 1358 te
391 1321 638 1366 Medmannus,
665 1335 774 1370 quare
798 1322 886 1358 nihil
910 1322 1019 1360 habeo
1044 1323 1140 1371 quod
1165 1323 1301 1362 addam.

131 1382 328 1423 Consilium
361 1382 683 1430 Witebergensium
717 1383 976 1431 Theologorum
1009 1384 1052 1421 de
1085 1384 1205 1421 libello
1237 1385 1379 1421 interim
1412 1385 1621 1433 accepimus,

82 1445 141 1483 cui
175 1445 326 1493 praefixa
360 1447 415 1481 est
439 1444 594 1492 Philippi
620 1445 760 1493 effigies.
809 1445 905 1482 Nolo
938 1446 1172 1495 pronunciare
1197 1447 1413 1494 quidquam:
1438 1446 1500 1483 sed
1525 1447 1556 1483 si
1581 1460 1621 1484 ca

86 1506 204 1544 omnia
237 1504 410 1542 eiusmodi
441 1509 537 1549 sunt,
578 1508 621 1542 ut
654 1507 762 1555 recipi
786 1519 928 1544 rursum
954 1508 1103 1556 possint,
1129 1520 1220 1556 quae
1244 1508 1317 1546 illic
1342 1522 1414 1546 non
1438 1510 1620 1557 reprehen-

86 1567 235 1612 duntur,
260 1566 320 1602 ubi
345 1570 451 1603 erunt
476 1565 540 1610 illi,
566 1567 630 1614 qui
655 1579 704 1612 ea,
730 1580 820 1615 quae
845 1580 939 1605 nunc
956 1570 987 1616 2)
1013 1569 1144 1605 diserte
1161 1582 1232 1606 non
1250 1570 1470 1618 impugnant,
1494 1571 1620 1618 eapitis

86 1629 194 1667 etiam
227 1627 383 1676 periculo
417 1627 655 1676 impugnanda
689 1640 763 1665 esse
788 1629 987 1666 docuerunt
1012 1633 1048 1666 et
1073 1630 1267 1667 multorum
1293 1632 1500 1669 mactationi
1524 1644 1619 1669 occa-

85 1690 219 1727 sionem
244 1688 445 1725 dederunt?
495 1688 670 1725 Dominus
696 1689 859 1737 respiciat
884 1702 982 1726 suam
1007 1690 1212 1729 Ecclesiam,
1261 1692 1456 1728 Consilium
1482 1705 1525 1730 ne
1550 1706 1619 1730 me-

87 1751 191 1788 minit
217 1749 361 1799 quidem
386 1749 789 1795 transubstantiationiS,
815 1750 944 1787 nedum
970 1755 1012 1788 ut
1038 1752 1134 1789 illam
1159 1753 1354 1801 impugnet,
1380 1767 1486 1802 quain
1504 1758 1622 1793 tainen

87 1812 238 1849 Interim
273 1811 464 1849 constituit
499 1814 536 1848 et
567 1810 736 1855 defendit,
770 1812 876 1849 mitto
908 1812 987 1849 alia.
1037 1813 1214 1860 Quantam
1246 1827 1329 1852 vero
1355 1815 1542 1852 clamatum
1567 1820 1623 1853 est

86 1875 257 1912 haetenus
297 1879 422 1911 contra
464 1873 904 1911 transubstantiationem?
955 1874 1032 1911 Imo
1068 1880 1240 1923 quantum
1280 1877 1462 1924 sanguinis
1504 1877 1622 1915 fusum

86 1948 151 1985 pro
183 1934 278 1972 illius
312 1934 572 1972 detestatione?
621 1935 715 1972 Veni
749 1935 894 1973 Domini
927 1936 1012 1973 Iesu
1045 1940 1111 1974 etc.
1159 1937 1289 1985 Scripsi
1320 1938 1364 1974 ad
1389 1942 1426 1975 te
1450 1951 1561 1988 nuper
1587 1938 1618 1987 3)

87 1999 124 2034 et
148 1996 271 2033 literas
295 1997 340 2032 ad
365 1996 411 2033 D.
437 1995 605 2033 Carolum
631 1999 794 2033 nostrum
820 1996 977 2042 adiunxi,
1001 2010 1047 2034 an
1072 1998 1246 2047 acceperis
1272 1999 1400 2036 nescio.

134 2056 320 2105 Philippus
361 2056 492 2095 dicitur
532 2057 689 2105 cogitare
730 2058 1006 2106 Magdeburgam
1048 2061 1085 2096 et
1117 2059 1190 2096 illie
1224 2059 1316 2096 velle
1354 2060 1469 2097 sedem
1501 2061 1618 2108 figere.

90 2119 170 2156 Hoc
203 2121 322 2155 narrat
358 2118 545 2167 bibliopola
570 2123 690 2156 noster
723 2119 947 2157 Hermannus
973 2121 1015 2168 ⁴),
1049 2120 1111 2168 qui
1137 2120 1342 2168 Witebcrga
1366 2134 1478 2170 nuper
1502 2122 1617 2161 rediit.

85 2181 136 2218 Te
161 2193 246 2228 rogo
271 2183 313 2217 ut
337 2180 382 2217 ad
405 2180 507 2217 illum
533 2193 593 2229 per
620 2181 835 2219 occasionem
861 2181 1005 2226 scribas,
1031 2195 1115 2218 num
1142 2182 1263 2219 literas
1289 2183 1562 2220 Cantuarienses
1587 2186 1618 2231 ⁵)

86 2255 107 2279 a
132 2255 186 2279 me
210 2242 254 2279 ad
278 2254 315 2279 se
339 2254 400 2290 per
423 2242 599 2290 Aepinum
617 2243 647 2290 6)
674 2245 898 2281 transmissas
922 2244 1107 2292 acceperit,
1133 2249 1170 2281 et
1194 2247 1236 2281 ut
1253 2245 1471 2293 respondeat.
1497 2245 1618 2282 Mittit

86 2303 152 2341 tibi
185 2316 260 2340 mea
291 2302 473 2341 vasculum
506 2303 626 2352 butyri
668 2303 797 2342 laboris
832 2305 887 2341 sui
929 2307 966 2341 et
998 2304 1137 2352 aliquot
1162 2317 1291 2342 caseos.
1341 2305 1430 2342 Boni
1457 2306 1617 2343 consules

88 2365 216 2410 omnia,
241 2364 318 2402 vale
345 2365 507 2414 [Emdae]
534 2366 578 2402 28
604 2365 692 2402 Iulii
716 2367 822 2403 Anno
848 2367 952 2403 1548.

137 2493 162 2532 ¹)
186 2492 300 2523 Petrus
323 2491 536 2524 Medmannus
559 2494 635 2524 tunc
658 2492 816 2524 Electoris
841 2492 910 2525 Col.
934 2493 1104 2525 Consiliar.
1120 2493 1171 2525 Cf.
1186 2492 1293 2531 Bene,
1311 2493 1452 2532 Reform.
1467 2493 1499 2524 d.
1516 2493 1618 2524 Laud.

88 2547 202 2579 Jiiliclc
223 2559 255 2581 u.
282 2547 378 2579 cleve.
404 2547 495 2579 1826.
519 2558 550 2590 p.
572 2548 624 2580 66.
660 2550 687 2588 ²)
712 2548 823 2581 Gerd.:
847 2560 919 2581 non.
963 2550 990 2589 ³)
1014 2549 1170 2591 Indigitat
1192 2549 1251 2591 Ep.
1274 2549 1325 2583 47.
1361 2552 1389 2589 ⁴)
1414 2550 1618 2582 Hermannus

88 2603 107 2635 ὲ.
130 2603 249 2641 Norda,
274 2602 407 2645 bibliop.
436 2601 530 2635 Emd.
572 2604 600 2643 ⁵)
623 2603 762 2636 Litteras
785 2615 828 2636 sc.
858 2604 972 2646 quibus
996 2614 1068 2636 eum
1091 2603 1284 2636 Cranmerus
1308 2615 1370 2636 una
1392 2615 1464 2636 cum
1486 2605 1618 2647 reliquis

89 2658 261 2700 Theologis
285 2662 321 2691 ut
343 2658 505 2691 traiiceret
527 2669 623 2698 marc,
655 2659 782 2692 invitat.
805 2660 856 2693 Cf.
879 2660 938 2702 Ep.
961 2661 1011 2692 49.
1055 2661 1083 2700 ⁶)
1107 2660 1248 2702 Aepinus
1272 2661 1451 2703 Hamburgi
1473 2660 1507 2693 in
1530 2672 1619 2694 sacro

87 2714 165 2746 min.
187 2716 265 2746 erat.
