1830 3147
202 92 276 130 138

202 202 293 242 item
319 207 431 255 atque
457 203 505 241 ad
531 203 828 254 resipiscentiam
856 204 1079 243 revocandis
1107 206 1429 258 contemptoribus
1456 206 1631 245 omnibus
1656 207 1736 258 pri·

172 270 181 278 '
201 271 371 307 vatarum
416 267 735 314 admonitionum,
780 268 812 306 si
857 269 923 320 qui
969 269 1044 307 sint
1080 269 1127 307 ad
1170 270 1259 308 illos
1295 270 1368 309 hoc
1410 270 1563 309 nomine
1609 271 1737 317 delati,

200 333 416 386 priusquam
447 333 494 370 ad
522 334 947 372 excommunicationem
976 335 1226 386 perveniatur.

251 398 394 449 Estque
431 397 521 435 haec
563 398 651 436 talis
689 412 777 437 cura
811 399 1002 436 Ecclesiae
1038 399 1145 438 valde
1181 400 1281 438 utilis
1316 404 1353 438 et
1379 401 1490 451 plane
1516 400 1735 446 necessaria,

199 462 239 501 id
267 462 365 514 quod
394 476 463 500 nos
490 463 611 500 indies
640 464 758 512 magis
786 477 829 501 ac
855 464 974 512 magis
1003 465 1224 516 experimur.
1280 465 1455 503 Continet
1481 465 1581 503 enim
1607 465 1647 503 in
1676 466 1735 503 of-

200 527 287 564 ficio
323 530 358 566 et
397 526 594 566 Ministros
621 528 813 566 Ecclesiae
849 542 978 567 omnes
1015 534 1050 566 et
1077 533 1195 567 totam
1225 530 1389 568 vicissim
1417 530 1638 576 Ecclesiam,
1678 531 1733 568 fa-

200 591 324 642 citque
350 595 390 629 ut
418 605 557 642 magna
584 593 820 631 familiaritas
848 593 945 631 inter
974 593 1172 632 Ministros
1198 599 1234 633 et
1260 594 1469 632 Ecclesiam
1494 599 1613 632 totam
1631 593 1735 631 inea·

198 660 260 695 tur
295 661 332 697 et
357 658 483 696 omnia
511 658 703 697 Ecclesiae
728 659 961 697 incrementa
988 663 1052 696 aut
1081 659 1316 698 decrementa
1342 673 1487 711 semper
1528 659 1577 697 ob
1605 659 1735 697 oculos

201 721 465 760 Ministrorum
492 736 536 760 ac
564 723 763 761 Seniorum
791 723 982 761 Ecclesiae
1008 723 1127 774 ponit.

253 852 384 891 Quid
411 853 573 905 pridie
601 854 787 892 Coenae
814 854 922 892 fiat.

250 984 375 1023 Pridie
411 985 557 1022 Coenae
592 978 821 1022 convocatur
848 984 1016 1022 Ecclesia
1045 984 1090 1022 ad
1121 984 1252 1021 horam
1278 983 1575 1035 pomeridianam
1602 997 1735 1022 secun-

199 1049 284 1087 dam
311 1049 464 1100 illicque
492 1048 625 1086 concio
653 1049 804 1099 publica
832 1062 960 1087 rursus
988 1049 1032 1086 de
1061 1049 1184 1086 Coena
1213 1048 1370 1087 Domini
1397 1049 1569 1087 habetur.
1607 1049 1736 1087 Prius-

199 1127 312 1165 quam
339 1118 463 1152 autem
491 1113 623 1151 concio
651 1113 821 1164 incipiat,
851 1113 1214 1162 con-(19l)veniunt
1244 1127 1314 1151 una
1345 1113 1512 1151 Ministri
1539 1118 1574 1151 et
1604 1113 1735 1151 Senio-

197 1193 257 1218 res
284 1181 437 1229 Jomnes,
471 1183 582 1230 atque
617 1180 715 1216 inter
752 1192 790 1216 se
825 1179 1035 1229 inquirunt,
1072 1192 1160 1216 num
1200 1179 1284 1229 quis
1320 1179 1435 1217 sitin
1463 1178 1642 1225 Ecclesia,
1671 1179 1736 1229 qui

197 1243 334 1281 iustam
370 1243 533 1294 aliquam
570 1243 618 1280 ob
656 1255 805 1280 causam
841 1256 861 1280 a
900 1243 1025 1280 Coena
1064 1243 1219 1280 Domini
1254 1244 1405 1294 publice
1437 1244 1555 1281 arceri
1592 1244 1739 1290 debeat,

197 1307 275 1345 sive
313 1320 510 1358 suppresso
547 1307 682 1352 adhuc,
711 1306 787 1344 sive
814 1307 926 1345 etiam
954 1306 1081 1344 addito
1108 1307 1210 1345 illius
1238 1308 1402 1353 nomine,
1428 1321 1496 1359 pro
1523 1321 1565 1346 eo
1593 1322 1638 1346 ac
1665 1309 1734 1345 ob-

198 1373 334 1410 servati
372 1376 480 1410 antea
519 1372 818 1410 admonitionum
847 1372 987 1421 gradus
1014 1374 1205 1423 postulare
1235 1372 1420 1411 videntur.
1474 1373 1537 1411 Fit
1565 1374 1665 1411 enim
1692 1378 1735 1411 ut

197 1449 219 1473 a
258 1436 382 1474 Coena
418 1440 627 1482 arceantur,
663 1450 820 1487 quorum
849 1437 993 1485 flagitia
1021 1437 1210 1475 Ministris
1239 1437 1419 1475 duntaxat
1446 1451 1489 1475 ac
1518 1438 1736 1476 Senioribus

197 1500 389 1539 Ecclesiae
427 1501 578 1550 cognita
621 1502 708 1547 sint,
746 1502 799 1539 sic
835 1506 876 1539 ut
909 1502 1050 1551 flagitia
1088 1502 1236 1553 quidem
1281 1503 1431 1539 illorum
1458 1502 1650 1541 Ecclesiae
1675 1503 1735 1540 in-

197 1565 315 1603 dicari
342 1579 628 1617 nonnumquam
658 1571 842 1617 oporteat,
879 1580 1077 1617 suppresso
1115 1572 1240 1605 tamen
1267 1567 1390 1622 adhu‘c
1417 1581 1546 1605 eorum
1575 1569 1738 1613 nomine,

196 1630 229 1667 si
273 1630 463 1681 quomodo
511 1631 620 1675 forte,
664 1631 807 1680 flagitio
846 1631 996 1682 quidem
1033 1632 1213 1676 indicato,
1249 1633 1401 1671 nomine
1433 1638 1556 1670 autem
1592 1634 1733 1671 autoris

196 1708 412 1746 suppresso,
446 1696 494 1734 ad
530 1696 829 1747 resipiscentiam
864 1697 896 1734 is
933 1696 1062 1734 reduci
1088 1699 1220 1748 possit,
1247 1699 1465 1749 priusquam
1491 1712 1629 1737 nomen
1657 1699 1736 1738 eius

193 1760 424 1799 traducatur.

248 1824 397 1863 Quodsi
434 1825 499 1876 qui
526 1826 619 1863 tales
647 1825 735 1869 sint,
771 1826 836 1876 qui
872 1839 890 1863 a
931 1826 1055 1863 Coena
1084 1825 1250 1872 Domini,
1281 1830 1320 1864 ut
1349 1830 1404 1865 est
1434 1827 1588 1873 dictum,
1615 1829 1735 1866 arceri

195 1889 368 1932 debeant.
404 1890 620 1927 indicantur
658 1890 834 1928 Ministro
872 1891 940 1936 illi,
985 1891 1047 1940 qui
1083 1895 1138 1928 est
1184 1892 1402 1929 concionem
1451 1892 1659 1939 habiturus,
1697 1899 1737 1931 ut

196 1955 306 1992 huius
342 1955 588 1993 admoneatur
622 1956 803 2001 Ecclesia,
841 1955 918 1993 sive
960 1956 1100 2005 flagitia
1140 1957 1218 1994 sola
1256 1957 1335 1994 sine
1370 1962 1542 1995 autorum
1570 1958 1735 2003 nomine,

195 2021 273 2058 sive
300 2020 413 2057 etiam
440 2020 569 2058 addito
598 2020 750 2058 nomine
780 2020 940 2057 debeant
967 2020 1140 2058 indicari.

244 2084 292 2122 In
329 2085 411 2136 ipsa
448 2098 534 2123 vero
571 2085 744 2136 pridiana
781 2089 867 2122 ante
910 2085 1055 2122 Cocuae
1091 2098 1199 2122 usum
1241 2086 1421 2124 concione
1449 2087 1664 2125 summatim
1692 2101 1733 2125 ea

189 2153 421 2200 repetuntur,
455 2163 550 2200 quae
584 2149 865 2200 quartodecimo
903 2155 1011 2187 antea
1042 2150 1099 2187 die
1137 2150 1236 2187 dicta
1265 2152 1412 2188 fuerant
1450 2151 1548 2189 circa
1574 2152 1730 2202 primam

194 2214 341 2251 Coenae
382 2213 704 2252 administrandae
743 2214 1087 2259 denunciationem,
1125 2214 1170 2252 de
1203 2216 1323 2253 nostri
1360 2216 1533 2254 videlicet
1569 2230 1653 2254 vera
1689 2230 1732 2254 ac

194 2279 484 2327 sa-(192)lutari
512 2279 784 2330 exploratione.
813 2279 864 2316 Et
891 2280 1112 2326 ostenditur,
1140 2280 1204 2317 illa
1232 2281 1359 2318 omnia
1386 2281 1496 2318 nobis
1522 2281 1603 2332 ipsa
1621 2281 1731 2318 etiam

195 2344 341 2382 Coenae
369 2344 518 2382 actione
547 2347 798 2394 συμβολικῶς
829 2344 1030 2393 designari,
1058 2344 1105 2382 ad
1133 2345 1234 2383 hunc
1260 2345 1426 2384 modum.

246 2473 594 2519 Argumentum
623 2472 885 2523 pridianae
913 2477 1024 2509 ante
1053 2473 1244 2510 Coenae
1275 2473 1563 2510 Dominicae
1599 2486 1729 2511 usum

191 2536 527 2587 publicaeque
553 2536 929 2575 admonitionis.

244 2664 413 2702 Primum
449 2668 623 2703 monetur
658 2669 738 2703 tota
775 2665 959 2710 Ecclesia,
994 2670 1037 2703 ut
1073 2679 1111 2704 se
1146 2667 1304 2716 quisque
1340 2665 1537 2713 diligenter
1563 2678 1606 2703 ac
1634 2666 1729 2704 serio

193 2729 373 2780 exploret,
409 2743 499 2766 num
536 2730 575 2766 in
605 2730 714 2767 corde
741 2743 808 2767 suo
836 2743 921 2768 vere
947 2733 983 2767 ct
1011 2731 1092 2768 sine
1117 2731 1193 2767 ulla
1223 2721 1418 2780 hypocrisi
1440 2733 1581 2767 statuat
1596 2729 1731 2775 Deum,

194 2794 398 2833 Dominum
437 2797 608 2832 nostrum
644 2807 735 2840 esse,
761 2794 827 2845 qui
853 2794 948 2843 legis
976 2807 1062 2832 suae
1088 2795 1238 2846 plenam
1265 2797 1374 2844 atque
1402 2794 1612 2831 absolutam
1640 2794 1730 2833 obe-

194 2859 374 2898 dientiam
403 2858 557 2897 omnino
583 2858 758 2910 requirat,
796 2862 833 2897 et
859 2871 939 2896 esse
974 2858 1112 2909 pariter
1144 2857 1391 2897 iustissimum
1419 2858 1531 2895 ctiam
1556 2857 1730 2904 iudicem,
