1830 3147
199 140 264 187 [A.
287 140 337 176 D.
362 140 474 187 1543]
933 141 1003 175 564

196 249 385 284 stianorum
417 247 588 284 duntaxat
620 246 811 283 infantibus
846 247 1067 294 quaerebam,
1097 247 1157 295 qui
1188 247 1232 282 ad
1265 248 1398 285 Turcas
1432 250 1494 283 aut
1529 248 1677 295 Scythas
1702 249 1737 285 in

199 312 399 356 perpetuam
435 307 550 344 abacti
584 308 787 343 servitutem
822 308 913 343 inter
949 307 1029 343 illos
1056 308 1192 343 interim
1226 308 1261 344 in
1286 308 1449 355 coniugio
1475 312 1653 344 versantes
1679 322 1737 357 ge-

198 372 334 412 nerant,
366 373 401 404 et
426 371 543 404 tamen
568 367 702 403 nullum
729 367 853 403 habere
879 367 1068 414 legitimum
1096 372 1242 414 possunt
1266 380 1378 416 neque
1412 368 1590 414 publicum
1625 381 1736 416 neque

197 431 368 477 privatum
400 429 629 465 ministerium
663 428 759 465 verbi
784 432 848 464 aut
872 432 1179 464 sacramentorum.
1230 429 1414 465 Addebam
1440 432 1475 465 et
1499 441 1557 464 eos
1583 430 1643 477 qui
1669 429 1735 464 sub

197 492 312 538 Papae
346 490 530 538 tyrannide
555 490 750 531 constituti,
775 491 811 525 in
837 489 900 525 hac
922 490 989 525 iam
1016 489 1216 536 praesertim
1242 490 1424 537 Evangelii
1451 489 1541 532 luce,
1567 503 1637 525 non
1663 502 1736 526 am-

197 553 288 599 plius
321 552 386 588 sibi
418 563 496 587 cum
522 551 655 587 Christi
679 551 884 587 adversariis
910 555 1051 598 propter
1075 551 1283 587 offendicula
1309 552 1635 588 communicandum
1659 563 1737 587 esse

198 616 335 660 putant.
383 613 521 648 Horum
555 624 658 660 porro
691 612 843 648 omnium
878 612 1070 648 infantibus
1103 613 1132 648 si
1166 612 1314 648 salutem
1352 612 1550 654 tribuimus,
1579 613 1735 658 profecto

194 686 305 722 neque
338 687 358 710 a
391 675 531 710 Christo
563 675 642 710 illos
677 675 791 718 (extra
823 686 924 721 quem
960 673 1056 709 nulla
1092 677 1148 709 est
1179 675 1290 718 salus)
1326 686 1439 722 neque
1473 674 1554 710 item
1591 675 1634 709 ab
1659 675 1733 709 eius

194 735 352 772 Ecclesia
376 736 559 772 excludere
585 747 782 782 possumus,
809 734 945 770 etiamsi
966 746 1034 770 non
1060 733 1291 780 baptizentur.
1334 734 1382 769 Et
1408 734 1551 781 proinde
1575 746 1639 770 nos
1664 746 1734 770 non

196 803 264 834 tam
301 798 406 833 inseri
431 797 567 844 proprie
593 796 771 832 Ecclesiae
798 807 857 842 per
885 796 1118 842 Baptismum‚
1142 808 1243 843 quam
1270 795 1468 832 insitionem
1494 799 1647 832 nostram
1673 808 1733 842 po-

196 859 279 900 tins,
316 858 542 905 promissione
572 857 616 892 ad
646 868 709 892 nos
741 856 905 898 delatam,
938 856 1047 892 veluti
1085 868 1146 902 per
1178 856 1330 903 sigillum
1355 855 1528 903 quoddam
1562 857 1597 892 in
1622 856 1689 892 hoc
1713 869 1733 892 a.

194 919 331 954 Christo
365 919 514 954 Domino
546 918 746 953 institutum
785 917 968 964 obsignari.
1017 917 1115 952 Haec
1152 921 1227 951 erat
1269 915 1444 963 Epistolae
1470 928 1564 952 meae
1589 929 1735 958 summa,

193 980 285 1027 quod
317 980 455 1026 quidem
488 978 532 1014 ad
565 979 715 1015 infantes
749 981 786 1013 ct
809 979 1028 1024 Baptismum
1053 978 1193 1013 attinet.
1241 977 1366 1024 Neque
1393 980 1478 1024 puto
1504 982 1539 1013 te
1564 977 1735 1024 improba·

196 1046 313 1076 turum
347 1041 453 1076 fuisse
486 1052 526 1076 ea
559 1051 647 1087 qnae
672 1041 714 1074 ad
740 1037 1011 1074 confirmandam
1037 1037 1125 1074 hanc
1151 1050 1259 1072 meam
1286 1038 1494 1074 sententiam
1520 1038 1733 1080 adferebam,

194 1102 262 1137 nisi
286 1113 322 1136 se
346 1101 410 1136 tibi
436 1104 507 1136 tum
536 1111 654 1147 parum
682 1099 763 1134 mibi
785 1110 916 1145 aequus
942 1098 1111 1145 interpres
1135 1098 1194 1134 ille
1219 1097 1442 1133 obtrusisset.

241 1163 318 1210 Ego
352 1163 456 1203 enim,
493 1163 539 1198 mi
575 1161 753 1208 Philippei
780 1173 850 1196 non
875 1160 953 1196 ideo
978 1161 1077 1195 elevo
1103 1160 1274 1207 Baptismi
1298 1172 1398 1196 usum
1425 1163 1487 1195 aut
1511 1159 1732 1206 dignitatem,

192 1225 284 1273 qnod
309 1226 429 1267 doceo,
453 1225 513 1260 illo
538 1237 608 1259 non
633 1226 704 1259 tam
730 1223 865 1270 proprie
890 1235 952 1258 nos
977 1223 1083 1258 inseri
1107 1223 1142 1258 in
1169 1222 1360 1258 Ecclesiam
1386 1222 1528 1263 Christi,
1553 1233 1655 1268 quam
1677 1221 1737 1256 in·

190 1287 350 1322 sitionem
384 1291 537 1322 nostram
574 1285 690 1332 potius
725 1284 949 1330 promissione
982 1283 1027 1319 ad
1060 1296 1123 1319 nos
1154 1283 1304 1319 delatam
1339 1283 1522 1330 obsignari,
1563 1281 1624 1317 sed
1657 1293 1735 1328 pro-

195 1349 307 1394 prium
342 1347 505 1394 baptismi
538 1348 640 1382 finem
676 1345 803 1385 indico,
829 1345 976 1380 eundem
1010 1356 1092 1380 sane
1118 1357 1220 1393 quem
1246 1344 1379 1380 Paulus
1404 1343 1529 1379 tribuit
1553 1343 1736 1379 circumci—

194 1406 294 1447 sioni,
329 1407 409 1442 dum
443 1406 538 1441 illam
572 1409 710 1441 nostrae
743 1403 993 1450 acceptationis
1028 1402 1233 1450 σφρκγῖέει
1269 1416 1344 1439 esse
1379 1404 1491 1439 docet.
1539 1403 1732 1438 Promissio

194 1468 285 1502 enim
316 1479 380 1502 nos
414 1472 526 1503 certos
552 1466 678 1506 reddit,
705 1465 818 1500 Deum
845 1477 920 1501 esse
946 1468 1100 1500 nostrum
1128 1469 1163 1500 et
1187 1465 1326 1500 seminis
1363 1465 1472 1500 nostri
1497 1465 1622 1504 Deum,
1656 1475 1736 1498 nos-

195 1541 261 1575 que
294 1528 448 1563 vicissim
482 1540 551 1562 una
584 1539 660 1563 cum
687 1531 808 1561 nostro
834 1527 962 1561 semine
988 1526 1024 1560 in
1049 1525 1174 1561 lumbis
1200 1527 1328 1560 nostris
1355 1525 1489 1561 incluso
1515 1537 1587 1560 esse
1624 1536 1734 1571 popu·

196 1590 264 1625 lum
300 1590 383 1629 Dei,
415 1593 519 1636 atque
555 1590 673 1624 eadem
707 1587 807 1622 nobis
840 1587 993 1634 applicat
1027 1587 1131 1622 etiam
1156 1587 1222 1622 Dei
1249 1599 1329 1630 erga
1354 1599 1416 1622 nos
1441 1586 1732 1627 benevolentiam,

195 1650 275 1685 dum
302 1649 459 1685 audimus
488 1664 504 1680 υ
517 1652 553 1684 et
580 1650 674 1684 Deus
702 1651 779 1683 taus
803 1653 838 1683 et
864 1647 960 1682 Deus
987 1648 1127 1682 seminis
1153 1649 1240 1682 laist
1277 1648 1477 1693 Baptismus
1501 1651 1615 1683 autem
1642 1647 1736 1683 illam

193 1715 228 1746 et
254 1711 288 1746 in
313 1711 412 1746 nobis
433 1714 468 1745 et
492 1710 527 1745 in
552 1710 682 1745 semine
708 1712 827 1744 nostro
853 1708 1014 1754 obsignat
1039 1720 1082 1743 ex
1109 1708 1239 1744 Christi
1264 1709 1499 1751 institutione,
1525 1718 1613 1755 quae
1638 1719 1738 1749 sane,

194 1772 261 1808 nisi
294 1772 434 1808 Christo
470 1771 620 1806 Domino
646 1769 746 1805 simul
774 1773 986 1816 contempto,
1012 1770 1188 1805 contemni
1213 1770 1309 1805 nulla
1334 1770 1467 1805 ratione
1492 1774 1619 1816 potest.
1674 1769 1734 1805 Di-

199 1835 315 1870 cebam
349 1837 478 1875 tamen,
518 1832 599 1868 mihi
631 1843 700 1866 non
735 1830 919 1877 improbari
945 1843 1022 1866 eum
1048 1830 1184 1866 dicendi
1212 1831 1365 1873 modum,
1392 1834 1433 1865 ut
1466 1831 1647 1871 fateamur,
1671 1842 1734 1865 nos

194 1908 255 1944 per
288 1895 505 1943 Baptismum
540 1894 644 1929 inseri
677 1893 857 1928 Ecclesiae
882 1892 1012 1927 Christi
1037 1897 1140 1939 atque
1176 1904 1235 1938 per
1271 1891 1418 1927 eundem
1446 1891 1544 1927 nobis
1569 1891 1736 1938 applicari

198 1956 471 2004 promissionem,
505 1954 672 2001 siquidem
704 1954 746 1988 de
783 1952 912 1988 visibili
944 1952 1108 1988 insitione
1134 1956 1168 1987 et
1193 1952 1426 1999 applicatione
1451 1952 1548 1988 iuxta
1574 1955 1732 1986 naturam

197 2018 409 2054 Sacramenti
440 2016 688 2062 intelligamus,
730 2017 767 2049 ut
793 2014 993 2060 Baptismus
1021 2014 1079 2055 sit,
1105 2012 1394 2061 quemadmodum
1424 2017 1459 2047 et
1484 2012 1565 2048 olim
1591 2012 1736 2048 circum·

197 2079 281 2114 cisio
314 2080 399 2118 erat,
434 2076 692 2112 benevolentiae
724 2086 764 2110 ac
798 2074 1031 2121 promissionis
1065 2074 1214 2110 Divinae
1241 2074 1374 2109 visibile
1400 2074 1650 2115 testimonium,
1674 2084 1734 2108 seu

205 2135 390 2183 σφραγίς.

246 2197 299 2232 Dc
324 2195 548 2231 Ethnicorum
575 2194 764 2229 infantibus
790 2205 861 2228 rem
887 2192 951 2228 tibi
978 2204 1037 2239 per
1062 2192 1245 2227 Albertum
1274 2194 1432 2228 nostrum
1455 2202 1644 2238 proponere
1659 2189 1736 2226 ideo

197 2256 304 2298 volui,
329 2260 367 2291 ut
392 2255 474 2303 qnid
501 2259 538 2290 tu
563 2255 618 2290 bic
642 2254 772 2290 sentias
797 2253 884 2289 scire
909 2265 1058 2300 possem,
1083 2265 1124 2289 ae
1165 2266 1206 2288 ex
1240 2257 1300 2288 tua
1333 2254 1506 2289 sententia
1541 2251 1733 2288 doctrinam

198 2330 305 2353 meam
332 2317 467 2353 demum
494 2316 698 2351 moderarer.
749 2315 854 2350 Nunc
879 2315 945 2349 etsi
970 2314 1061 2349 idem
1088 2326 1221 2349 mecum
1248 2315 1315 2349 iam
1341 2315 1542 2360 cogitaram,
1576 2316 1650 2348 tum
1677 2323 1737 2359 per
1766 2333 1769 2335 -

198 2383 233 2414 te
257 2378 361 2414 etiam
387 2377 583 2413 admonitus
609 2376 694 2411 nihil
721 2376 821 2411 huius
849 2375 996 2422 amplius
1020 2375 1165 2415 docebo,
1194 2375 1393 2422 praesertim
1420 2387 1498 2410 cum
1525 2378 1561 2409 tu
1591 2376 1737 2413 statuas,

198 2451 273 2474 eam
298 2438 487 2475 doctrinam
515 2437 578 2473 hoc
604 2437 820 2484 potissimum
847 2439 1002 2483 tempore
1028 2448 1095 2471 non
1120 2436 1170 2471 ita
1195 2436 1343 2471 multum
1369 2436 1482 2471 facere
1500 2433 1543 2470 ad
1557 2433 1736 2470 Ecclesiae

202 2500 490 2539 aedificationem,
517 2498 654 2534 etiamsi
679 2509 758 2532 vera
783 2500 887 2532 esset.
921 2496 1025 2533 Absit
1050 2499 1166 2532 autem
1193 2496 1258 2532 hoc
1283 2509 1303 2532 a
1328 2508 1395 2537 me,
1422 2496 1469 2531 mi
1493 2494 1672 2540 Philippe!
1699 2497 1739 2528 ut

204 2571 268 2604 ego
301 2559 383 2594 novi
406 2558 552 2594 alicuius
577 2557 749 2603 dogmatis
775 2561 877 2592 autor
902 2568 975 2591 esse
1000 2556 1118 2597 velim,
1143 2556 1235 2603 quod
1261 2555 1462 2602 praesertim
1487 2565 1580 2590 nunc
1606 2557 1738 2600 pertur—

204 2619 262 2655 bet
295 2618 536 2666 quoquomodo
561 2617 793 2654 Ecclesiarum
820 2616 1052 2656 concordiam,
1079 2619 1139 2651 aut
1165 2616 1238 2651 sola
1264 2616 1411 2651 humana
1438 2613 1660 2659 Philosophia
1684 2614 1738 2649 ni-

201 2683 310 2716 tatur.
362 2682 527 2726 Agnosco
563 2691 672 2714 meam
709 2679 783 2725 ipse
818 2678 1020 2714 caecitatem
1056 2677 1148 2725 quod
1174 2677 1216 2712 ad
1243 2678 1385 2712 rationis
1411 2675 1576 2711 iudicium
1602 2675 1742 2717 attinet,

204 2744 239 2775 et
271 2740 443 2776 ineffabile
480 2739 567 2775 illud
606 2740 673 2775 Dei
708 2738 841 2785 Optimi
881 2737 1026 2774 Maximi
1062 2750 1142 2784 erga
1176 2736 1362 2772 humanum
1387 2747 1497 2782 genus
1523 2733 1741 2775 beneficium,

205 2814 274 2848 qno
307 2813 343 2836 se
377 2801 475 2836 nobis
509 2800 617 2836 Verbi
642 2801 696 2835 sui
726 2799 841 2835 Divini
867 2798 1068 2833 testimonio
1095 2798 1272 2844 patefecit,
1297 2796 1386 2832 tanti
1412 2806 1474 2842 pro
1500 2807 1573 2829 mea
1598 2795 1743 2830 infirmi-

203 2866 275 2898 tate
299 2861 391 2908 apud
417 2873 470 2895 me
497 2860 595 2902 facio,
622 2864 662 2895 ut
687 2860 736 2895 illi
762 2859 828 2895 soli
855 2858 963 2894 modis
998 2857 1159 2893 omnibus
1193 2861 1228 2895 et
1255 2856 1336 2892 mihi
1360 2859 1397 2891 et
1421 2855 1497 2890 aliis
1513 2854 1740 2890 insistendum

205 2928 336 2974 putem,
363 2922 490 2958 Fateor
512 2922 610 2961 item,
638 2933 756 2956 omnes
782 2920 840 2966 qui
867 2918 1033 2954 traditum
1058 2918 1101 2952 ab
1126 2919 1187 2953 illo
1211 2923 1247 2953 et
1271 2916 1366 2952 verbi
1391 2919 1427 2950 et
1445 2918 1741 2952 sacramentorum
