1830 3147
67 251 190 284 Gala...-

64 294 158 326 Rom.
181 293 211 327 7.

61 336 152 368 Ioan.
175 336 206 368 1.

63 379 81 410 1
106 379 196 411 Ioan.
219 378 270 411 11.

66 421 173 452 Iacob.
196 422 225 452 4.

64 463 141 494 Luc.
164 463 215 494 22.

65 506 81 536 1
108 506 177 537 Pet.
202 506 230 537 5.

63 548 143 579 Mat.
166 548 196 579 4.

65 590 177 620 Roma.
202 589 231 623 7.

64 631 128 663 Tit.
152 632 182 663 3.

63 673 170 705 Iacob.
195 673 224 706 1.

67 717 81 746 l
110 717 176 748 Pet.
205 717 229 748 l.

62 1269 152 1302 Luc..
178 1270 232 1303 IX.

62 1797 78 1829 1
104 1798 186 1830 Tim.
210 1798 239 1830 6.

60 1840 79 1871 2
102 1840 186 1872 Tim.
209 1841 237 1873 2.

60 1882 77 1913 I
100 1883 183 1914 Tim.
207 1882 268 1916 ΙΙΙ.

59 1925 191 1966 Ephesi.
212 1926 242 1958 4.

59 1966 136 2000 Luc.
162 1968 190 2001 1.

63 2382 158 2424 Esay.
182 2383 231 2416 64.

62 2425 181 2457 Psalm.

63 2467 149 2500 Psal.
173 2467 223 2506 14,

61 2509 139 2541 Luc.
164 2509 213 2541 10.

62 2551 152 2584 Ioan.
175 2551 222 2583 15.

64 2594 183 2625 Hebre.
208 2593 258 2624 13.

63 2636 165 2677 Ephe.
188 2635 217 2673 2,
241 2635 270 2668 3.

64 2678 140 2708 Luc.
164 2678 220 2709 VI.

62 2720 165 2751 Math.
191 2721 217 2756 5,
242 2720 270 2750 6.

350 121 424 158 452
832 126 1006 156 ciirncfl.
1036 127 1145 157 noct.
1175 127 1292 158 tono.

1000 231 1114 283 Resp.

407 297 493 335 Hoc
532 301 609 335 est:
645 297 759 335 Pater·
792 295 984 334 coelestis!
1020 310 1137 347 quum
1174 309 1261 334 caro
1298 300 1440 343 nostra,
1465 295 1628 334 mundus
1654 298 1767 347 atque

355 362 498 400 Sathan
539 362 639 400 ultro
668 375 806 400 nomen
835 366 940 399 tuum
970 360 1155 399 offendere
1182 366 1415 412 regnumque
1440 364 1548 399 tuum
1574 360 1766 400 devastare

355 432 546 480 cuperent,
582 428 658 465 tale
693 425 783 478 quid
821 439 1043 464 averrunces
1079 439 1304 476 quaesumus
1342 439 1376 472 0,
1411 425 1538 464 Pater!
1575 429 1611 464 et
1641 425 1698 469 da,
1726 429 1766 463 ut

353 506 483 530 omnes
512 491 683 530 homines
710 492 751 528 in
780 504 847 528 sua
874 490 1032 541 quisque
1060 490 1255 528 vocatione
1284 495 1319 528 et
1345 490 1558 528 ministerio
1585 493 1672 528 tuae
1700 503 1766 528 vo-

352 557 490 596 luntati
517 560 630 608 (quae
652 555 732 594 sola
760 559 889 593 sancta
917 558 1032 606 atque
1060 555 1160 593 bona
1188 557 1261 603 est)
1289 555 1560 606 obtemperent,
1589 555 1658 593 tibi
1685 555 1766 606 pla-

352 635 434 660 cere
471 621 660 664 studeant,
688 620 727 656 in
756 624 792 657 te
820 619 963 656 sincere
992 618 1158 664 credant,
1185 623 1221 657 et
1250 619 1458 670 composito
1487 619 1616 656 animo
1643 618 1766 656 ferant

350 685 530 737 quicquid
559 687 689 722 sancta
718 687 781 720 tua
810 683 985 720 voluntas
1013 681 1050 719 in
1080 695 1209 720 eorum
1239 683 1394 721 salutem
1423 682 1469 720 iis
1497 682 1680 733 imponat.

935 747 1074 786 Interr.
1104 750 1190 786 206.

400 814 530 853 Quare
558 812 684 851 addis:
713 811 753 849 in
780 810 891 849 terris
920 810 1017 848 sicut
1043 810 1085 848 in
1114 811 1245 849 coelo?

998 875 1112 926 Resp.

398 944 447 982 In
486 942 589 981 coelo
627 941 692 993 qui
729 940 799 979 Dei
828 941 933 988 (7512)
959 939 1146 977 voluntati
1172 939 1336 985 resistat,
1364 940 1504 978 frustra
1532 951 1688 990 quaeras
1714 960 1766 968 —

349 1009 410 1047 hic
436 1009 477 1046 in
503 1012 602 1046 terra
628 1010 752 1044 autem
782 1005 836 1043 sic
864 1018 940 1042 non
969 1009 1038 1043 est.
1067 1004 1217 1042 Idcirco
1238 1003 1359 1042 Deum
1380 1007 1552 1042 nostrum
1572 1017 1765 1055 precamur

346 1077 388 1111 ut
433 1086 453 1110 e
488 1071 611 1110 medio
647 1070 770 1116 tollat,
806 1068 984 1120 quicquid
1022 1068 1204 1106 renitatur
1240 1068 1428 1106 voluntati
1464 1067 1542 1106 eius
1578 1066 1765 1118 nobisque

347 1138 522 1175 omnibus
550 1135 733 1184 largiatur
759 1134 865 1172 iuxta
894 1133 1059 1170 divinam
1090 1146 1196 1170 suam
1225 1133 1457 1170 voluntatem
1478 1145 1559 1170 cum
1582 1132 1687 1169 omni
1705 1132 1762 1169 hi-

346 1202 497 1240 laritate
524 1205 637 1252 atque
664 1199 807 1237 laetitia
836 1212 906 1236 nos
935 1197 1059 1235 vivere
1086 1198 1124 1235 in
1153 1197 1277 1244 terris,
1305 1198 1402 1236 sicut
1429 1198 1472 1235 fit
1498 1197 1537 1235 in
1568 1197 1694 1243 coelis,
1720 1199 1763 1235 ut

347 1267 400 1305 sic
429 1266 588 1317 denique
615 1263 754 1308 omnia,
782 1277 857 1301 non
888 1262 934 1300 ad
965 1268 1133 1300 nostrum
1163 1262 1450 1313 beneplacitum,
1478 1261 1540 1300 sed
1573 1261 1686 1299 veluti
1714 1262 1761 1299 ab

346 1344 390 1370 eo
419 1331 531 1369 nobis
559 1330 599 1368 in
628 1329 784 1367 salutem
812 1327 985 1365 ordinata
1013 1330 1171 1377 pergant
1199 1331 1310 1378 atque
1336 1328 1442 1366 fiant.

927 1391 1066 1429 Interr.
1097 1392 1183 1431 207.

398 1458 503 1498 Quid
538 1462 606 1503 est,
641 1456 741 1508 quod
779 1468 994 1507 precamur:
1029 1455 1168 1493 Panem
1205 1458 1378 1492 nostrum
1415 1453 1677 1505 quotidianum
1716 1453 1761 1491 da

345 1526 457 1566 nobis
484 1524 624 1563 hodie?

991 1586 1106 1637 Resp.

397 1655 484 1693 Hoc
512 1658 590 1692 est:
618 1651 780 1690 Oramus
809 1655 857 1697 te,
885 1663 905 1687 o
935 1651 1043 1688 Pater
1073 1649 1262 1687 coelestis!
1292 1647 1454 1698 benigne
1483 1649 1620 1698 largire
1649 1648 1760 1687 nobis

346 1720 514 1772 corporis
550 1717 673 1756 nostri
707 1716 938 1761 alimoniam,
975 1727 1099 1752 escam
1133 1719 1245 1765 atque
1283 1714 1471 1760 vestitum,
1508 1713 1611 1764 pium
1639 1714 1760 1763 magi-

346 1789 518 1829 stratum,
552 1795 693 1834 pacem,
730 1779 995 1823 valetudinem,
1033 1783 1073 1816 ut
1109 1783 1145 1816 et
1173 1791 1321 1816 omnem
1349 1777 1447 1815 vitae
1475 1782 1625 1815 nostrae
1655 1779 1760 1826 (76³)

343 1848 595 1899 indigentiam
632 1846 679 1883 ad
717 1845 878 1895 gloriam
916 1843 1035 1881 divini
1071 1842 1127 1880 tui
1154 1842 1339 1880 nominis:
1369 1841 1416 1879 da
1445 1847 1484 1880 ut
1512 1841 1621 1879 donis
1659 1841 1761 1880 hisce

344 1915 419 1953 tuis
456 1916 565 1962 grato
595 1911 723 1949 animo
761 1910 943 1953 fruamur,
969 1920 1148 1959 pauperes
1176 1911 1287 1958 atque
1315 1919 1453 1956 egenos
1480 1906 1686 1945 liberaliter
1714 1906 1760 1945 iis

348 1982 601 2016 sustentemus
641 1974 808 2024 adeoque
836 1971 953 2023 probe
981 1984 1025 2009 ac
1054 1971 1208 2009 honeste
1244 1971 1349 2009 iuxta
1385 1974 1488 2008 tuam
1528 1971 1759 2009 voluntatem

343 2042 390 2080 iis
417 2046 579 2080 utamur.

923 2100 1062 2139 Interr.
1093 2102 1181 2138 208.

398 2170 503 2210 Quid
534 2169 607 2208 hoe
634 2171 709 2207 est:
750 2166 913 2205 Remitte
941 2165 1052 2203 nobis
1080 2164 1207 2203 debita
1235 2170 1376 2209 nostra,
1404 2163 1502 2202 sicut
1531 2176 1600 2202 nos
1628 2164 1759 2202 remit-

345 2237 459 2276 timus
486 2233 723 2273 debitoribus
752 2230 920 2269 nostris?

991 2294 1105 2345 Resp.
1278 2336 1281 2338 ,

398 2363 487 2403 Hoc
514 2368 588 2402 est:
619 2362 652 2400 O
682 2362 792 2400 Pater
820 2359 1007 2398 coelestis!
1037 2371 1152 2410 quum
1181 2371 1311 2395 omnes
1340 2357 1507 2395 actiones
1527 2360 1676 2395 nostrae
1695 2369 1759 2393 co-

348 2442 429 2467 ram
466 2428 562 2466 facie
597 2431 662 2464 tua
702 2424 797 2463 nihil
826 2424 902 2461 sint
929 2423 1003 2461 nisi
1030 2436 1129 2460 mere
1167 2426 1361 2473 peccatum
1399 2421 1597 2472 debitaque
1631 2424 1759 2458 nostra

348 2494 389 2532 in
424 2493 502 2531 dies
539 2491 682 2530 maiora
718 2491 810 2527 fiant
850 2500 1078 2538 numeroque
1114 2487 1385 2536 adaugeantur,
1421 2486 1500 2524 noli
1534 2498 1759 2536 quaesumus

351 2557 574 2595 descendere
601 2554 799 2594 nobiscum
831 2553 869 2590 in
897 2551 1089 2596 iudicium,
1119 2551 1181 2589 sed
1209 2564 1274 2601 per
1303 2550 1494 2588 Christum
1513 2549 1633 2587 filium
1651 2553 1760 2587 tuum

349 2623 478 2660 confer
514 2621 554 2659 in
590 2633 673 2665 nos,
698 2617 827 2656 miseri
855 2617 942 2654 dum
972 2630 1100 2654 sumus
1129 2620 1355 2667 peccatores,
1382 2614 1542 2664 gratiam
1570 2620 1674 2652 tuam
1703 2618 1760 2652 at-

348 2700 418 2737 que
446 2684 758 2727 misericordiam,
784 2681 1102 2733 quemadmodum
1132 2680 1205 2731 ipsi
1231 2679 1394 2731 libenter
1423 2678 1525 2727 (76¹³)
1550 2678 1607 2716 tui
1635 2678 1759 2716 nomi-

346 2751 405 2788 nis
434 2763 541 2787 causa
570 2762 614 2787 ex
641 2747 757 2786 animi
786 2745 971 2784 sententia
1000 2744 1224 2783 remittimus
1251 2749 1287 2782 et
1317 2744 1408 2781 bene
1437 2743 1606 2793 cupimus
1634 2743 1758 2780 omni-

347 2814 429 2860 bus,
457 2814 520 2865 qui
549 2826 617 2850 nos
644 2810 879 2849 offenderint.
