1830 3147
810 47 878 87 709
1333 43 1393 91 [A.
1419 43 1464 79 D.
1491 39 1600 87 1555]

64 162 226 198 Alberte!
261 159 356 209 quod
389 160 425 196 et
458 158 591 206 patriae
623 169 718 194 meae
743 157 785 193 de
811 157 934 193 exorta
957 155 1031 192 illic
1056 154 1240 202 Evangelii
1264 153 1343 190 luce
1376 157 1413 190 et
1437 152 1521 189 mihi
1545 152 1590 189 de

65 236 139 260 mea
169 222 255 260 illuc
288 221 472 258 vocatione
503 219 731 267 gratulemini
757 220 798 266 ¹).
847 218 914 254 Est
947 230 1029 254 sane
1062 216 1173 254 modis
1208 215 1369 253 omnibus
1393 214 1588 251 laudandus

65 286 173 329 Deus,
207 284 269 332 qui
307 295 344 320 re
377 283 452 330 ipsa
477 281 641 325 declarat,
668 293 705 317 se
730 281 875 316 sathana
900 282 936 317 et
961 280 1056 316 omni
1080 279 1190 326 ipsius
1216 277 1385 314 satellitio
1411 278 1587 326 potentio-

63 357 136 382 rem
162 357 247 381 esse.
298 344 426 392 Neque
452 354 535 378 vero
562 341 676 378 solum
702 342 738 377 in
764 354 839 378 mea
862 341 977 390 patria
1001 342 1168 388 procurat
1193 339 1292 376 nobis
1319 339 1453 375 miseris
1479 339 1589 375 Swer-

64 407 168 443 meris
194 407 224 454 ²)
250 406 452 454 hospitium,
494 404 546 440 illi
572 404 620 440 sit
644 403 773 451 gloria!
817 403 877 440 sed
911 403 1016 439 etiam
1041 402 1133 450 apud
1158 402 1302 446 Suedos,
1336 414 1487 449 quorum
1513 401 1591 437 Rex

63 470 219 504 nostram
245 479 264 503 e
289 465 403 502 Dania
431 464 692 513 propulsionem
716 463 830 512 palam
854 466 1008 507 accusat,
1034 465 1071 499 et
1095 462 1192 499 dolet
1217 462 1312 510 quod
1337 475 1408 498 non
1432 464 1529 499 recta
1545 461 1589 498 ad

62 528 164 564 illum
188 527 481 564 contenderimus.
509 526 673 574 Denique
698 524 798 561 nobis
824 527 861 560 et
886 524 1016 560 nostris
1041 523 1240 572 pollicetur,
1267 536 1338 560 non
1363 525 1505 560 tantum
1530 523 1589 559 ho-

63 588 209 635 spitium
241 590 350 635 atque
381 587 562 636 publicum
587 585 751 624 ecclesiae
783 587 925 621 nostrae
950 585 1195 628 ministerium,
1221 584 1282 621 sed
1307 585 1412 621 etiam
1436 584 1595 621 liberalia

66 649 237 686 ministris
271 649 402 685 nostris
437 648 622 696 stipendia,
656 647 686 684 si
711 659 775 684 nos
801 659 842 683 eo
867 645 1025 683 conferre
1062 649 1124 682 aut
1149 646 1288 694 aliquos
1314 659 1332 683 0
1356 647 1487 683 nostris
1512 646 1591 683 mit-

65 713 141 747 tere
176 710 338 754 velimus,
373 709 511 746 etiamsi
544 709 616 746 illic
642 708 780 745 diversa
805 721 825 744 a
850 710 972 744 nostra
996 706 1158 744 doctrina
1182 707 1320 755 publice
1344 707 1512 744 habeatur
1539 720 1591 746 re-

65 773 177 819 cepta.
226 771 305 808 Hoc
345 771 514 807 nuncium
545 783 565 806 a
597 770 695 817 Rege
727 769 790 806 illo
823 781 918 806 nune
953 769 1104 817 primum
1138 769 1232 805 hisce
1276 768 1443 805 nundinis
1479 769 1594 817 accepi

66 834 204 879 praeter
229 843 366 868 omnem
392 843 503 867 meam
529 830 810 878 expectationem
837 831 879 874 ³).

117 892 222 938 Quod
245 892 289 928 ad
315 896 352 929 te
376 905 481 940 porro
506 891 673 940 privatim
698 891 839 935 attinet,
866 890 1012 938 longum
1037 892 1131 926 esset
1155 890 1198 926 ad
1223 889 1361 937 singula
1378 890 1596 938 respondere,

68 966 159 1001 quae
189 959 226 990 et
256 966 318 1002 per
351 953 598 1001 Slongrabium
623 955 653 1001 ⁴)
687 956 723 989 et
757 966 820 1001 per
853 952 1036 989 Molanum
1061 954 1090 1000 ⁵)
1117 951 1160 988 ad
1184 965 1239 988 me
1265 952 1445 1000 scripsisti,
1472 952 1532 988 sed
1558 965 1598 988 ea

64 1015 249 1063 attingam,
276 1027 367 1062 quae
391 1015 501 1062 magis
527 1015 569 1051 ad
594 1028 667 1051 rem
694 1015 838 1051 faciunt.
887 1014 925 1051 Si
948 1014 1015 1050 tibi
1040 1013 1185 1050 dentata
1211 1013 1284 1049 visa
1309 1016 1363 1049 est
1388 1013 1496 1050 fuisse
1520 1026 1596 1050 mea

67 1076 228 1125 epistola,
254 1089 359 1124 quam
384 1080 596 1125 postremam
622 1089 665 1113 ex
689 1076 802 1112 Frisia
826 1076 870 1113 ad
895 1078 931 1112 te
956 1075 1088 1123 scripsi,
1113 1075 1161 1111 mi
1185 1075 1346 1111 Alberte!
1373 1075 1408 1111 id
1434 1075 1596 1123 equidem

70 1150 140 1174 non
174 1140 247 1173 tam
282 1137 378 1181 mihi,
414 1150 519 1184 quam
545 1137 617 1174 tuis
642 1137 750 1185 ipsius
775 1137 888 1173 literis
913 1136 956 1173 ad
981 1149 1036 1173 me
1060 1140 1163 1173 antea
1186 1136 1292 1184 paulo
1318 1137 1458 1184 scriptis
1483 1137 1595 1185 impu-

67 1202 143 1235 tare
177 1198 327 1242 debebis,
362 1211 453 1246 quae
480 1199 675 1235 transmitti
700 1199 834 1247 alioqui
859 1199 896 1235 in
921 1198 1169 1242 ventriculum,
1196 1198 1264 1234 nisi
1289 1198 1488 1235 istiusmodi
1514 1198 1596 1234 den·

72 1259 168 1296 tibus
194 1259 336 1304 fractae,
362 1273 433 1296 non
457 1263 664 1308 potuerunt.
706 1261 819 1297 Miror
844 1273 950 1305 nunc,
975 1260 1105 1308 quibus
1130 1260 1306 1297 coloribus
1331 1260 1516 1309 depingere
1541 1275 1597 1298 00-

70 1324 176 1358 natus
210 1321 257 1358 sis
289 1322 406 1359 nescio
440 1335 542 1370 quos,
568 1335 657 1370 quos
691 1323 835 1359 interim
867 1336 961 1360 meos
987 1323 1145 1367 vocabas,
1171 1335 1249 1359 cum
1276 1335 1341 1370 ego
1367 1323 1491 1359 talium
1516 1336 1598 1361 con-

69 1384 293 1421 suetudinem
327 1397 444 1432 neque
474 1385 603 1432 agnovi
636 1398 791 1433 unquam
833 1398 948 1433 neque
983 1385 1174 1422 etiamnum
1199 1398 1360 1432 agnosco,
1387 1386 1487 1433 quasi
1513 1399 1596 1423 vero

70 1458 140 1482 non
173 1445 210 1481 id
245 1445 282 1481 in
308 1457 361 1481 me
386 1446 491 1482 etiam
517 1445 733 1490 redundarit,
759 1446 855 1494 quod
881 1446 966 1483 meis
991 1446 1128 1483 scilicet
1153 1447 1387 1491 tribuebatur,
1412 1460 1491 1483 011111
1518 1448 1593 1496 qui-

70 1507 134 1543 bus
160 1507 309 1555 alioqui,
333 1510 397 1544 aut
421 1508 495 1556 ipse
520 1508 715 1553 sensissem,
741 1516 805 1546 aut
829 1510 896 1557 ipsi
921 1522 1067 1546 mecum.

118 1569 246 1617 Neque
280 1581 345 1616 ego
377 1569 414 1605 in
438 1569 551 1606 literis
575 1570 660 1606 meis
686 1570 728 1606 de
753 1570 916 1619 Philippo
941 1571 992 1607 ita
1016 1571 1169 1619 agebam,
1196 1573 1237 1608 ut
1262 1570 1469 1616 dubitarem,
1496 1571 1595 1609 illum

67 1634 163 1668 recte
195 1631 323 1674 omnia,
357 1632 386 1667 si
420 1633 567 1668 vocatus
594 1632 730 1676 fuisset,
756 1632 1018 1680 prudenterque
1042 1635 1204 1669 acturum
1232 1633 1352 1676 fuisse,
1378 1633 1438 1670 secl
1464 1633 1506 1670 de
1531 1637 1596 1671 tuo

68 1691 216 1729 consilio
258 1691 440 1738 agebatur,
474 1705 546 1735 quo
578 1695 620 1729 tu
652 1692 752 1729 illum
786 1693 829 1729 ad
860 1693 1114 1730 instituendam
1145 1693 1326 1730 doctrinae
1359 1693 1395 1730 in
1427 1694 1595 1732 Ecclesiis

71 1753 202 1790 nostris
236 1753 510 1790 moderationem
544 1754 717 1801 quandam
743 1754 937 1790 vocandum
962 1767 1037 1791 esse
1061 1755 1240 1799 suadebas,
1267 1768 1356 1802 quae
1381 1755 1456 1792 sine
1481 1755 1592 1804 quali-

69 1828 212 1863 cunque
237 1815 417 1851 doctrinae
444 1816 639 1852 mutatione
663 1816 806 1852 institui
831 1828 901 1852 non
926 1819 1065 1864 poterat
1090 1829 1129 1853 ac
1153 1817 1308 1865 proinde,
1334 1829 1388 1854 me
1410 1830 1481 1854 non
1500 1818 1597 1866 prius

68 1889 129 1925 per
161 1880 197 1914 te
229 1877 419 1921 admonito,
452 1878 525 1913 fieri
559 1877 663 1913 etiam
698 1877 856 1921 debebat,
889 1879 1091 1926 praesertim
1126 1891 1205 1915 cum
1230 1892 1302 1915 11011
1326 1879 1515 1927 ignorares,
1541 1893 1597 1916 me

67 1938 180 1975 adhuc
204 1941 380 1986 pastorem
407 1938 630 1975 ecclesiarum
657 1938 794 1975 illarum
821 1939 939 1976 fuisse.
965 1940 1041 1976 Nec
1067 1939 1186 1984 refert,
1212 1940 1354 1977 solusne
1378 1941 1425 1984 id,
1450 1954 1494 1977 an
1513 1954 1595 1978 vero

67 2012 148 2036 eum
179 1999 257 2036 aliis
291 1999 422 2043 feceris,
458 2000 544 2036 satis
579 2005 643 2044 est,
676 2013 735 2047 per
767 2002 804 2036 te
837 2000 969 2037 factum
995 2013 1080 2044 esse,
1105 2014 1177 2038 nou
1202 2001 1277 2038 sine
1302 2001 1422 2038 fraude
1447 2002 1596 2050 quadam

67 2061 254 2097 ministerii
287 2062 401 2098 nostri
437 2064 473 2096 et
507 2061 697 2098 offensione
723 2061 914 2098 multorum
940 2062 977 2098 in
1002 2063 1087 2099 meis
1112 2063 1276 2100 ecclesiis.
1325 2064 1414 2108 Hoc,
1440 2063 1598 2111 inquam,

71 2125 126 2159 est
150 2122 246 2170 quod
270 2135 326 2158 me
351 2122 559 2166 offendebat,
585 2123 632 2158 mi
658 2123 823 2159 Alberte!
850 2123 910 2160 sed
935 2136 1004 2160 non
1031 2124 1081 2160 ita
1105 2127 1223 2161 tamen
1241 2124 1447 2169 offendebat,
1465 2128 1508 2161 ut
1524 2126 1598 2162 ani-

72 2196 166 2219 mum
192 2183 252 2219 abs
278 2187 314 2219 te
340 2195 454 2219 meum
481 2183 731 2230 quoquomodo
756 2183 936 2228 alienaret,
962 2185 1021 2220 sed
1047 2187 1188 2221 tmtum
1222 2186 1450 2233 requirebam,
1469 2190 1510 2222 ut
1528 2200 1599 2235 qua

74 2247 173 2292 parte
198 2244 282 2280 mihi
308 2244 476 2280 adversus
504 2257 618 2281 meum
644 2245 878 2282 ministerium
903 2248 1014 2294 egisse
1039 2248 1136 2284 visus
1160 2261 1207 2292 es,
1234 2261 1272 2285 ea
1296 2249 1371 2297 ipsa
1387 2253 1485 2297 parte
1502 2250 1598 2286 illius

70 2305 172 2341 fidem
207 2305 358 2341 vicissim
393 2306 547 2349 sarcires,
582 2319 704 2355 nempe
738 2311 792 2351 ut,
825 2308 1117 2356 quemadmodum
1147 2310 1333 2347 consilium
1365 2310 1407 2347 de
1441 2311 1597 2348 vocando

70 2366 234 2414 Philippo
269 2366 311 2402 ad
345 2367 597 2403 instituendam
630 2368 810 2406 doctrinae
842 2369 1116 2407 moderationem
1151 2384 1206 2408 me
1239 2384 1309 2407 non
1335 2371 1513 2408 admonito
1539 2372 1595 2408 de-

71 2428 167 2471 disti,
195 2427 250 2463 vel
275 2427 317 2463 ab
343 2428 420 2465 aliis
445 2428 567 2466 datum
592 2429 759 2478 probasti,
784 2432 835 2467 ita
859 2431 946 2468 illud
971 2432 1064 2481 apud
1089 2433 1227 2469 eosdem
1252 2434 1344 2480 ipsos
1378 2446 1517 2470 rursum
1534 2433 1597 2469 im·

68 2490 242 2537 probareS,
267 2490 559 2537 quemadmodum
584 2505 623 2528 ea
648 2505 702 2530 res
728 2493 770 2530 ad
795 2493 1068 2531 labefactandam
1093 2495 1280 2532 ministerii
1313 2497 1392 2532 istic
1410 2496 1477 2532 mei
1495 2496 1596 2533 fidem

74 2550 214 2587 videtur
241 2552 429 2599 pertinere.

119 2613 214 2649 Haec
248 2626 329 2649 vero
355 2615 508 2650 animum
534 2615 595 2651 abs
620 2618 656 2651 te
683 2629 796 2652 meum
822 2617 1015 2654 alienatum
1042 2631 1111 2654 non
1137 2631 1212 2655 esse
1237 2621 1428 2662 testantur,
1454 2619 1536 2655 dum
1563 2625 1599 2654 te

70 2673 172 2709 officii
203 2675 265 2711 hac
299 2675 335 2710 in
368 2680 467 2723 parte
500 2677 554 2712 tui
580 2690 643 2725 pro
670 2678 824 2715 fraterna
849 2680 997 2716 invicem
1023 2681 1193 2717 charitate
1217 2680 1339 2717 alenda
1364 2681 1596 2717 admonerem.

70 2734 172 2779 Quod
198 2747 279 2771 vero
305 2749 344 2772 ea
369 2738 485 2772 omnia
510 2737 678 2775 oblivioni
704 2740 794 2776 tradi
820 2742 948 2789 cupias,
974 2745 1091 2778 actum
1117 2742 1202 2788 agis,
1228 2742 1275 2777 mi
1300 2742 1462 2778 Alberte!
1502 2742 1593 2778 Nam

68 2807 108 2830 ea
141 2794 208 2830 iam
243 2796 374 2842 pridem
402 2797 579 2835 oblivione
605 2804 691 2837 sunt
717 2800 884 2847 obducta,
910 2816 1024 2851 neque
1049 2804 1287 2852 pensationem
1313 2805 1391 2841 ideo
1417 2805 1600 2852 requisivi,

65 2855 159 2905 quod
185 2855 331 2894 offensio
360 2859 395 2896 in
420 2860 538 2898 animo
561 2874 639 2898 meo
666 2862 832 2908 haereret,
857 2864 916 2901 sed
942 2867 1038 2915 quod
1062 2866 1146 2904 mibi
1170 2876 1233 2915 pro
1259 2880 1335 2904 meo
1361 2868 1396 2903 in
1423 2875 1457 2904 te
1483 2866 1594 2902 officio
