1830 3147
1506 127 1553 162 49

30 246 183 283 sumunt
221 241 304 288 soli,
342 240 415 279 nisi
450 238 490 277 in
526 238 756 290 reliquorum
792 236 1101 287 Presbyterorum
1128 239 1248 281 coetu,
1283 248 1393 286 quem
1419 238 1461 273 ut
1488 234 1563 273 sibi

30 308 252 346 adiunctum
279 305 454 349 habeant,
481 302 584 341 omni
613 301 736 340 studio
764 314 808 339 ac
835 299 1088 339 sollieitudine
1114 299 1234 338 adniti
1252 299 1402 339 debent.
1430 299 1564 350 Neque

28 375 85 411 est
121 371 224 410 aliud
260 370 359 408 inter
394 369 570 406 Pastores
614 369 716 418 ipsos
754 365 1010 416 Doctoresque
1045 377 1089 403 ac
1124 364 1286 416 reliquos
1320 364 1564 415 Presbyteros

29 436 242 480 discrimen,
285 433 473 486 quod«ad
509 432 742 471 functionem
778 430 945 482 ipsorum
979 429 1021 467 in
1056 429 1301 479 gubernanda
1338 442 1563 468 conservan-

30 502 152 553 daque
188 499 354 538 Ecclesia
399 498 544 544 attinet,
572 497 646 535 nisi
673 496 773 549 quod
799 495 857 534 illi
883 495 923 533 in
949 494 1068 533 Verbi
1095 507 1139 532 ac
1167 494 1368 532 Doctrinae
1395 493 1566 532 ministe-

31 565 88 603 rio
115 568 258 616 praeter
293 564 387 602 alios
430 563 523 601 istos
558 562 753 599 laborant:
789 559 853 598 isti
890 572 975 598 vero
1015 559 1108 597 citra
1134 558 1250 596 Verbi
1291 572 1334 597 ae
1360 558 1565 598 Doctrinae

29 629 220 681 publicum
256 628 308 676 (B
336 629 398 675 51³)
433 625 680 664 ministerium
716 625 758 663 iu
793 624 922 663 eadem
949 627 1030 675 ipsa
1055 623 1324 673 gubernandae
1349 628 1386 662 et
1413 636 1564 663 conser-

29 693 172 731 vandae
208 691 398 730 Ecclesiae
436 704 522 728 cura
559 703 603 728 ac
642 687 814 727 custodia
850 688 950 727 velut
993 688 1087 726 socii
1123 687 1336 726 subsidiarii
1374 688 1568 727 constituti

30 757 226 796 habentur.
281 757 342 794 Ita
381 755 549 794 videmus
586 754 898 805 Presbyterorum
933 766 1070 791 nomen
1107 752 1226 791 tribui
1261 753 1480 791 Pastoribus
1524 766 1568 791 ae

30 821 259 860 Doctoribus
291 820 405 872 ipsis,
440 824 553 871 atque
589 818 683 856 adeo
721 818 813 869 ipsis
843 815 965 856 'etiam
1001 817 1210 868 Apostolis‚
1246 816 1333 855 dum
1362 817 1494 856 Petrus
1521 817 1569 855 ad

31 887 274 937 Presbyteros
300 885 469 936 loquens.
498 897 536 922 se
563 884 715 922 iHorum
746 886 1089 933 συμπρεσβύτερον
1117 883 1324 933 profitetur.
1360 881 1452 920 Eius
1481 894 1568 920 vero

32 951 340 1002 Presbyterorum
376 950 486 988 simul
523 949 691 987 omnium
729 948 893 998 [coetus]
922 947 962 985 in
990 960 1214 998 unaquaque
1240 946 1410 985 Ecclesia
1444 951 1569 998 partes

31 1020 148 1061 erant,
175 1020 217 1053 ut
243 1015 452 1064 legitimum
472 1013 691 1064 disciplinae
709 1012 998 1050 Ecclesiasticae
1019 1025 1127 1050 usum
1148 1011 1186 1050 et
1206 1012 1355 1063 ipsimet
1375 1012 1472 1050 inter
1491 1025 1571 1050 sese

31 1080 204 1131 inprimis
240 1079 278 1118 et
310 1079 350 1117 in
387 1082 465 1117 tota
502 1077 651 1116 demum
688 1090 755 1115 sua
783 1076 952 1115 Ecclesia
982 1076 1237 1121 observarent,
1272 1081 1384 1128 atque
1411 1076 1458 1114 ad
1486 1089 1570 1114 eum

34 1145 187 1184 modum
214 1145 250 1184 et
277 1145 426 1195 ipsimet
454 1157 562 1182 suum
590 1144 754 1182 facerent
782 1143 942 1181 officium
970 1141 1007 1180 et
1027 1142 1120 1180 alios
1142 1143 1290 1180 demum
1309 1154 1438 1180 omnes
1459 1142 1570 1180 etiam

34 1209 75 1247 in
111 1209 187 1247 suis
221 1209 350 1247 officiis
379 1209 636 1248 continerent:
673 1208 878 1260 probarent
905 1208 994 1246 item
1023 1207 1212 1246 doctrinas
1246 1211 1283 1245 et
1311 1207 1463 1259 spiritus
1491 1219 1572 1245 om-

35 1273 140 1310 nium
184 1273 225 1310 in
270 1272 439 1310 Ecclesia
491 1276 820 1324 contemptumque
864 1272 1083 1323 disciplinae
1124 1271 1428 1318 Ecclesiasticae‚
1469 1272 1573 1310 iuxta

36 1337 286 1389 praescriptos
323 1337 450 1376 Verbo
489 1338 616 1376 divino
654 1337 958 1376 admonitionum
994 1350 1037 1376 ac
1064 1337 1397 1389 reprehensionum
1423 1337 1576 1387 gradus,

39 1402 190 1441 nomine
216 1408 252 1441 et
279 1416 435 1442 assensu
462 1403 578 1442 totius
608 1403 796 1442 Ecclesiae
823 1404 1013 1455 punirent.
1056 1403 1191 1455 Adque
1217 1403 1257 1441 id
1284 1403 1395 1441 etiam
1424 1415 1573 1454 operam

39 1468 185 1516 darent,
211 1472 265 1515 ut,
293 1469 506 1507 constitutis
534 1470 573 1507 in
602 1469 770 1507 Ecclesia
792 1468 986 1514 Dianouis,
1013 1482 1216 1519 egenorum
1244 1469 1393 1520 inopiae
1421 1481 1574 1507 succur-

39 1530 194 1572 reretur.
240 1534 364 1584 Atque
390 1533 454 1571 isti
481 1533 632 1584 quidem
661 1534 700 1572 in
729 1534 900 1571 universa
927 1533 1127 1572 ministerii
1156 1534 1212 1572 sui
1233 1533 1395 1582 func-(B
1415 1533 1576 1580 6²)tione

40 1597 88 1636 ad
117 1611 243 1636 curam
272 1598 557 1650 custodiamque
586 1595 691 1636 suam
718 1598 814 1636 nihil
842 1598 1024 1636 adhibent
1052 1598 1153 1636 aliud
1181 1612 1293 1650 quam
1311 1598 1480 1648 gladium
1500 1598 1576 1649 spi·

40 1663 156 1706 ritus,
192 1663 264 1701 hoc
301 1668 368 1709 est,
404 1663 520 1702 Verbi
549 1663 668 1702 divini
694 1663 946 1709 autoritatem,
972 1677 1037 1715 per
1064 1663 1365 1702 admonitionum
1388 1667 1424 1701 et
1452 1676 1575 1714 repre-

42 1727 265 1765 hensionum
293 1728 432 1777 gradus
467 1741 582 1779 usque
610 1727 656 1766 ad
684 1728 1113 1766 excommunicationem
1142 1731 1177 1766 et
1205 1727 1579 1773 anathematismum,

41 1791 178 1843 quibus
215 1792 304 1830 solis
333 1805 479 1830 omnem
509 1792 698 1831 Ecclesiae
726 1793 877 1844 eiusque
905 1792 1124 1844 disciplinae
1152 1796 1406 1844 contemptum
1432 1792 1480 1830 ad
1513 1805 1577 1830 ex-

41 1861 201 1895 tremum
235 1857 409 1908 puniunt.
463 1858 658 1895 Caeterum
689 1857 935 1907 Magistratus
962 1858 1066 1896 iuxta
1093 1858 1285 1909 politicam
1313 1871 1419 1896 suam
1447 1871 1468 1895 a
1497 1857 1576 1896 Deo

42 1922 252 1960 ordinatam
289 1922 619 1973 praeeminentiam
657 1923 853 1974 politicum
889 1936 1040 1974 quoque
1075 1923 1244 1973 gladium
1271 1937 1378 1961 suum
1405 1923 1579 1973 adiungit

43 1986 82 2024 in
121 1999 186 2024 sua
221 1986 414 2025 functione
442 1987 489 2025 ad
518 1987 812 2026 conservandum
840 1987 880 2026 in
908 1987 1077 2025 Ecclesia
1113 1988 1324 2037 legitimum
1360 1987 1579 2038 disciplinae

45 2062 153 2088 usum
190 2050 496 2102 puniendumque
524 2056 777 2103 contemptum
805 2052 928 2090 illius:
958 2065 1091 2103 nempe
1118 2056 1159 2090 ut
1188 2052 1345 2103 quisque
1371 2052 1411 2089 in
1438 2053 1580 2090 utrius-

45 2127 117 2165 que
153 2114 303 2153 tabulae
339 2115 550 2153 obedientia
588 2129 749 2168 suaeque
787 2117 994 2155 vocationis
1032 2117 1160 2155 officiis
1197 2117 1444 2161 contineatur,
1472 2121 1507 2154 et
1534 2129 1580 2154 ne

45 2191 264 2229 progressus
302 2184 510 2218 structurae
546 2185 745 2232 perpetuus
784 2182 823 2220 in
852 2182 1072 2233 complendo
1102 2182 1291 2220 Ecclesiae
1319 2182 1392 2219 sibi
1429 2195 1581 2219 concre-

47 2242 144 2280 ditae
171 2243 340 2281 aedificio
368 2245 632 2295 quoquomodo
659 2245 895 2296 impediatur.
935 2248 1058 2296 Atque
1084 2246 1234 2297 publica
1262 2246 1413 2297 quidem
1438 2245 1580 2295 flagitia

47 2306 172 2345 omnia
208 2307 471 2359 publicamque
498 2313 534 2346 et
569 2309 718 2360 pietatis
756 2313 791 2347 et
828 2309 1111 2360 tranquillitatis
1140 2311 1180 2348 in
1207 2310 1376 2348 Ecclesia
1406 2310 1578 2348 violatio-

46 2386 131 2410 nem
169 2378 314 2411 coercet
350 2373 477 2423 gladio
507 2385 574 2412 suo
606 2373 850 2424 Magistratus
878 2387 944 2426 pro
972 2374 1169 2412 functione
1197 2376 1255 2413 sui
1279 2374 1491 2421 ministerii,
1518 2375 1581 2412 sed

45 2437 86 2474 in
122 2437 340 2486 dogmatum
380 2439 643 2476 controversiis
681 2451 756 2476 non
783 2439 886 2490 prius
915 2438 986 2477 sibi
1014 2439 1217 2490 quidquam
1247 2440 1373 2485 sumit,
1400 2453 1511 2490 quam
1539 2439 1583 2478 de

46 2501 121 2539 illis
157 2515 221 2553 per
257 2502 424 2552 legitima
465 2502 656 2541 Ecclesiae
691 2503 830 2540 iudicia
864 2503 970 2541 iuxta
997 2503 1135 2553 gradus
1163 2503 1381 2554 disciplinae
1408 2504 1584 2542 ecclesia-

49 2565 162 2604 sticae
206 2580 251 2604 ex
295 2567 407 2616 verbo
446 2566 515 2605 Dei
552 2572 747 2607 statuatur.
810 2568 982 2607 Quorum
1019 2582 1108 2606 sane
1143 2568 1193 2617 (B
1231 2569 1292 2617 6¹³)
1329 2573 1585 2620 contemptum

50 2629 295 2679 Magistratus
331 2632 523 2683 impunem
561 2634 657 2670 ferre
693 2646 770 2671 non
807 2634 916 2672 debet
952 2647 1019 2685 pro
1058 2634 1249 2672 functione
1283 2634 1340 2672 sui
1367 2634 1587 2680 ministerii,

48 2706 116 2744 pro
145 2707 187 2731 eo
215 2699 327 2746 atque
355 2696 392 2733 id
421 2697 500 2747 ipsa
530 2696 721 2736 Ecclesiae
748 2698 958 2736 aedificatio
986 2698 1174 2749 postulare
1202 2699 1360 2738 videtur.
1405 2700 1458 2736 At
1487 2712 1587 2745 vero,

49 2759 229 2808 quoniam
258 2772 344 2797 eura
372 2773 415 2798 ac
444 2762 612 2799 custodia
642 2762 731 2800 haec
758 2762 868 2801 istius
897 2763 1057 2801 aedificii
1086 2776 1162 2801 non
1188 2767 1267 2801 tam
1297 2776 1386 2801 sane
1403 2763 1586 2814 dependet

47 2822 95 2860 ab
133 2823 295 2862 humana
333 2838 421 2862 cura
460 2839 617 2877 operave
651 2832 714 2866 aut
746 2828 915 2879 potentia
943 2849 993 2857 —
1026 2828 1066 2867 in
1101 2828 1238 2880 quibus
1264 2828 1407 2879 alioqui
1435 2829 1587 2879 politica

52 2886 294 2935 Magistratus
341 2890 521 2940 cuiusque
569 2891 624 2929 vis
663 2892 891 2931 existimatio
935 2897 1047 2944 atque
1091 2893 1271 2931 autoritas
1315 2892 1478 2931 maxima
1514 2893 1590 2930 fere

104 2951 163 2992 ΙΙ.
1414 2960 1437 2994 4
