1830 3147
1583 71 1631 111 87

93 183 206 222 nibus
241 183 396 222 remissa
431 196 511 221 esse
549 187 700 235 propter
729 183 931 221 Dominum
968 189 1004 221 et
1031 182 1268 221 liberatorem
1296 185 1465 220 nostrum
1494 182 1621 220 Iesum

96 249 298 294 Christum,
328 248 564 286 benedictum
590 248 631 285 in
659 249 819 287 saecula.
848 250 983 286 Amen.

144 378 222 416 Qui
257 390 342 416 vero
379 378 419 415 in
456 377 534 415 suis
568 377 730 428 peccatis
759 377 834 415 sibi
860 377 913 415 ita
940 377 1101 428 placent,
1130 382 1168 415 ut
1197 390 1273 415 non
1300 381 1378 415 tam
1405 377 1548 428 seipsos
1576 377 1616 414 in

89 442 284 491 il-(7l)lis‚
311 455 423 493 quam
450 442 617 480 divinam
642 443 767 493 potius
794 441 1027 479 severitatem
1054 447 1231 479 accusent
1258 454 1342 479 cum
1369 441 1427 479 sui
1453 441 1620 492 ipsorum

89 507 340 553 excusatione,
374 514 437 545 aut
472 507 538 557 qui
574 512 784 556 agnoscunt
819 506 969 557 quidem
1005 511 1041 544 et
1075 505 1148 557 ipsi
1175 506 1300 557 aliquo
1330 506 1441 544 modo
1467 511 1620 558 peccata

89 585 168 618 sua,
203 572 280 617 sed,
314 576 526 623 contemplo
555 571 696 610 Christi
724 571 877 608 Domini
907 571 1085 609 beneficio
1113 584 1178 622 per
1207 575 1363 608 mortem
1389 571 1519 622 ipsius,
1546 570 1619 608 alia

89 635 163 675 sibi
199 636 330 674 salutis
366 636 527 674 remedia
556 636 894 674 comminiscuntur
922 637 963 683 ¹),
988 657 1040 664 -
1067 635 1170 673 hisce
1195 648 1343 672 rursum
1371 636 1547 673 omnibus
1575 649 1620 674 ex

89 701 202 739 verbo
241 701 312 739 Dei
345 701 545 746 denuncio,
581 702 707 739 omnia
752 701 919 753 ipsorum
963 704 1116 752 peecata
1152 700 1267 750 ligata
1304 713 1382 738 csse
1418 702 1456 739 in
1494 701 1623 745 coelis,

90 765 164 803 nisi
191 765 424 816 resipiscant.

137 830 198 869 Ab
244 831 374 868 horum
411 844 521 882 porro
560 842 728 874 numerO,
766 835 808 867 ut
844 843 912 868 nos
947 831 1022 868 iam
1057 831 1273 882 precatione
1308 835 1436 869 nostra
1476 832 1619 869 alienos

90 908 239 946 prorsus
276 908 355 933 csse
387 895 584 933 manifeste
610 895 737 932 testati
764 907 905 940 sumus,
931 895 983 932 ita
1012 895 1083 932 hoc
1111 896 1232 946 ipsum
1261 896 1378 933 multo
1406 897 1526 945 magis
1554 897 1620 933 ad·

91 958 160 998 huc
195 960 396 997 summaria
431 959 519 997 fidei
546 965 696 997 nostrae
724 959 960 997 confessione
986 960 1223 1005 testabimur,
1250 960 1289 998 in
1319 961 1419 999 hunc
1444 961 1620 999 modum:

140 1090 259 1128 Credo
294 1089 334 1127 in
369 1102 487 1127 unum
523 1089 644 1127 Deum
682 1089 828 1127 Patrem
865 1089 1183 1140 omnipotentem:
1222 1091 1434 1128 Creatorem
1464 1091 1557 1128 coeli
1584 1096 1620 1128 et

88 1156 216 1193 terrae.
270 1153 320 1191 Et
346 1153 386 1191 in
414 1154 538 1191 Iesum
568 1153 758 1191 Christum
786 1154 904 1191 filium
933 1153 1013 1192 eius
1040 1154 1289 1203 unigenitum,
1319 1154 1524 1192 Dominum
1553 1168 1622 1193 no-

86 1222 215 1257 strum.
270 1218 348 1257 Qui
384 1224 585 1269 conceptus
613 1224 668 1256 est
696 1232 716 1255 a
744 1218 888 1269 Spiritu
916 1224 1059 1263 saneto,
1095 1223 1207 1257 natus
1233 1232 1278 1257 ex
1319 1219 1437 1257 Maria
1467 1219 1623 1269 virgine,

87 1296 216 1333 passus
250 1284 321 1321 sub
361 1283 492 1321 Pontio
521 1283 652 1328 Pilato,
683 1284 897 1328 crucifixus,
923 1290 1108 1327 mortuus,
1134 1289 1171 1322 et
1199 1284 1377 1335 sepultus,
1403 1290 1439 1322 et
1467 1285 1620 1323 deseen-

87 1348 140 1387 dit
166 1349 213 1387 ad
240 1349 430 1387 infernum
457 1362 587 1399 usque.
617 1348 744 1386 Tertio
771 1361 883 1399 porro
912 1348 972 1386 die
999 1348 1202 1387 resurrexit
1228 1362 1249 1386 a
1276 1349 1448 1387 mortuis.
1477 1352 1620 1386 Ascen-

85 1412 139 1451 dit
164 1413 204 1451 in
233 1413 368 1459 coelos,
396 1413 572 1464 sedetque
599 1412 645 1450 ad
674 1413 864 1450 dexteram
892 1412 962 1450 Dei
990 1413 1109 1452 Patris
1137 1413 1195 1451 sui
1213 1413 1493 1464 omnipotentis.
1523 1413 1619 1451 Inde

85 1477 230 1516 demum
259 1480 345 1527 (72)
373 1478 463 1515 olim
492 1482 668 1516 venturus
696 1491 843 1515 rursum
870 1477 917 1515 ad
945 1478 1189 1516 iudicandum
1217 1478 1322 1516 vivos
1350 1483 1385 1516 et
1412 1484 1593 1516 mortuos.

136 1542 256 1580 Credo
285 1542 324 1579 in
352 1542 534 1593 Spiritum
561 1545 753 1580 sanctum:

135 1607 310 1645 Sanctam
339 1607 546 1644 Ecclesiam
574 1606 808 1651 catholicam,
835 1612 1049 1645 sanctorum
1076 1609 1398 1646 communionem:

133 1670 376 1708 Peecatornm
403 1670 683 1708 remissionem:

136 1734 269 1772 Carnis
297 1739 448 1772 nostrae
475 1734 808 1772 resurrectionem:

133 1800 184 1838 Et
211 1800 324 1838 vitam
354 1804 555 1838 aeternam.
587 1800 731 1837 Amen''
755 1801 800 1847 Ξ).

133 1931 319 1969 Absoluta
361 1930 430 1968 hac
472 1930 560 1968 fidei
604 1930 839 1968 confessione
883 1931 1028 1968 orditur
1073 1930 1247 1969 Minister
1282 1945 1409 1982 preces
1444 1931 1612 1982 publicas

81 2009 148 2047 pro
175 1996 350 2034 omnibus
375 1996 493 2034 totius
523 1995 711 2033 Ecclesiae
738 1995 1037 2042 necessitatibus,
1064 1997 1298 2035 auscultante
1325 2002 1404 2036 tota
1433 1998 1614 2042 Ecclesia.

82 2061 131 2098 ad
159 2061 258 2099 hunc
285 2061 460 2100 modum:

134 2192 302 2230 Preces
329 2191 559 2242 publicae
585 2204 668 2242 pro
698 2192 1095 2230 necessitatibus
1124 2192 1398 2231 Ecclesiae.

134 2340 152 2357 n
165 2322 416 2374 Omnipotens
436 2327 471 2360 et
487 2323 696 2361 misericors
715 2323 840 2360 Pater!
865 2323 930 2374 qui
948 2336 1016 2360 nos
1037 2336 1103 2373 pro
1119 2322 1300 2361 immensa
1320 2327 1383 2362 tua
1400 2323 1611 2363 misericor-

81 2387 142 2425 dia
169 2400 188 2425 e
215 2387 380 2425 tenebris
407 2392 558 2425 nostrae
583 2387 820 2436 ignorantiae
841 2387 1162 2437 Romanensisque
1180 2387 1416 2426 idololatriae
1435 2388 1612 2427 barathro

79 2452 238 2489 liberare
266 2452 443 2501 dignatus
471 2466 522 2495 es,
548 2452 706 2490 revelata
736 2451 846 2489 nobis
873 2451 1097 2489 mirabiliter
1123 2452 1205 2489 luce
1233 2452 1388 2490 salutari
1415 2453 1453 2490 in
1483 2453 1612 2492 Euan·

77 2514 175 2563 gelio
203 2514 272 2552 filii
297 2515 367 2559 tui,
383 2536 434 2543 —
455 2514 599 2563 agimus
626 2515 697 2552 tibi
726 2515 796 2552 hoc
825 2515 975 2552 nomine
1001 2515 1154 2564 gratias,
1182 2515 1289 2553 Pater
1309 2517 1614 2557 clementissime!

127 2616 151 2655 ¹)
175 2615 264 2646 Ioan.
289 2615 317 2646 3.
1309 2635 1314 2637 Δ

122 2670 149 2709 2)
174 2670 251 2702 Gen.
275 2670 303 2701 1.
327 2670 439 2701 Ierem.
462 2671 511 2702 32.
536 2671 623 2702 Ioan.
648 2671 676 2701 3.
701 2671 790 2702 Rom.
815 2672 843 2702 S.
871 2671 1022 2703 100128.
1049 2671 1162 2702 Matth.
1183 2672 1208 2704 l.
1232 2672 1308 2704 Luc.
1332 2673 1358 2710 1,
1377 2673 1405 2705 2.
1430 2674 1546 2705 Matth.
1563 2675 1614 2707 27.

80 2724 184 2756 Lucae
208 2725 258 2755 23.
288 2726 357 2756 Act.
380 2725 409 2756 2.
442 2725 529 2756 Ioan.
554 2726 602 2757 14.
636 2726 650 2756 l
676 2725 750 2757 Cor.
776 2726 823 2757 15.
847 2728 917 2758 Act.
942 2727 969 2758 1.
993 2726 1074 2757 Heb.
1098 2727 1126 2763 8,
1153 2727 1200 2759 10.
1224 2728 1341 2759 Matth.
1366 2729 1415 2760 26.
1440 2729 1561 2761 coloss.
1586 2730 1614 2761 3.

83 2780 209 2811 Daniel.
232 2780 261 2813 7.
284 2780 302 2810 2
326 2781 407 2812 Tim.
431 2781 460 2812 2.
485 2781 563 2812 Gen.
588 2781 615 2812 l.
639 2781 726 2814 Ioan.
752 2782 799 2820 14,
824 2782 842 2813 6
878 2782 893 2814 1
919 2782 1054 2814 Cor.12.
1078 2782 1194 2825 Ephes.
1220 2784 1247 2815 5.
1271 2784 1387 2816 Matth.
1404 2785 1454 2818 28.
1477 2785 1566 2818 Ioan.
1581 2787 1609 2818 3.

87 2836 103 2868 1
127 2836 201 2869 Cor.
226 2836 275 2868 15.
298 2836 415 2869 Matth.
439 2837 491 2869 25.
