1830 3147
189 116 253 164 [Α.
279 116 328 152 D.
353 114 465 161 1556]
917 113 987 152 726

187 226 277 260 trina
313 223 602 267 dissentita)mus.
651 222 727 268 Ego
760 222 891 268 (porro)
928 223 1075 257 autem
1113 220 1282 268 respondi.
1308 233 1361 256 me
1385 220 1522 267 quidem
1547 233 1586 256 ca
1613 219 1656 257 de
1681 233 1718 257 re

185 285 279 321 nolle
303 285 523 325 contendere,
553 283 614 319 sed
640 295 692 318 me
718 283 858 318 interim
883 286 1018 328 putare,
1043 281 1137 329 quod
1160 282 1353 329 praecipuis
1378 282 1618 318 Confessionis
1646 285 1719 319 Au·

185 348 354 392 gustanae
379 343 559 379 autoribus
578 355 646 378 non
664 353 802 389 prorsus
830 345 978 386 (secum)
1003 341 1201 377 invicem
1228 342 1413 378 conveniat
1437 344 1478 377 de
1505 342 1719 390 ubiqueitate

185 406 340 452 corporis
376 404 516 444 Christi,
552 407 588 438 et
624 404 654 439 si
685 403 793 450 ipsius
829 402 990 438 doctrina
1028 400 1145 437 eadem
1172 406 1265 438 esset
1288 415 1369 439 cum
1391 402 1617 438 confessione
1643 405 1718 438 Au.

185 469 335 514 gustana
360 470 399 502 ut
424 466 536 507 nobis,
561 464 838 501 commonstratis
863 463 993 510 alioqui
1019 463 1113 504 locis,
1132 462 1309 499 doctrinae
1328 476 1411 500 suae
1424 466 1538 500 sontes
1562 469 1623 500 aut
1651 469 1717 500 tes-

184 528 329 564 timonia
369 528 404 563 111
439 528 512 573 ipsa
549 528 761 573 Augustana
784 525 1012 561 Confessione
1050 529 1337 561 commonstraret
1373 529 1511 570 (-ent).
1561 526 1632 562 Hic
1657 526 1716 561 ille

185 601 329 631 rursum,
354 601 391 624 se
417 600 552 636 quoquc
578 589 668 623 inter
692 587 777 623 alios
803 586 1042 623 consessionis
1068 588 1297 632 Augustanae
1321 593 1475 623 autorem
1501 600 1586 629 esse,
1611 592 1716 634 atque

183 650 247 686 hac
286 654 402 685 mente
441 649 700 685 Confessionem
738 647 833 684 illam
868 648 976 683 fuisse
1012 645 1140 682 editam
1177 652 1216 682 ut
1249 648 1331 682 haec
1365 647 1525 683 doctriua
1549 647 1715 683 adversus

183 710 374 747 doctrinam
413 710 571 757 Zwinglii
604 709 858 745 defenderetur.
905 708 1071 744 iniuriam
1098 708 1204 754 igitur
1229 709 1304 743 ficri
1328 721 1349 743 a
1373 709 1470 744 nobis
1495 709 1715 744 Confessioni

182 773 411 819 Augustanae
444 770 526 806 dum
562 770 655 806 illam
693 782 713 804 a
747 769 848 804 nobis
885 773 977 804 stare
1002 768 1163 809 dicimus,
1186 771 1222 803 et
1246 772 1362 803 tamen
1385 769 1491 815 ipsius
1515 773 1551 805 et
1574 780 1714 804 suorum

181 832 358 869 doctrinae
383 831 620 868 reclamamus.
669 831 744 877 Ego
769 842 850 865 vero
875 830 918 864 de
945 829 1106 876 Zwinglii
1132 829 1290 865 doctrina
1317 840 1369 864 me
1393 828 1478 864 nihil
1503 829 1590 864 velle
1614 840 1714 875 agere

179 894 349 940 respondi,
374 906 442 928 non
467 893 556 927 enim
583 891 618 927 id
642 904 717 926 esse
743 892 809 926 mci
834 890 989 926 instituti
1013 890 1049 924 111
1077 890 1171 935 (hac)
1201 889 1406 936 praesentia,
1437 890 1495 924 sed
1530 901 1593 924 nos
1618 901 1713 935 prae-

180 961 233 991 ter
269 959 426 990 nostrum
464 955 622 989 meritum
661 953 788 998 (ipsius.
822 951 1048 998 praeiudicio)
1085 951 1232 997 gravari,
1272 951 1364 997 quod
1402 963 1464 986 nos
1496 950 1713 986 Confessioni

178 1018 405 1064 Augustanae
441 1027 631 1062 repugnare
667 1013 822 1060 adeoque
857 1017 892 1048 et
928 1013 1083 1049 iniuriam
1123 1012 1174 1047 illi
1208 1012 1281 1047 fieri
1313 1024 1334 1047 a
1367 1011 1466 1047 nobis
1503 1012 1607 1053 dicat,
1632 1023 1709 1047 cum

178 1077 309 1122 (nullos
336 1077 430 1112 locos
457 1077 625 1122 proferat)
648 1074 824 1110 nullum
861 1074 964 1109 inde
988 1074 1225 1120 proferret
1260 1072 1422 1115 locum,
1453 1073 1512 1120 qui
1535 1072 1717 1111 doctrinae,

180 1143 317 1174 nostrae
341 1136 656 1180 adversare(n)tur:
685 1135 781 1180 (etsi)
805 1135 873 1170 Ibi
912 1134 1003 1178 (illa)
1036 1134 1118 1170 ille
1152 1134 1257 1169 verba
1282 1147 1343 1169 sua
1369 1134 1411 1169 de
1436 1134 1534 1170 illata
1558 1146 1617 1180 per
1649 1146 1710 1169 nos

179 1197 399 1233 Confessioni
432 1198 660 1243 Augustanae
697 1196 820 1231 iniuria
856 1195 1024 1230 moderari
1050 1199 1085 1230 et
1110 1206 1275 1230 excusare
1301 1195 1426 1241 coepit.
1475 1194 1550 1241 Ego
1575 1196 1710 1230 demum

178 1259 321 1300 subieci,
351 1269 404 1293 me
436 1270 507 1292 11011
541 1260 611 1291 tam
654 1256 765 1292 verbis
797 1268 897 1303 quam
938 1268 973 1291 re
1006 1256 1081 1302 ipsa
1115 1256 1253 1295 moveri,
1286 1267 1406 1300 nempe
1443 1254 1536 1300 quod
1574 1267 1593 1290 a
1618 1255 1708 1290 Con-

178 1320 324 1356 fessione
362 1321 572 1365 Augustana
606 1317 789 1353 dissentire
824 1317 989 1358 dicamur,
1026 1329 1104 1353 curn
1142 1316 1225 1352 nihil
1262 1317 1340 1351 inde
1378 1321 1499 1351 contra
1536 1329 1598 1351 nos
1634 1327 1710 1362 pro-

177 1381 255 1416 ferri
292 1381 412 1427 possit.
480 1380 557 1414 Aut
591 1379 699 1425 igitur
732 1381 1022 1413 commonstraret
1057 1377 1093 1412 in
1130 1377 1203 1423 ipsa
1236 1377 1464 1412 Confessione
1501 1378 1710 1424 Augustana.

174 1440 268 1488 quod
307 1452 384 1475 cum
420 1442 542 1474 nostra
581 1438 741 1474 doctrina
776 1443 921 1485 pugnet,
961 1441 1024 1474 aut
1057 1450 1100 1473 ne
1134 1449 1197 1472 nos
1233 1449 1298 1472 suo
1333 1436 1542 1484 praeiudicio
1576 1441 1711 1484 praeter

175 1506 333 1537 nostrum
358 1500 516 1536 meritum
545 1503 667 1547 gravet
694 1502 859 1543 (-aret).

222 1561 278 1598 Ibi
302 1561 437 1596 demum
460 1559 504 1596 ad
522 1559 760 1596 Confessionis
779 1558 988 1607 Apologiam
1006 1565 1228 1606 provocatum
1246 1562 1310 1603 est,
1327 1562 1363 1594 et
1378 1570 1467 1606 quae
1482 1559 1517 1594 111
1530 1558 1605 1604 ipsa
1619 1558 1709 1594 Con·

174 1622 325 1658 sessione
348 1621 466 1668 paucis
491 1624 632 1668 propter
663 1620 818 1667 operis
855 1619 1059 1655 brevitatem
1086 1623 1218 1654 attacta
1243 1623 1359 1655 essent
1382 1631 1422 1655 ac
1448 1618 1590 1665 proinde
1617 1619 1709 1654 varie

172 1684 298 1730 exponi
323 1686 475 1729 possent,
503 1695 543 1718 ea
573 1682 609 1718 in
633 1681 808 1729 Apologia
832 1680 1068 1717 Confessionis
1093 1680 1219 1717 clarius
1245 1681 1415 1727 explicata
1439 1692 1525 1716 esse.
1574 1680 1709 1716 Adiun-

171 1745 317 1790 gendam
345 1744 450 1791 igitur
475 1755 549 1779 esse
577 1742 782 1790 Apologiam
803 1742 1029 1778 Confessioni.
1064 1742 1133 1777 Hic
1149 1753 1233 1788 ego:
1254 1741 1343 1783 Etsi,
1360 1742 1511 1789 inquam,
1535 1741 1708 1788 Apologia

171 1804 406 1840 Confessionis
429 1817 449 1839 a
476 1803 644 1839 Caesarea
670 1804 856 1839 Maiestate
878 1803 1024 1849 aliisque
1042 1802 1182 1849 Imperii
1203 1801 1393 1837 Ordinibus
1414 1806 1551 1847 recepta
1568 1814 1637 1837 non
1652 1813 1706 1836 es-

172 1875 236 1907 set,
260 1865 547 1913 quemadmodum
573 1869 624 1900 est
651 1869 787 1911 recepta
812 1864 886 1910 ipsa
912 1863 1106 1905 Confessio,
1134 1865 1232 1899 cuius
1258 1863 1366 1898 solius
1391 1862 1544 1910 alioquin
1570 1864 1707 1899 nomine

173 1927 292 1963 foedus
316 1928 405 1963 inter
421 1927 623 1962 Caesaream
644 1925 864 1961 Maiestatem
887 1930 922 1960 et
939 1936 1057 1959 omnes
1074 1924 1125 1959 lm
1130 1924 1214 1970 perii
1230 1925 1377 1959 Ordines
1391 1924 1564 1959 sancitum
1581 1927 1644 1964 est,
1659 1945 1706 1951 —

172 1993 287 2023 tamen
310 2000 373 2023 nos
398 1999 523 2034 cupere
557 1987 660 2022 etiam
691 1987 725 2022 in
752 1986 828 2033 ipsa
855 1985 1028 2032 Apologia
1053 1985 1294 2020 Confessionis
1318 1984 1417 2020 nobis
1444 1985 1706 2021 commonstrari

171 2048 259 2090 loca,
289 2060 378 2096 quae
402 2052 541 2084 nostrae
565 2047 745 2083 doctrinae
771 2048 967 2093 repugnant
993 2048 1132 2088 (·aren
1146 2046 1187 2087 t).
1215 2044 1363 2080 Prolata
1389 2045 1495 2091 igitur
1521 2043 1706 2092 Apologia,

171 2110 327 2157 quaesita
351 2114 434 2144 sunt
457 2108 543 2150 loca,
568 2107 627 2143 sed
650 2118 817 2154 nusquam
845 2111 990 2153 reperta,
1013 2117 1100 2152 quae
1125 2110 1245 2142 contra
1272 2117 1333 2140 nos
1354 2105 1483 2140 faciant
1503 2107 1704 2150 (-erent).

174 2169 375 2216 Urgebatur
399 2169 496 2205 locus
522 2167 661 2215 quidam
687 2179 729 2202 ex
754 2167 866 2214 capite
892 2167 935 2201 de
960 2165 1127 2208 Ecclesia,
1145 2167 1180 2201 iu
1201 2177 1268 2213 qua
1288 2165 1371 2201 haec
1394 2165 1496 2200 verba
1515 2165 1704 2201 habentur:

173 2247 191 2264 n
203 2231 264 2267 sed
290 2237 330 2266 ut
352 2231 478 2267 clarius
503 2231 606 2266 etiam
634 2229 862 2276 perciperent,
887 2228 1083 2275 quicunque
1109 2228 1177 2262 ista
1203 2227 1332 2274 legent,
1358 2239 1420 2262 nos
1446 2226 1629 2262 defendere
1654 2238 1708 2261 re-

174 2295 339 2338 nceptam
376 2291 597 2332 sententiam,
639 2290 731 2333 quod
756 2290 791 2324 in
818 2288 934 2324 Coena
960 2288 1101 2324 Domini
1128 2300 1205 2323 vere
1229 2293 1265 2323 ct
1290 2288 1567 2323 substantialiter
1591 2287 1708 2323 adsint

173 2365 328 2399 ucorpus
354 2355 390 2387 et
409 2352 550 2398 sanguis
575 2350 720 2391 Christi,
749 2354 784 2384 et
809 2361 889 2384 vere
915 2348 1144 2384 exhibeantur
1169 2360 1245 2383 cum
1272 2349 1323 2383 his
1349 2347 1451 2383 rebus
1478 2359 1564 2394 quae
1589 2346 1706 2383 videu-

173 2428 191 2444 u
204 2418 260 2448 tur
285 2414 388 2459 (pane
406 2416 443 2447 et
462 2413 559 2455 vino)
575 2416 610 2447 et
626 2411 720 2457 loqui
747 2413 866 2455 (-mur)
896 2409 938 2446 de
966 2410 1159 2457 praesentia
1185 2409 1256 2445 vivi
1282 2410 1431 2445 Christi:
1458 2411 1587 2445 scimus
1611 2411 1702 2445 enim

172 2474 295 2520 nquod
321 2485 411 2509 mors
436 2473 488 2509 illi
503 2473 593 2508 ultra
606 2485 673 2507 non
689 2471 956 2507 dominabitur.”
992 2471 1167 2507 Producto
1193 2471 1256 2506 hoc
1282 2471 1368 2512 loco,
1388 2483 1452 2518 ego
1472 2470 1564 2507 illam
1583 2475 1704 2507 contra

172 2547 234 2571 nos
269 2535 355 2571 nihil
394 2536 505 2570 facere
543 2534 716 2581 respondi,
741 2534 770 2568 si
796 2532 901 2568 verba
927 2533 1165 2569 Consessionis
1192 2533 1423 2580 Augustanae
1448 2533 1534 2580 Cap.
1556 2535 1598 2569 13
1624 2533 1704 2569 huic

171 2597 364 2632 sententiae
383 2596 633 2642 adiungantur:
660 2606 804 2641 nncinpe
825 2593 892 2629 fide
908 2606 969 2628 nos
986 2594 1160 2640 percipere
1177 2594 1336 2640 (gratiam
1356 2604 1457 2639 quam
1481 2593 1701 2629 Sacramenta

169 2658 383 2705 significant)
415 2669 527 2704 quae
565 2668 641 2703 per
678 2657 801 2691 Sacr.
840 2655 1210 2702 significantur”
1249 2659 1285 2689 et
1309 2656 1497 2690 retineatur
1525 2654 1699 2689 Ecclesiae

171 2718 373 2753 Catholicae
391 2717 562 2753 doctrina.
591 2717 672 2752 Non
691 2727 765 2751 esse
790 2716 839 2751 ita
863 2714 1072 2761 alligandum
1100 2718 1210 2749 terrae
1233 2714 1482 2749 usumCoenae
1501 2713 1583 2759 quin
1599 2713 1701 2748 corda

170 2779 213 2814 ad
251 2778 438 2813 Dominum
464 2789 601 2812 sursum
627 2777 663 2812 111
687 2776 763 2823 ipso
788 2776 925 2811 Coenae
953 2787 1017 2810 usu
1042 2775 1256 2811 attollamus.
1307 2775 1493 2812 Quatenus
1519 2774 1607 2808 enim
1637 2773 1702 2809 lide

170 2838 356 2886 percipitur
379 2838 490 2884 gratia
503 2849 604 2884 quam
630 2837 852 2872 Sacramenta
878 2835 1089 2882 significant,
1114 2838 1150 2870 et
1174 2836 1259 2870 fides
1285 2834 1370 2870 nihil
1389 2834 1424 2869 111
1445 2833 1556 2874 terris,
1573 2834 1700 2870 nedum

171 2903 206 2937 in
241 2899 377 2936 Coenae
413 2898 519 2945 ipsius
557 2898 737 2934 elementis
774 2898 943 2940 (intuetur
978 2901 1039 2932 aut
1067 2898 1233 2944 quaerit),
1258 2896 1318 2932 sed
1353 2896 1388 2930 111
1413 2907 1495 2930 suae
1520 2907 1699 2932 conversa·
