1830 3147
196 115 260 161 [A.
286 113 330 158 D,
354 114 467 161 1564]
927 115 997 154 '756

195 222 238 259 de
271 222 528 259 Illustrissimae
561 220 787 258 Celsitudinis
817 223 899 258 tuae
923 222 1111 258 virtutibus
1146 225 1182 259 et
1215 223 1342 270 pietate
1375 223 1571 271 praedicare
1603 236 1643 260 ac
1667 224 1719 260 iu-

196 284 308 320 cunde
333 283 450 320 multis
473 283 693 320 audientibus
720 294 878 319 enarrare
912 283 1047 320 solebat
1069 283 1212 320 maritus
1235 296 1329 321 meus
1355 284 1437 320 dum
1466 285 1608 322 viveret.
1655 284 1722 320 Sed

195 344 297 381 luctu
320 355 361 380 ac
385 356 538 380 moerore
561 356 661 391 quem
686 356 729 380 ex
753 344 826 379 eius
854 347 964 380 morte
985 356 1210 391 conceperam
1228 345 1352 392 partim
1365 345 1542 392 impedita,
1561 344 1722 392 gravissi·

196 407 260 442 mis
294 407 396 442 etiam
428 408 464 441 et
496 405 704 441 difficillimis
730 405 878 451 negotiis
905 408 1084 451 occupata,
1108 404 1200 452 quod
1223 404 1439 441 institueram
1466 406 1588 445 facere,
1612 405 1720 441 oblita

196 479 283 503 sum.
330 467 434 502 Nunc
470 478 550 501 vero
584 464 721 500 tandem
756 476 884 500 memor
918 465 1011 500 illius
1048 477 1200 501 summae
1239 466 1499 502 benevolentiae
1533 466 1657 502 amoris
1682 476 1722 502 ac

195 527 304 563 studii
338 526 599 562 illustrissimae
624 525 852 562 Celsitudinis
880 529 975 567 tuae,
999 537 1069 573 quo
1095 525 1335 562 Illustrissima
1359 527 1541 563 Celsitudo
1567 530 1627 563 tua
1651 539 1723 562 ma-

196 589 299 623 ritum
334 600 459 627 meum,
491 587 599 622 virum
639 586 733 622 illum
762 587 934 629 eximium,
960 599 1027 622 nou
1054 588 1168 622 solum
1196 588 1239 622 ob
1267 588 1442 635 pietatem,
1468 588 1529 624 sed
1551 588 1653 623 etiam
1679 588 1723 623 ob

194 648 331 695 generis
357 647 573 695 splendorem
598 647 905 694 complectebatur,
931 649 981 684 sic
1004 651 1046 683 ut
1072 649 1209 684 omnino
1229 648 1447 685 charissimus
1465 649 1723 685 Illustrissimae

196 708 404 744 Celsitudini
439 712 519 744 tuae
553 712 655 747 esset,
689 721 772 744 sane
806 710 975 755 optimum
1007 710 1102 745 factu
1128 722 1202 745 esse
1227 710 1324 749 duxi,
1350 709 1379 746 si
1405 714 1474 746 tam
1500 723 1554 746 me
1579 710 1721 746 viduam

194 781 295 816 quam
322 770 451 816 prolem
478 770 562 811 81115,
587 770 729 816 pignora
750 770 794 805 ab
819 782 859 806 eo
886 771 965 806 mihi
992 770 1127 812 relicta,
1152 771 1411 807 illustrissimae
1426 770 1631 807 Celsitudini
1646 775 1724 806 tuae

196 830 479 866 commendarem.
528 830 631 866 Tanti
666 831 755 865 enim
783 832 946 866 momenti
973 831 1143 866 amicitiae
1172 832 1239 867 vim
1266 831 1357 878 apud
1384 832 1577 878 Principem
1603 833 1723 873 virum,

196 893 360 937 tantaque
395 890 521 937 pietate
558 890 699 938 aliisque
736 891 820 926 raris
854 893 1063 927 ornamentis
1102 904 1180 926 vero
1207 892 1386 939 inclytum,
1420 892 1532 927 valere
1559 895 1656 939 puto,
1685 896 1724 927 ut

196 950 289 986 illius
312 951 437 987 liberos
463 950 608 998 aliquem
634 953 894 987 usumfructum
922 953 1049 988 sentire
1076 966 1145 988 non
1170 953 1217 988 sit
1242 953 1405 999 iniquum.
1457 952 1501 988 Et
1525 964 1606 988 saue
1632 953 1659 988 si
1686 952 1725 988 li-

197 1013 290 1048 ceret
314 1011 444 1058 absque
469 1012 584 1059 aliqua
611 1012 819 1048 adulationis
846 1016 930 1048 nota
953 1013 1099 1049 virtutes
1125 1013 1385 1049 Illustrissimae
1404 1013 1629 1049 Celsitudinis
1643 1016 1723 1049 tuae

196 1072 414 1119 amplificare,
442 1084 481 1108 ac
506 1073 689 1108 amicitiam
715 1073 808 1109 illam
834 1086 921 1121 quae
947 1074 1038 1109 inter
1062 1074 1336 1110 Illustrissimam
1357 1073 1604 1109 Celsitudinem
1628 1077 1722 1109 tuam

198 1134 233 1166 et
267 1132 426 1167 maritum
451 1144 562 1168 meum
589 1133 752 1169 ioannem
779 1135 800 1169 a
825 1134 938 1170 Lasco
962 1134 1206 1170 intercesserat
1231 1134 1376 1171 dicendo
1402 1146 1579 1177 exornare,
1603 1134 1724 1170 luben-

197 1194 250 1227 ter
285 1193 444 1228 facerem.
493 1193 561 1229 Sed
594 1206 670 1230 cum
709 1194 767 1230 illa
804 1194 1062 1230 Illustrissimae
1099 1195 1306 1231 Celsitudini
1340 1194 1475 1230 abunde
1513 1198 1641 1232 testata
1666 1196 1723 1238 sit,

198 1257 283 1299 puto
320 1254 412 1301 quod
449 1255 563 1301 potius
597 1267 670 1290 eam
704 1256 738 1291 iu
776 1261 912 1302 pectore
944 1259 1050 1303 atque
1086 1260 1198 1292 mente
1230 1257 1350 1303 reponi
1385 1256 1492 1303 cupit,
1518 1268 1621 1303 quam
1648 1269 1724 1292 ver-

199 1313 319 1350 borum
355 1315 532 1351 lenociniis
567 1317 690 1352 efferri.
740 1317 863 1364 Itaque
900 1329 954 1352 me
987 1321 1152 1353 converto
1187 1317 1229 1352 ad
1254 1318 1342 1353 illud
1367 1318 1459 1365 quod
1485 1318 1587 1353 modo
1611 1319 1724 1366 attigi,

198 1389 318 1423 nempe
356 1388 433 1412 cum
469 1377 521 1413 hic
556 1378 674 1414 multis
712 1379 884 1426 angustiis
916 1379 1040 1415 afflicta
1077 1379 1140 1414 sim
1167 1378 1347 1426 liberisque
1373 1383 1509 1419 onusta,
1537 1392 1723 1427 parumque

199 1437 317 1472 auxilii
341 1437 383 1472 ab
409 1438 461 1480 iis,
486 1438 544 1485 qui
568 1438 667 1474 nobis
691 1438 809 1474 adesse
833 1439 1010 1481 deberent,
1037 1439 1072 1475 in
1097 1439 1168 1474 dies
1186 1440 1352 1486 experiar,
1380 1439 1635 1476 illustrissimae
1651 1440 1727 1476 Cel-

199 1498 360 1534 situdinis
386 1501 465 1533 tuae
490 1510 580 1534 1111118
606 1512 704 1545 opem
731 1500 875 1546 imploro
902 1503 1052 1547 petoque
1078 1502 1114 1535 ut
1141 1511 1201 1545 pro
1226 1500 1284 1535 illa
1317 1500 1443 1546 insigni
1470 1500 1722 1545 benevolentia,

199 1571 266 1606 qua
304 1560 466 1595 Ioannem
500 1559 521 1595 a
557 1560 671 1596 Lasco
698 1561 982 1609 prosequabatur,
1007 1561 1091 1596 velit
1116 1563 1236 1596 saltem
1263 1565 1298 1596 et
1323 1562 1357 1596 111
1383 1574 1435 1596 me
1462 1563 1598 1598 viduam
1625 1564 1723 1600 mise-

199 1631 270 1656 ram
295 1619 490 1667 liberosque
515 1621 586 1656 eius
612 1621 741 1657 rivulos
767 1621 899 1669 aliquos
925 1621 1141 1657 liberalitatis
1167 1633 1251 1656 suae
1277 1621 1514 1657 Illustrissima
1547 1623 1724 1660 celsitudo

199 1684 260 1718 tua
294 1681 461 1717 derivare.
511 1682 567 1718 Sic
601 1682 690 1718 enim
727 1683 828 1718 rebus
860 1683 942 1719 meis
967 1683 1177 1718 tenuissimis
1203 1685 1381 1718 succurret
1406 1686 1441 1718 et
1464 1683 1509 1719 ad
1532 1683 1723 1720 litterarum

199 1741 315 1777 studia
329 1763 371 1769 -
387 1742 476 1790 quod
491 1755 570 1789 prae
586 1743 754 1778 tenuitate
768 1744 973 1779 facultatum
989 1756 1138 1779 mearum
1153 1744 1262 1778 iacere
1277 1755 1406 1790 nequeo
1430 1764 1476 1769 —
1493 1743 1618 1780 liberos
1631 1758 1723 1781 meos

199 1803 423 1849 promovebit.
471 1803 538 1839 Sed
560 1803 601 1839 de
625 1803 699 1839 istis
723 1804 823 1839 rebus
850 1804 1013 1851 prolixius
1037 1816 1138 1852 agere
1163 1805 1254 1850 apud
1280 1803 1550 1840 Illustrissimam
1577 1805 1724 1841 Celsitu-

200 1863 313 1899 dinem
341 1866 434 1899 tuam
460 1864 554 1907 nolo,
578 1877 683 1912 quum
711 1864 848 1901 confido
873 1877 934 1912 pro
958 1877 1020 1901 sua
1044 1866 1172 1911 pietate
1199 1868 1234 1900 et
1261 1865 1385 1900 virtute
1412 1877 1451 1900 ac
1477 1866 1637 1901 memoria
1655 1879 1723 1903 ma-

200 1923 257 1958 riti
282 1924 349 1959 mei
374 1925 557 1960 iacturum.
598 1925 694 1960 Deus
721 1937 801 1961 vero
824 1925 1085 1960 Illustrissimae
1108 1924 1315 1960 Celsitudini
1341 1930 1422 1961 tuae
1449 1927 1597 1973 praemia
1618 1926 1723 1974 digua

199 1984 336 2020 referet.
391 1984 516 2020 Verum
560 1989 746 2032 antequam
776 1987 877 2021 finem
911 1986 1096 2033 imponam,
1130 1989 1209 2032 peto
1245 1986 1369 2022 obnixe
1406 1987 1449 2022 ab
1484 1987 1724 2023 Illustrissima

200 2044 415 2081 Celsitudine
451 2049 523 2088 tua,
547 2050 588 2082 ut
623 2047 710 2084 haue
742 2060 849 2082 meam
877 2047 922 2083 ad
946 2047 1220 2082 Illustrissimam
1244 2047 1492 2084 Celsitudinem
1518 2051 1611 2084 tuam
1644 2049 1726 2085 scri-

200 2104 302 2140 bendi
326 2105 519 2142 libertatem
544 2109 748 2154 aequissimo
773 2108 938 2154 suscipiat
961 2109 1086 2144 animo.
1137 2108 1217 2143 Hoc
1249 2109 1339 2143 enim
1373 2109 1448 2151 feci,
1482 2110 1604 2156 partim
1639 2111 1725 2146 freta

200 2165 365 2212 singulari
399 2167 516 2202 favore
541 2179 582 2203 ac
607 2168 789 2204 clementia
815 2169 1076 2203 illustrissimae
1103 2168 1328 2204 Celsitudinis
1354 2172 1447 2210 tuae,
1474 2170 1596 2215 partim
1621 2170 1724 2206 etiam

200 2225 347 2272 impulsa
372 2226 457 2262 duro
484 2229 701 2265 necessitatis
728 2229 797 2264 telo
823 2242 889 2276 quo
916 2241 1059 2276 premor.
1108 2229 1341 2265 Faelicissime
1367 2229 1455 2270 vale,
1486 2229 1724 2265 illustrissime

199 2286 384 2333 Princeps!
434 2288 601 2325 Dominus
624 2290 721 2325 Deus
747 2291 844 2331 faxit,
871 2295 910 2325 ut
935 2290 1130 2326 diutissima
1156 2290 1353 2325 valetudine
1379 2290 1616 2326 illustrissima
1642 2291 1724 2326 Cel·
1776 2337 1782 2340 Δ

199 2347 318 2383 situdo
343 2354 402 2384 tua
426 2349 468 2385 ad
495 2351 601 2386 totius
627 2351 744 2398 populi
771 2352 820 2387 tui
846 2352 990 2387 salutem
1017 2363 1057 2387 ac
1092 2351 1267 2387 Ecclesiae
1294 2351 1424 2387 Christi
1443 2353 1725 2399 propagationem

199 2408 346 2445 fruatur.
395 2410 522 2446 Datum
558 2411 774 2454 Pinczoviae,
806 2412 970 2459 oppidulo
1004 2412 1226 2454 Polonorum‚
1259 2413 1303 2446 14
1337 2412 1429 2447 Iunii
1454 2412 1559 2448 Anno
1585 2413 1725 2448 Domini

199 2471 304 2506 1564.
330 2471 355 2515 1)

721 2533 977 2569 Illustrissimae
1002 2533 1209 2570 Celsitudini
1234 2536 1314 2569 tuae
1337 2533 1551 2569 deditissima
1577 2531 1677 2569 vidua

1107 2595 1337 2631 KA‘ffiAnmn
1363 2594 1383 2629 a
1409 2594 1540 2630 LAsco.

243 2702 266 2740 ¹)
290 2702 381 2734 Hane
406 2715 530 2747 quoque
553 2716 602 2747 ep.
628 2704 770 2748 syllogae
794 2709 923 2738 nostrae
946 2706 1149 2744 inseruimus,
1173 2705 1247 2748 quia
1270 2705 1395 2754 tristem
1418 2705 1484 2736 eius
1506 2703 1619 2736 viduae
1641 2703 1726 2736 vitae

198 2756 355 2789 rationem
378 2762 443 2791 tani
467 2761 591 2804 egregie
614 2762 654 2793 ob
680 2762 788 2794 oculos
811 2762 912 2804 ponit.
936 2762 1092 2794 Vitiosam
1118 2762 1309 2794 latinitatem
1332 2761 1444 2793 viduae
1461 2760 1554 2792 facile
1569 2759 1731 2801 ignosces!
