1830 3147
222 35 282 82 [A.
311 34 353 69 1).
381 33 491 79 1551]
958 32 1022 69 702

219 142 360 188 quidem
400 140 549 188 amplius
583 139 847 187 quoquomodo,
881 139 1010 175 nedum
1043 139 1240 187 impugnari
1273 140 1459 187 patiamur,
1496 152 1576 176 cum
1613 141 1753 178 interim

219 202 365 246 Paulus,
408 203 524 238 onmia
555 201 747 238 examinari
779 213 819 236 ac
853 199 1021 246 legitimis
1054 200 1291 236 Ecclesiarum
1327 201 1467 237 iudiciis
1491 201 1631 248 probari
1645 202 1757 239 svelit.

219 263 292 299 Ubi
317 264 408 299 enim
434 275 591 309 unquam
617 266 671 298 est
696 265 814 298 actum
839 261 1000 308 legitimo
1026 261 1204 308 colloquio
1230 262 1273 298 de
1298 263 1575 299 Sacramentaria
1593 264 1654 299 hac
1671 276 1752 300 con-

220 324 416 360 troversia?
465 324 536 370 Agi
576 323 717 370 quidem
760 326 921 370 coeperat
962 322 1165 369 Martburgi
1199 323 1290 371 apud
1323 325 1509 360 Cattorum
1541 325 1755 373 Principem,

221 385 280 421 sed
305 385 454 431 transigi
471 397 543 420 non
569 385 699 432 potuit.
725 385 876 420 Interim
901 387 1017 420 tamen
1046 385 1121 420 sine
1147 384 1266 421 fructu
1291 399 1362 422 non
1387 385 1546 422 habitum
1571 386 1659 422 illud
1684 386 1754 423 col-

220 445 391 493 loquium,
418 446 712 493 quemadmodum
738 445 919 481 Lutherus
945 445 1092 493 ipsemet
1117 446 1287 492 agnoscit.
1330 448 1556 483 Conventum
1581 452 1635 483 est
1662 449 1754 484 enim

220 508 264 543 de
289 507 411 543 multis
437 510 473 543 et
498 508 663 554 gravibus
690 507 869 554 religionis
896 507 1068 554 capitibus
1095 509 1131 543 et
1157 520 1235 555 spes
1260 510 1334 544 erat
1352 509 1645 545 Sacramentariae
1671 522 1756 556 quo-

221 582 290 616 que
323 569 540 612 concordiae,
580 569 648 605 nisi
682 569 776 604 illam
802 569 891 604 male
918 569 1035 604 feriati
1061 569 1203 615 quidam
1228 581 1350 605 rursus
1375 570 1531 606 homines
1556 570 1756 618 impedivis-

223 633 314 667 sent.
365 630 498 676 Quidni
530 643 616 667 vero
648 643 743 666 nunc
779 630 992 674 succederet,
1024 630 1120 677 quod
1159 635 1262 667 antea
1292 634 1432 667 tantum
1466 645 1537 668 non
1563 632 1757 668 successit?

221 690 367 726 Utinam
405 703 487 727 vero
521 691 618 727 Deus
652 691 783 727 excitet
816 691 968 738 aliquem
1001 691 1200 739 Principem
1233 692 1295 739 qui
1321 693 1475 728 animum
1499 693 1641 729 adiiciat
1666 693 1758 729 serio

222 751 265 787 ad
305 752 545 799 componenda
578 752 662 788 haec
696 753 734 788 in
770 752 942 799 religione
976 752 1129 796 dissidia,
1165 755 1274 800 atque
1297 753 1383 790 adeo
1416 754 1551 790 utinam
1576 756 1620 790 tu
1643 755 1673 790 is
1698 755 1758 798 sis,

221 814 392 862 Princeps
419 813 683 850 Illustrissime!
712 814 776 861 qui
801 814 837 850 id
862 813 968 850 semel
994 814 1030 850 111
1055 814 1211 850 animum
1236 814 1398 851 inducas!
1447 815 1558 860 Quam
1577 815 1668 851 enim
1685 827 1756 851 me·

222 875 366 911 moriam
392 876 542 912 nominis
569 875 624 911 tui
648 875 759 922 magis
785 874 954 911 celebrem
979 875 1016 910 in
1042 875 1175 911 Christi
1199 875 1354 912 Ecclesia
1380 875 1589 923 relinque-re,
1607 875 1759 922 denique

222 949 410 984 quemnam
444 937 610 973 maiorem
644 937 721 973 Deo
754 936 891 972 cultum
917 938 1094 984 praestare
1119 949 1249 984 posses,
1286 949 1391 983 quam
1417 937 1447 973 si
1473 937 1653 974 doctrinae
1687 936 1756 972 dis-

223 999 312 1035 sidia
338 999 412 1035 tuis
447 999 613 1047 auspiciis
639 999 677 1034 iu
703 998 835 1035 Christi
868 998 1028 1035 Ecclesia
1059 999 1340 1046 componantur?
1396 999 1565 1035 Videmus
1597 998 1760 1046 Papistas

222 1061 391 1097 adversus
428 1073 492 1097 nos
526 1073 645 1097 omnes
679 1060 930 1109 propemodum
965 1063 1214 1097 concatenatos
1250 1073 1336 1104 esse,
1379 1063 1415 1097 et
1447 1061 1542 1097 inter
1566 1073 1631 1097 nos
1656 1073 1758 1098 nemo

224 1125 278 1159 est
304 1123 366 1170 qui
392 1123 526 1170 cogitet
561 1123 603 1159 de
628 1122 793 1159 tollendis
821 1122 1001 1159 doctrinae
1026 1122 1189 1159 dissidiis.
1226 1122 1305 1159 Imo
1330 1136 1401 1159 non
1427 1123 1565 1167 desunt,
1592 1122 1653 1170 qui
1678 1135 1757 1158 eum

224 1183 455 1220 abominanda
480 1184 596 1231 Papae
620 1183 822 1220 idololatria
848 1183 1016 1230 coniungi
1043 1184 1177 1227 malint,
1205 1196 1310 1230 quam
1335 1197 1400 1220 nos
1417 1184 1602 1220 admittere
1620 1183 1663 1219 ad
1680 1183 1759 1219 doc-

223 1245 337 1281 trinae
371 1247 514 1281 nostrae
545 1244 843 1292 approbationem,
880 1257 959 1281 cum
993 1257 1057 1280 1103
1082 1245 1224 1281 interim
1250 1247 1431 1288 testemur,
1458 1248 1567 1292 atque
1591 1244 1627 1280 id
1652 1245 1758 1280 etiam

224 1309 403 1354 praestare
436 1307 550 1354 parati
584 1306 705 1350 simus,
740 1319 815 1351 nos,
841 1306 871 1342 si
896 1308 1018 1342 nostra
1044 1306 1165 1343 solidis
1190 1319 1229 1343 ac
1253 1307 1445 1355 perspicuis
1472 1307 1665 1354 scripturae
1690 1308 1759 1342 tes-

226 1367 384 1403 timoniis
418 1367 642 1415 comprobare
675 1380 747 1404 nou
781 1380 960 1414 queamus,
995 1370 1103 1414 atque
1128 1367 1213 1403 adeo
1239 1368 1430 1404 catholicae
1456 1364 1560 1404 etiam
1585 1367 1761 1404 Ecclesiae

226 1441 410 1472 consensu,
449 1431 485 1465 et
519 1429 580 1465 alii
605 1442 688 1465 suae
713 1429 894 1465 doctrinae
920 1429 1035 1465 fontes
1061 1429 1097 1464 in
1124 1429 1306 1476 scripturis
1333 1431 1620 1472 commonstrent,
1645 1428 1761 1465 multo

227 1489 457 1526 libentissime
491 1492 647 1526 nostram
674 1490 885 1526 sententiam
910 1492 1112 1526 mutaturos
1138 1502 1223 1534 esse,
1250 1490 1354 1526 etiam
1381 1503 1459 1527 cum
1485 1490 1623 1538 publica
1647 1491 1761 1527 nostri

227 1552 487 1599 pudefactione.
537 1552 603 1588 Sed
647 1552 744 1588 Deus
778 1552 815 1587 111
849 1552 953 1588 caelis
986 1551 1085 1588 videt
1119 1552 1200 1588 haec
1235 1552 1362 1596 omnia,
1397 1556 1433 1588 et
1464 1565 1543 1588 cum
1577 1565 1640 1589 nos
1674 1553 1761 1588 nihil

228 1614 325 1650 aliud
367 1628 471 1662 quam
514 1614 661 1661 gloriam
705 1614 815 1662 ipsius
855 1614 1051 1650 certissimo
1095 1614 1329 1650 conscientiae
1374 1616 1516 1650 nostrae
1558 1613 1761 1650 testimonio

228 1687 449 1722 quaeramus,
485 1678 689 1722 expetamus
725 1675 857 1722 ubique
893 1675 967 1711 sive
992 1674 1133 1723 publica
1158 1674 1334 1722 colloquia
1368 1676 1473 1721 (quae
1499 1674 1600 1711 modo
1626 1675 1663 1711 in
1688 1688 1758 1711 mo-

228 1737 340 1773 destia
373 1740 409 1773 et
443 1737 714 1774 mansuetudine
753 1737 961 1780 Christiana,
1004 1737 1146 1773 semotis
1182 1736 1346 1773 convitiis
1380 1736 1561 1773 calumniis
1593 1749 1632 1772 ac
1663 1749 1760 1784 prae-

228 1799 368 1835 iudiciis
394 1799 657 1844 instituantur),
695 1798 847 1845 denique
873 1803 909 1834 et
934 1802 1055 1834 nostra
1080 1799 1196 1835 omnia
1220 1798 1386 1845 legitimis
1411 1798 1645 1834 Ecclesiarum
1670 1798 1760 1834 iudi-

228 1861 292 1897 ciis
319 1873 361 1897 07(
389 1861 493 1897 verbo
520 1862 587 1897 Dei
613 1860 850 1904 subiiciamus‚
866 1861 1070 1896 —interim
1096 1873 1179 1897 vero
1206 1873 1390 1908 nusquam,
1416 1862 1458 1896 ut
1492 1859 1616 1896 saltem
1642 1860 1760 1896 audia-

228 1934 320 1965 mur,
354 1935 540 1969 possumus
581 1922 778 1970 impetrare,
816 1923 939 1957 nostro
974 1921 1074 1957 nobis
1111 1921 1220 1957 officio
1257 1921 1373 1957 functi
1408 1933 1481 1957 esse
1514 1921 1684 1964 videmur,
1725 1923 1761 1956 et

230 1982 317 2026 Deo,
360 1983 432 2029 qui,
467 1985 509 2018 ut
546 1983 630 2026 dixi,
663 1983 746 2018 haec
771 1982 870 2018 videt
895 1982 1011 2018 omnia
1037 1984 1072 2018 et
1109 1987 1191 2018 ante
1225 1982 1326 2018 cuius
1351 1981 1507 2017 tribunal
1533 1981 1615 2018 olim
1641 1994 1760 2017 omnes

229 2043 404 2086 sistemur,
445 2056 584 2079 causam
621 2046 778 2079 nostram
813 2043 1105 2079 commendamus.
1162 2043 1259 2078 Haec
1294 2042 1407 2078 obiter
1438 2042 1557 2086 adieci,
1597 2043 1761 2089 Princeps

230 2103 494 2140 Illustrissime!
531 2107 672 2152 accepta
711 2104 892 2140 occasione
926 2103 1062 2139 oblatae
1096 2103 1179 2139 mihi
1213 2103 1316 2139 huius
1342 2103 1603 2150 disputationis,
1627 2103 1665 2138 111
1691 2116 1761 2150 qua

229 2165 309 2212 plus
345 2166 535 2213 aequitatis
571 2179 756 2213 agnoscere
791 2166 950 2212 cogimur
981 2165 1074 2213 apud
1099 2165 1297 2201 antichristi
1322 2164 1504 2209 satellites,
1539 2177 1643 2212 quam
1667 2165 1760 2213 apud

229 2239 289 2263 eos
316 2227 377 2273 qui
403 2227 587 2274 Euangelii
611 2228 760 2264 Patroni
784 2239 823 2263 ac
848 2227 1135 2274 Propugnatores
1161 2226 1278 2262 haberi
1302 2226 1440 2262 volunt.

791 2288 887 2324 Tuae
913 2287 1133 2324 celsitudinis
1158 2287 1424 2324 Illustrissimae
1449 2286 1738 2330 studiosissimus,
1790 2310 1796 2313 -

1012 2349 1181 2385 lomnes
1206 2350 1227 2385 ἐι
1252 2350 1382 2390 LAsco,
1407 2362 1451 2384 m.
1477 2361 1526 2396 pr.

273 2472 299 2511 ⁵)
325 2471 444 2502 Habita
475 2471 617 2503 Oxoniae
652 2473 683 2504 d.
713 2473 752 2503 14
782 2473 885 2514 April.
919 2475 951 2504 et
980 2483 1067 2514 seqq.
1101 2473 1193 2503 1554.
1230 2472 1280 2504 Cf.
1303 2472 1445 2510 ΞΤΒΥΡΕ,
1468 2482 1496 2502 o.
1519 2471 1540 2502 1.
1563 2470 1608 2501 11.
1629 2469 1669 2500 48
1693 2479 1763 2510 sqq.

229 2528 385 2564 BURNET,
409 2539 437 2558 o.
460 2527 482 2558 l.
505 2528 550 2559 II.
573 2528 646 2559 421.
668 2529 749 2559 Acta
772 2528 865 2560 huius
890 2528 1009 2570 disput.
1034 2528 1082 2560 ed.
1105 2528 1172 2559 Fox
1205 2528 1238 2559 in
1270 2527 1349 2559 Acts
1371 2527 1438 2558 and
1459 2527 1599 2559 Monum.
1619 2525 1677 2556 VI.
1698 2524 1760 2555 439

228 2591 299 2621 sqq.
323 2583 354 2612 ct
377 2582 510 2613 Rmmzr
533 2582 566 2613 in
589 2593 641 2624 op.
666 2583 786 2614 Parker
809 2583 875 2614 Soc.
