1830 3147
57 255 129 286 Act.
153 254 201 292 13,
226 254 276 285 24.

58 296 176 328 Titum.
202 297 229 328 1.

57 339 159 380 Ephe.
182 340 212 370 4.

60 381 144 412 Heb.
168 381 218 413 10.

58 423 177 455 Hebre.
201 423 229 456 7.

59 466 160 498 Hebr.
186 466 214 497 l.

57 508 157 539 Hebr.
181 508 211 541 2.

58 552 178 592 Apoca.
203 551 232 581 5.

58 813 147 847 Ioan.
172 814 200 847 1.

57 952 148 983 Ioan.
172 950 224 982 14.

58 993 160 1025 chr.
184 992 214 1023 1.

57 1035 155 1067 Phili.
178 1036 207 1066 2.

57 1079 148 1109 Ioan.
171 1077 200 1108 1.

59 1120 163 1161 Ephe.
187 1120 216 1150 2.

63 2173 147 2205 Mat.
171 2173 201 2204 l.

64 2215 143 2247 Luc.
168 2215 196 2246 1.

67 2258 159 2289 Gala.
181 2258 211 2289 4.

68 2695 171 2739 Ephe.
196 2696 225 2726 5.

66 2739 169 2773 Hebr.
193 2738 222 2770 2.

342 127 416 161 416
821 133 994 161 CATECH.
1026 133 1131 160 Ech.
1164 132 1279 159 LOND.

344 235 407 274 sed
451 235 684 273 extrinsecus
719 238 857 274 unctos
894 235 1106 273 sacerdotes
1145 235 1192 273 ad
1231 238 1384 273 externa
1429 235 1533 281 (49²³)
1572 231 1756 270 sacrificia

342 300 553 351 peragenda
591 300 715 337 nullos
769 300 955 349 agnoscit.
994 300 1183 337 Nimirum
1225 299 1409 344 Christus,
1447 297 1512 348 qui
1547 296 1661 334 unico
1688 309 1754 334 suo

343 364 527 402 sacrificio
564 369 754 402 aeternam
792 364 946 401 salutem
984 364 1160 401 omnibus
1197 363 1325 400 electis
1362 362 1519 412 adeptus
1559 365 1628 405 est,
1654 372 1756 397 nunc

342 431 398 466 est
444 432 685 479 remanetque
730 429 769 465 in
805 431 997 465 aeternnm
1037 427 1225 473 sacerdos,
1262 428 1403 464 Sancto
1441 425 1583 476 Spiritu
1619 429 1756 461 unctus

342 495 490 542 praeter
518 505 648 530 omnes
676 492 811 530 fratres
841 505 941 535 suos,
970 492 1034 542 qui
1063 505 1163 529 nunc
1193 492 1302 529 etiam
1333 503 1461 528 omnes
1488 489 1607 540 ipsius
1635 488 1755 539 pleni-

343 556 476 594 tudine
503 556 541 594 in
571 556 692 605 Reges
719 561 831 607 atque
858 556 1079 593 Sacerdotes
1109 555 1273 593 Domino
1302 555 1342 593 in
1369 554 1510 605 Spiritu
1532 566 1755 592 consecran-

345 625 420 659 tur.

924 750 1061 788 Interr.
1093 752 1179 787 136.

396 816 525 854 Quare
554 815 716 866 appellnt
744 827 826 852 eum
859 815 1054 866 Scriptura
1083 815 1234 852 unicum
1264 813 1334 851 Dei
1361 813 1508 850 filium?

993 880 1106 930 Resp.

396 945 455 983 Ad
503 950 639 984 certam
684 946 809 997 ipsum
846 946 943 983 inter
979 950 1092 995 atque
1127 957 1257 982 omnes
1294 943 1422 980 fideles
1461 940 1756 979 distinctionem.

342 1012 429 1062 Ipse
467 1011 566 1049 enim
603 1012 705 1049 solus
747 1025 765 1049 e
795 1015 925 1049 nutura
955 1014 1067 1061 atque
1096 1009 1224 1046 divina
1253 1008 1374 1046 Patris
1403 1006 1627 1050 substantia,
1655 1006 1757 1043 Deus

343 1089 387 1113 ex
418 1075 510 1118 Deo.
539 1079 574 1113 et
603 1075 783 1126 splendor
811 1075 956 1124 gloriae
982 1074 1100 1125 ipsius
1129 1078 1253 1117 natus,
1279 1086 1344 1123 per
1373 1085 1482 1122 quem
1511 1071 1624 1108 etiam
1652 1070 1756 1118 (49b)

344 1153 474 1178 omnes
510 1140 638 1177 fideles
672 1140 710 1177 in
750 1139 819 1177 Dei
855 1139 954 1177 filios
991 1138 1113 1188 gratia
1150 1137 1393 1188 adoptantur,
1430 1135 1496 1186 qni
1540 1134 1755 1184 ceteroquin

342 1204 449 1242 iuxta
476 1204 642 1242 indolem
673 1209 784 1254 atque
815 1208 988 1241 naturam
1017 1215 1122 1240 suam
1151 1201 1220 1239 filii
1247 1200 1324 1238 irae
1353 1212 1395 1236 nc
1426 1198 1556 1236 mortis
1585 1211 1664 1235 esse
1694 1198 1756 1234 de-

345 1269 508 1307 buerint.

921 1333 1059 1370 Interr.
1092 1334 1176 1372 137.

396 1399 569 1437 Quanam
601 1398 657 1436 via
689 1410 732 1435 ac
760 1397 905 1434 ratione
933 1396 1088 1447 adoptat
1117 1409 1185 1433 nos
1215 1395 1415 1433 Christus?

997 1461 1109 1511 Resp.

396 1527 452 1564 Ea
489 1527 648 1568 ratione,
685 1526 1001 1577 quemadmodum
1041 1526 1078 1562 in
1109 1524 1354 1575 sequentibus
1383 1523 1552 1560 articulis
1580 1525 1634 1571 (3,
1662 1525 1698 1567 4,
1725 1526 1760 1568 5,

347 1596 368 1630 6
398 1598 433 1630 et
463 1594 502 1640 7)
534 1595 861 1630 commemoratur.

925 1656 1062 1694 Interr.
1094 1657 1178 1692 138.

399 1721 602 1760 Quomodo
633 1723 770 1758 sonant
797 1719 881 1756 illi?

992 1785 1105 1834 Resp.

400 1851 478 1890 Qui
507 1854 712 1901 conceptus
743 1854 797 1887 est
825 1863 844 1887 e
874 1848 1017 1900 Spiritu
1048 1849 1204 1891 Sancto,
1232 1852 1343 1885 natus
1372 1860 1391 1884 e
1420 1846 1542 1884 Maria
1573 1845 1731 1895 virgine.

927 1979 1065 2017 Interr.
1096 1980 1181 2016 139.

402 2044 506 2083 Quid
535 2044 634 2081 hoc?

999 2107 1112 2157 Resp.

401 2174 499 2211 Vere
537 2173 660 2215 credo,
696 2176 888 2210 aeternum
927 2175 1038 2221 atque
1074 2171 1227 2208 unicum
1266 2171 1370 2218 (50³)
1408 2168 1478 2206 Dei
1511 2169 1630 2206 filium
1668 2168 1760 2206 citra

351 2253 500 2278 omnem
530 2237 739 2276 naturalem
767 2241 830 2274 aut
860 2236 1046 2273 carnalem
1077 2235 1147 2272 viri
1178 2234 1384 2285 cuiuspiam
1412 2238 1567 2277 tactum,
1596 2233 1760 2270 mirabili

350 2302 613 2342 tantummodo
643 2302 773 2339 Sancti
801 2300 963 2352 Spiritus
994 2300 1029 2336 vi
1058 2304 1224 2350 tempore
1254 2303 1474 2349 conceptum
1504 2311 1585 2336 esse
1613 2304 1647 2334 ct
1676 2296 1758 2346 qui-

352 2369 433 2406 dem
464 2381 590 2406 verum
621 2366 829 2404 naturalem
859 2364 1062 2408 hominem,
1090 2377 1108 2401 e
1133 2363 1254 2401 Maria
1284 2363 1428 2412 virgine
1455 2367 1597 2400 natum.

927 2494 1065 2532 Interr.
1094 2495 1179 2532 140.

406 2561 584 2613 Oportuit
612 2573 658 2599 ne
687 2559 878 2597 Christum
908 2572 1036 2597 verum
1065 2571 1144 2596 esse
1173 2556 1390 2595 hominem?

1004 2624 1123 2674 Hesp.

406 2690 495 2728 Non
536 2693 683 2727 tantum
723 2700 847 2725 verum
891 2687 1094 2731 hominem,
1130 2687 1192 2724 sed
1224 2690 1372 2723 nostrae
1409 2683 1531 2721 carnis
1567 2682 1762 2733 nostrique

355 2755 552 2804 sanguinis
580 2754 814 2805 participem.
