1830 3147
174 117 247 154 146

178 236 362 278 quatenus
397 226 569 264 videlicet
607 238 736 263 omnes
770 239 869 264 unus
906 231 1018 277 atque
1056 226 1157 264 idem
1186 226 1298 265 homo
1324 227 1364 265 in
1394 226 1559 273 Christo,
1587 239 1713 264 coram

179 293 298 330 oculis
325 292 447 330 Patris
475 291 546 328 Dei
573 304 652 328 esse
682 303 888 338 censemur,
905 292 1222 343 quemadmodum
1243 293 1381 330 Paulus
1413 293 1520 329 docet
1538 293 1578 340 ¹).
1609 292 1713 330 Haec

179 364 303 396 autem
340 358 422 408 ipsa
450 356 664 394 communio
693 363 821 394 nostra
851 370 936 394 cum
965 357 1116 394 Christo
1145 357 1301 407 perinde
1329 364 1407 395 erat
1435 358 1524 394 olim
1554 357 1714 395 circum-

178 422 332 460 cisionis
376 425 410 459 et
448 434 584 458 coenae
621 420 813 458 Paschalis
848 420 1082 471 mysterium,
1117 426 1230 472 atque
1267 434 1368 459 nunc
1405 426 1461 459 est
1497 421 1537 458 111
1576 421 1718 458 Christi

178 487 346 525 Ecclesia
382 491 417 524 et
452 485 637 536 Baptismi
672 486 891 535 mysterium
930 491 965 523 et
1003 485 1225 523 Dominicae
1263 486 1420 532 Coenae,
1458 487 1604 524 etiamsi
1632 486 1716 524 aliis

176 559 287 604 atque
323 552 406 589 aliis
434 551 553 601 signis
580 551 881 597 adumbraretur,
910 551 983 589 nisi
1012 552 1115 602 quod
1142 555 1224 590 tum
1252 552 1396 590 venturi
1425 552 1548 589 adhuc
1575 551 1717 590 Christi

176 603 525 665 commu—(210)nio
563 615 844 665 designabatur,
872 629 974 653 nunc
1002 622 1126 653 autem
1155 616 1314 654 exhibiti
1341 616 1600 656 adumbratur.
1655 617 1716 654 Ita

174 684 214 720 in
254 682 539 720 circumcisione
568 687 720 719 cruenta
747 682 813 720 illa
840 682 1027 733 praeputii
1055 683 1262 733 amputatio
1291 687 1461 721 nostram
1490 696 1575 721 cum
1604 682 1716 720 Chri-

177 756 255 786 stro
294 748 459 786 Domino
498 747 801 785 communionem
840 748 879 785 in
910 760 1064 798 corpore
1093 754 1128 785 et
1157 748 1340 798 sanguine
1369 748 1486 799 ipsius
1514 747 1717 785 adumbra-

176 814 252 859 bat,
297 817 482 864 quatenus
532 812 741 850 testabatur
786 812 1140 850 condemnationem
1178 818 1346 851 nostram
1383 813 1498 850 accisi
1531 812 1717 864 praeputii

175 879 347 929 symbolo
375 879 414 916 in
444 877 585 915 Christi
613 891 768 929 corpore
795 878 916 928 (quod
946 878 1068 916 carnis
1098 883 1248 916 nostrae
1276 891 1410 929 corpus
1430 879 1599 916 futurum
1618 879 1715 926 erat)

174 943 441 995 amputandam
470 956 549 980 esse
578 956 660 980 cum
689 942 953 994 propitiatoria
983 943 1179 992 sanguinis
1208 943 1325 994 ipsius
1354 942 1546 982 effusione.
1591 942 1651 980 Ita
1680 946 1716 980 et

172 1010 211 1047 in
249 1009 339 1059 agni
366 1008 558 1047 Paschalis
587 1021 715 1053 coena,
742 1008 829 1058 agni
856 1008 1050 1054 mactatio,
1076 1008 1241 1059 postium
1273 1008 1482 1047 cruentatio
1510 1008 1557 1046 ad
1583 1008 1715 1060 plagae

174 1073 429 1119 evitationem,
464 1074 554 1123 agni
591 1073 709 1125 ipsius
745 1073 893 1124 typicus
931 1087 1014 1111 esus
1052 1074 1305 1111 adumbrabat
1341 1087 1408 1112 suo
1446 1073 1617 1124 symbolo
1645 1085 1716 1111 no·

176 1143 273 1176 strae
310 1143 422 1190 atque
457 1138 560 1176 illius
596 1138 671 1176 iam
710 1143 802 1175 tunc
830 1137 1022 1175 Ecclesiae
1051 1138 1355 1176 communionem
1385 1151 1469 1175 oum
1498 1137 1648 1175 Christo
1676 1137 1717 1174 in

175 1217 329 1255 corpore
365 1207 402 1242 et
439 1204 624 1253 sanguine
658 1202 788 1254 ipsius,
825 1208 1010 1254 quatenus
1055 1217 1144 1241 sane
1179 1208 1214 1241 et
1251 1217 1335 1241 esus
1372 1203 1462 1253 agni
1498 1203 1577 1254 ipse
1612 1215 1715 1240 com-

172 1271 390 1308 munionem
421 1282 504 1306 eum
540 1282 628 1307 vero
656 1273 787 1306 nostro
817 1281 916 1318 agno
947 1268 1099 1306 Christo
1127 1268 1292 1307 Domino
1323 1273 1359 1306 et
1386 1268 1551 1320 postium
1580 1281 1714 1306 cruen-

174 1336 267 1373 tatio
305 1336 344 1373 in
380 1335 562 1384 sanguine
598 1334 687 1383 agni
724 1333 977 1384 expiationem
1014 1338 1183 1372 nostram
1219 1347 1285 1385 per
1323 1334 1544 1384 sanguinem
1575 1334 1716 1372 Christi

175 1413 242 1437 suo
272 1399 443 1449 symbolo
473 1398 708 1448 designabat.
739 1399 799 1435 Ita
827 1411 914 1435 vero
943 1403 979 1435 et
1007 1411 1110 1436 nunc
1136 1398 1176 1436 in
1204 1398 1401 1450 Baptismo
1430 1402 1561 1436 nostro
1580 1399 1715 1436 tinctio

179 1468 307 1502 nostra
336 1464 375 1501 in
403 1468 563 1501 mortem
593 1463 745 1509 Christi,
773 1462 939 1513 adeoque
966 1463 1005 1500 in
1028 1463 1222 1500 Christum
1241 1464 1379 1515 ipsum,
1399 1463 1714 1515 quemadmodum

176 1528 314 1565 Paulus
342 1527 394 1564 ait
413 1525 458 1575 2),
485 1531 653 1564 nostram
682 1526 794 1563 nobis
824 1539 908 1563 cum
937 1526 1088 1563 Christo
1117 1526 1282 1564 Domino
1305 1527 1607 1564 communionem
1626 1540 1715 1578 pro·

177 1592 357 1630 culdubio
395 1591 608 1629 adumbrat.
662 1590 819 1641 Alioqui
858 1603 946 1627 sane
980 1591 1019 1628 in
1049 1591 1240 1629 Christum
1271 1591 1453 1642 baptizari
1481 1605 1558 1629 non
1585 1604 1714 1642 posse-

177 1670 272 1703 mus,
302 1657 333 1694 si
359 1668 435 1694 non
465 1656 630 1706 aliquam
659 1668 744 1692 cum
772 1655 838 1692 illo
868 1655 1169 1693 communionem
1199 1655 1239 1693 in
1261 1657 1552 1707 cor—(211)pore
1573 1659 1609 1693 et
1630 1669 1715 1693 sen-

175 1722 291 1772 ζ(1111110
317 1722 434 1772 ipsius
462 1721 695 1758 haberemus.

229 1787 290 1824 Ad
327 1787 484 1824 eundem
521 1785 675 1822 modum
711 1784 827 1834 igitur
864 1784 976 1822 etiam
1015 1784 1142 1822 eadem
1176 1784 1255 1835 ipsa
1294 1788 1423 1822 nostra
1451 1797 1532 1821 cum
1564 1783 1715 1821 Christo

178 1849 343 1888 Domino
379 1849 592 1887 communio
631 1848 778 1885 Coenae
805 1847 1026 1885 Dominicae
1054 1862 1124 1885 usu
1152 1848 1411 1895 adumbratur,
1446 1848 1546 1899 quod
1574 1849 1622 1886 ad
1650 1862 1715 1886 ex-

178 1918 325 1952 ternam
361 1914 462 1951 illius
498 1914 687 1951 actionem
716 1926 781 1950 seu
810 1913 1057 1950 ceremoniam
1087 1912 1234 1958 attinet,
1262 1913 1367 1951 iuxta
1396 1914 1563 1963 singulas
1590 1917 1714 1964 partes

176 1979 306 2030 ipsius,
334 1979 647 2030 quemadmodum
677 1991 765 2015 mox
791 1978 1044 2016 ostendemus.

231 2044 318 2081 Hoc
354 2048 478 2081 autem
517 2043 793 2080 communionis
828 2047 978 2080 nostrae
1016 2055 1100 2079 cum
1139 2042 1290 2080 Christo
1327 2042 1546 2092 mysterium
1583 2046 1716 2094 potens

180 2114 292 2159 atque
327 2109 454 2146 efficax
491 2113 558 2153 est,
596 2111 636 2145 ut
663 2107 704 2145 iu
733 2107 816 2145 aliis
846 2106 1112 2152 Sam-amentis,
1139 2107 1190 2144 ita
1219 2108 1259 2144 in
1288 2107 1434 2144 Coenae
1462 2120 1609 2158 quoque
1635 2107 1715 2145 Do-

181 2173 340 2210 minicae
367 2186 450 2218 usu,
487 2172 679 2222 exeritque
709 2171 782 2208 vim
814 2185 918 2208 suam
946 2171 1211 2222 proculdubio,
1245 2171 1276 2208 si
1305 2184 1389 2208 vera
1418 2171 1491 2209 fide
1518 2172 1558 2209 in
1577 2172 1717 2209 nostris

183 2237 359 2275 cordibus
394 2237 708 2288 apprehendatur.
764 2236 956 2274 Admonet
993 2248 1062 2273 nos
1091 2236 1270 2273 nimirum
1301 2249 1430 2274 omnes
1458 2236 1579 2273 nostri
1606 2236 1717 2274 vicis-

180 2303 250 2339 sim
286 2315 374 2352 erga
407 2302 528 2339 Deum
562 2301 673 2340 officii
710 2308 934 2352 nostraeque
960 2301 1203 2350 gratitudinis
1239 2314 1326 2350 erga
1362 2301 1470 2338 illum
1506 2314 1573 2352 pro
1601 2301 1716 2339 tantis

182 2368 283 2405 illius
320 2381 408 2416 erga
435 2380 504 2423 nos
530 2367 571 2404 in
600 2367 752 2404 Christo
782 2366 986 2413 benefieiis,
1014 2380 1061 2404 ne
1087 2367 1186 2404 inter
1214 2372 1490 2417 contemptores
1518 2367 1597 2404 eius
1624 2367 1714 2403 olim

182 2447 431 2472 numeremur.
482 2434 678 2471 Quatenus
706 2447 796 2482 ergo
826 2434 971 2471 Coenae
999 2433 1219 2471 Dominicae
1247 2437 1283 2470 et
1309 2433 1467 2470 aliorum
1497 2433 1715 2470 Sacramen-

182 2506 306 2536 torum
346 2513 416 2537 usu
453 2499 621 2537 Ecclesia
640 2512 723 2550 per
758 2499 869 2536 fidem
897 2498 936 2535 in
965 2512 1030 2535 sua
1060 2512 1143 2535 cum
1173 2498 1326 2536 Christo
1355 2498 1519 2535 Domino
1549 2510 1716 2534 commu-

138 2592 142 2593 .
186 2565 298 2602 nione
334 2565 569 2614 obsignatur,
605 2577 648 2601 ac
676 2576 823 2601 rursum
853 2568 1037 2613 quatenus
1065 2564 1265 2613 obsignata
1293 2563 1340 2600 ad
1369 2563 1470 2599 hunc
1496 2562 1647 2600 modum
1677 2563 1715 2600 in

184 2630 323 2681 nostris
359 2630 494 2666 animis
531 2629 744 2667 communio
780 2629 871 2665 haec
908 2628 1028 2665 nostri
1071 2641 1138 2665 nos
1168 2627 1330 2666 vicissim
1360 2627 1469 2664 officii
1496 2631 1716 2677 nostraeque

184 2707 270 2743 erga
299 2693 419 2731 Deum
447 2694 690 2742 gratitudinis
718 2693 906 2738 admonet,
935 2693 1115 2730 hactenus
1143 2706 1212 2730 nos
1232 2693 1305 2730 duo
1327 2692 1509 2743 quaedam
1527 2692 1718 2741 mysteria,

186 2772 250 2796 seu
288 2758 380 2795 duas
407 2758 576 2808 mysterii
602 2758 711 2796 unius
739 2762 861 2808 partes
890 2757 1135 2806 no-(2l2)bis
1164 2757 1352 2806 designari
1381 2756 1553 2803 dicimus,
1579 2756 1618 2793 in
1645 2769 1715 2794 usu

227 2887 252 2927 ¹)
278 2885 346 2918 Gai.
370 2885 399 2917 3.
639 2865 644 2875 ’
841 2883 871 2924 2)
894 2884 986 2915 Rom.
1011 2884 1039 2915 6.
1085 2883 1152 2916 Gal.
1178 2884 1206 2916 3.
