1830 3147
148 107 195 145 ‘1⁴6

193 217 282 255 Post
316 215 509 254 absolutas
536 213 852 263 interrogationes
878 213 1094 253 istiusmodi
1119 218 1155 254 et
1181 213 1445 267 responsiones
1485 214 1676 254 Ecclesia-

143 288 231 327 stes,
259 295 363 320 versa
390 280 438 318 ad
465 284 585 318 totam
610 278 819 318 Ecclesiam
845 280 1029 325 oratione,
1055 281 1159 332 quod
1177 280 1271 319 haec
1288 280 1460 319 videlicet
1480 280 1528 318 ab
1547 280 1677 320 electis

142 347 219 386 illis
246 345 466 385 Senioribus
493 345 575 384 sine
599 344 781 397 peculiari
805 344 928 394 gratia
955 349 993 382 et
1028 358 1100 397 ope
1131 344 1205 384 Dei
1228 345 1413 397 praestari
1430 345 1682 397 nonpossint,

142 411 407 450 adhortatibur
440 410 650 448 Ecclesiam
677 410 726 448 ad
751 409 994 462 precandum.
1048 410 1113 456 Et,
1139 411 1377 449 auscultante
1403 414 1482 449 tota
1509 410 1680 449 Ecclesia

143 489 187 514 38
211 475 252 513 111
278 488 401 525 genua
427 474 708 527 procumbente,
733 474 949 527 precabitur
977 474 1024 512 ad
1052 474 1154 513 hunc
1181 474 1358 514 modum:

143 607 365 646 Precatio
394 605 525 644 circa
553 605 808 644 Seniorum
837 602 1229 643 subsidiariorum
1258 594 1686 654 inaugurationem*

198 735 393 773 :Domine
426 734 515 773 Iaeu
552 733 719 772 Christe!
746 733 802 770 fili
828 733 900 771 Dei
927 732 1023 770 vivi!
1049 731 1116 784 qui
1142 737 1244 770 tuam
1269 732 1311 770 in
1336 733 1445 770 terris
1472 731 1681 771 Ecclesiam

141 799 319 838 ordinato
354 812 419 850 per
444 803 484 837 te
509 797 706 837 hominum
733 797 780 836 ad
808 797 847 835 id
876 800 1097 834 vocatorum
1134 795 1349 835 Ministerio
1386 796 1441 835 vis
1467 796 1516 835 ad
1544 796 1684 835 saeculi

143 877 261 916 usque
305 866 393 913 (45)
430 863 793 901 consummationem
827 861 1031 912 gubernari
1062 861 1104 910 ¹),
1140 866 1176 899 te
1211 874 1314 900 nunc
1350 861 1537 913 supplices
1571 861 1682 899 invo-

143 941 284 973 camus,
317 933 360 966 ut
395 927 508 965 hosce
544 926 644 964 viros
689 927 824 964 fratres
859 931 1023 968 nostros,
1050 938 1160 976 quos,
1185 925 1223 963 in
1251 930 1317 964 tuo
1347 926 1500 963 nomine
1525 925 1573 964 ad
1604 925 1680 963 Mi-

144 993 340 1032 nisterium
378 992 647 1042 gubernandae
681 997 768 1030 tuae
804 991 914 1029 huius
951 990 1145 1029 Ecclesiae
1180 991 1332 1033 electos,
1366 991 1439 1030 tibi
1466 1004 1552 1030 ecce
1579 991 1681 1029 sisti-

142 1072 240 1105 mus,
275 1058 386 1097 donis
420 1057 542 1096 sancti
574 1057 632 1095 tui
666 1057 922 1108 adorandique
949 1057 1112 1107 Spiritus
1137 1056 1327 1095 illustrare
1351 1056 1404 1095 ita
1433 1056 1613 1106 digneris,
1642 1061 1685 1094 ut

143 1125 184 1164 in
220 1125 288 1162 illo
315 1129 443 1162 sancte
469 1129 505 1161 et
532 1122 692 1161 fideliter
719 1122 859 1160 versari
896 1121 1038 1173 illoque
1064 1121 1113 1160 ad
1139 1122 1253 1159 finem
1280 1135 1398 1173 usque
1423 1114 1590 1171 legitime
1618 1122 1683 1160 de-

145 1189 255 1240 fungi
289 1189 450 1241 possint,
475 1187 523 1225 ad
549 1192 656 1226 tuam
681 1187 800 1239 ipsius
842 1192 879 1225 et
904 1187 1028 1225 Patris
1055 1186 1111 1225 tui
1140 1187 1312 1225 eoelestis
1339 1187 1501 1237 gloriam
1527 1187 1684 1225 immor-

146 1255 271 1300 talem,
306 1267 418 1306 quem
451 1252 624 1305 proinde,
659 1259 700 1290 ut
726 1252 793 1290 abs
820 1256 858 1290 te
884 1251 1008 1290 edocti
1045 1264 1188 1297 sumus,
1215 1252 1402 1303 supplices
1431 1252 1545 1291 8113111
1571 1252 1682 1290 invo-

147 1331 295 1357 mmus:
348 1317 459 1356 Pater
484 1321 614 1355 noster
641 1320 701 1354 etc
728 1314 801 1364 2)”.

197 1447 326 1487 Ἑ111113
358 1446 575 1500 precatione
610 1445 796 1484 accedunt
829 1445 878 1483 ad
913 1445 1052 1484 8188105
1089 1444 1262 1483 Seniores
1288 1444 1423 1496 reliqui
1452 1444 1621 1484 Ministri
1648 1449 1686 1484 et

148 1514 322 1553 Seniores
366 1511 558 1551 Ecclesiae
602 1524 732 1549 omnes
774 1510 816 1548 in
852 1515 1052 1562 prospectu
1087 1509 1203 1548 totius
1237 1509 1430 1548 Ecclesiae
1465 1513 1577 1561 atque
1611 1523 1686 1548 una

148 1593 278 1618 omnes
305 1578 491 1630 capitibus
517 1578 723 1616 electorum
751 1590 882 1615 manus
909 1577 1110 1628 imponunt
1129 1573 1341 1628 ³)‚-quibus
1367 1575 1479 1614 etiam
1506 1576 1685 1614 assistens

146 1644 393 1683 Ecclesiastes
439 1655 482 1680 ac
515 1655 650 1680 manus
686 1647 723 1679 et
759 1641 838 1693 ipse
875 1641 1062 1693 capitibus
1099 1640 1304 1679 electorum
1338 1640 1549 1692 imponenS,
1587 1641 1685 1679 clara

148 1722 240 1748 voce
265 1708 501 1747 auscultante
526 1711 608 1746 tota
635 1706 806 1745 Ecclesia
833 1706 947 1746 dicit:

202 1839 336 1877 ,Deus
363 1844 400 1877 et
426 1838 536 1877 Pater
563 1842 691 1876 noster
718 1836 900 1882 coelestis,
926 1837 992 1887 qui
1019 1849 1086 1874 vos
1113 1835 1160 1874 ad
1178 1835 1464 1885 gubernandam
1486 1835 1685 1874 nobiscum

150 1918 255 1943 suam
289 1903 386 1942 hanc
420 1902 629 1947 Ecclesiam
665 1901 769 1938 iuxta
804 1900 909 1938 verbi
945 1900 1005 1938 sui
1041 1900 1171 1938 Divini
1209 1900 1419 1938 doctrinam
1455 1900 1605 1937 vocavit
1649 1905 1686 1937 et

149 1969 358 2020 segregavit
373 1969 421 2017 Α),
445 1968 546 2006 1118111
572 1980 639 2006 vos
666 1966 779 2005 etiam
805 1978 870 2017 per
897 1965 1078 2016 Spiritum
1098 1972 1270 2003 sanctum
1286 1978 1393 2002 suum
1417 1963 1606 2002 illuminet
1626 1970 1685 2002 at-

148 2047 221 2085 que
254 2033 418 2071 invictae
451 2033 693 2081 ma-(46)nus
729 2043 818 2076 suae
851 2029 989 2067 robore
1014 2029 1156 2067 Divino
1182 2029 1236 2067 ita
1264 2028 1496 2073 corroboret,
1522 2036 1564 2066 ut
1592 2041 1684 2066 con-

149 2104 293 2137 stanter
326 2111 370 2136 ac
405 2097 564 2136 fideliter
601 2102 722 2134 vestro
753 2094 966 2132 Ministerio
994 2095 1220 2144 fungamini,
1247 2094 1292 2132 ad
1322 2094 1487 2133 nominis
1515 2093 1573 2133 sui
1599 2094 1685 2144 glo-

150 2162 243 2201 riam
271 2167 308 2201 et
333 2161 525 2200 Ecclesiae
551 2159 861 2199 aedificationem.
891 2159 1053 2198 Amen''.

201 2291 336 2330 Postea
368 2290 617 2329 Ecclesiastes
649 2288 827 2328 admonet
861 2287 1070 2326 Ecclesiam
1097 2287 1143 2326 de
1170 2287 1248 2326 eius
1286 2300 1374 2337 erga
1402 2287 1576 2326 Seniores
1603 2289 1682 2325 offi-

153 2358 224 2403 cio,
250 2356 564 2408 quemadmodum
591 2355 633 2394 in
672 2360 860 2407 postrema
888 2353 1083 2402 concionis
1109 2358 1216 2405 parte
1241 2352 1340 2391 circa
1366 2353 1566 2391 Seniorum
1593 2353 1685 2391 sub·

151 2422 389 2460 sidiariorum
415 2421 634 2459 electionem
661 2432 773 2472 supra
800 2418 944 2458 dictum
970 2423 1037 2465 ost,
1062 2423 1100 2457 et
1125 2423 1167 2457 ut
1192 2430 1260 2470 pro
1285 2418 1362 2456 illis
1388 2418 1536 2456 assidue
1562 2417 1684 2456 Deum

152 2493 245 2527 oret.

207 2551 267 2591 Ad
302 2555 509 2589 extremum
543 2562 643 2595 vern,
677 2561 784 2588 versa
818 2547 866 2587 ad
901 2547 1040 2586 electos
1074 2547 1250 2585 Seniores
1285 2545 1466 2592 oratione,
1492 2545 1579 2584 illos
1615 2560 1681 2585 ex-

152 2616 378 2662 hortabitur,
404 2621 447 2653 ut
474 2618 731 2666 contemptum
758 2618 795 2652 81
822 2612 950 2651 odium
978 2612 1108 2650 mundi
1135 2611 1247 2649 huius
1274 2623 1321 2649 ne
1337 2616 1553 2665 morentur.
1591 2610 1682 2649 Per-

153 2695 265 2722 sonas
299 2694 347 2719 ne
381 2680 594 2732 respiciant,
630 2679 694 2718 sed
730 2692 859 2718 omnes
894 2691 940 2716 ex
977 2690 1109 2729 aequo,
1135 2676 1201 2728 qui
1225 2676 1304 2714 ullo
1331 2675 1444 2713 modo
1470 2675 1680 2714 Ecclesiam

195 2824 221 2862 ¹)
244 2822 361 2854 Matth.
385 2822 435 2853 16.
458 2821 575 2863 Ephes.
601 2822 629 2854 5.
728 2822 753 2859 ²)
778 2820 896 2852 Matth.
921 2821 948 2851 6.
972 2820 1075 2852 Lucae
1100 2821 1149 2853 11.
1239 2819 1266 2859 3)
1291 2819 1359 2850 Aet.
1387 2818 1432 2850 13.
1457 2819 1474 2850 l
1499 2819 1581 2851 Tim.
1609 2820 1636 2852 5.

192 2880 221 2920 ⁴)
244 2879 336 2911 Rom.
360 2877 410 2910 12.
434 2877 450 2908 l
475 2876 550 2910 Cor.
574 2877 623 2909 12.
648 2876 664 2908 l
688 2876 757 2910 Pet.
782 2877 810 2910 5.
