1830 3147
192 131 236 164 28

187 240 299 278 fidem
337 239 469 291 spiritu
506 242 636 276 sancto
673 242 805 276 autore
840 243 1026 290 operetur.
1062 240 1119 277 vel
1155 239 1318 277 adventu
1352 239 1399 277 ad
1426 239 1531 276 illum
1560 252 1627 276 suo
1656 253 1720 290 per

191 303 302 342 fidem
337 302 604 355 apprehendat,
639 303 698 340 vel
732 303 773 340 in
800 304 836 351 (ε
865 305 926 351 lb)
954 302 1145 341 Christum
1181 303 1254 341 fide
1281 317 1357 342 non
1385 305 1471 341 ficta
1500 303 1638 348 credat,
1665 304 1723 342 vel

189 380 336 405 carnem
368 379 552 417 corpusve
588 365 730 403 Christi
765 378 809 403 ac
844 365 1064 415 sanguinem
1096 366 1292 418 ipsumque
1319 366 1411 404 adeo
1440 366 1632 404 Christum
1659 370 1718 404 to-

187 435 266 469 tum
304 431 388 469 edat
423 443 467 468 ac
503 430 621 476 bibat,
655 430 686 468 is
724 443 812 468 sane
847 430 888 468 in
923 430 1072 468 Christo
1101 430 1243 482 etipse
1277 434 1427 469 maneat
1465 434 1500 469 et
1528 430 1720 468 Christum

187 494 352 533 vicissim
380 495 419 532 in
448 507 487 531 se
513 506 662 545 quoque
688 493 763 531 iam
789 497 1004 532 manentem
1031 493 1178 532 habeat.
1225 494 1302 531 Hic
1328 494 1443 543 igitur
1470 508 1553 543 ego,
1582 494 1721 532 omissa

189 564 224 597 et
259 559 304 596 de
332 558 414 595 cibo
442 558 524 609 ipso
562 562 598 596 et
636 558 681 596 de
710 557 908 596 cibationis
935 558 1048 595 modo
1077 558 1218 596 Christi
1246 558 1399 596 Domini
1427 558 1610 604 doctrina,
1637 572 1657 596 a
1686 559 1722 596 vi

188 623 371 661 duntaxat
404 626 516 673 atque
550 622 711 660 efficacia
746 623 862 669 illius,
898 636 963 673 per
998 623 1192 660 Christum
1227 622 1434 661 Dominum
1469 623 1580 661 nobis
1617 637 1720 661 conl-

189 687 376 731 mendata,
405 687 541 736 colligo
569 700 691 725 meam
718 687 980 726 obiectionem.
1032 687 1082 725 Et
1108 691 1150 725 ut
1177 687 1386 732 ostendam,
1413 701 1433 725 a
1462 688 1612 726 Christo
1642 688 1720 725 Do-

188 753 291 792 mino
328 753 489 791 alienum
519 753 686 808 adeoque
714 756 747 790 et
775 765 929 804 prorsus
965 752 1046 803 ipso
1075 751 1273 801 indignum
1302 765 1394 796 esse,
1421 756 1722 791 momentaneum

189 819 259 857 hoc
285 821 322 856 et
360 818 408 856 ad
442 817 691 869 repellendam
727 816 959 854 mortiferam
994 816 1096 854 illam
1132 817 1267 853 famem
1302 829 1346 853 ac
1381 816 1482 854 sitim
1517 817 1627 868 plane
1659 817 1720 855 in·

187 886 313 923 efficax
342 882 541 921 cibationis
568 895 698 932 genus,
725 882 827 933 quod
855 882 1015 920 Catones
1044 881 1164 919 nostri
1191 895 1256 932 per
1284 895 1388 919 suam
1410 883 1637 933 corporalem
1656 882 1720 920 de-

187 949 434 988 litescentiam
483 951 645 986 statuere
690 950 887 993 conantur,
929 947 969 984 in
1015 946 1272 997 quaestionem
1322 960 1428 992 voco,
1462 960 1553 984 num
1589 960 1721 998 corpus

191 1014 332 1052 Christi
368 1012 534 1054 Domini.
570 1025 612 1050 eo
653 1015 695 1049 ut
722 1011 778 1048 illi
805 1012 954 1061 fingunt
980 1010 1093 1048 modo
1123 1015 1326 1062 sumptum,
1352 1011 1393 1048 in
1421 1011 1531 1049 nobis
1561 1016 1721 1056 maneat,

187 1083 250 1116 aut
283 1091 360 1116 non
395 1082 556 1115 maneat.
609 1075 841 1114 Utrumlibet
877 1075 978 1113 enim
1014 1075 1235 1121 concedant,
1270 1076 1388 1114 vitare
1425 1075 1624 1127 utrobique
1651 1076 1718 1113 ab·

187 1142 312 1189 surda,
339 1141 488 1179 Christo
517 1140 686 1178 Domino·
709 1141 819 1192 plane
844 1140 1014 1190 indigna,
1042 1153 1118 1178 non
1145 1144 1317 1191 possunt,
1343 1154 1437 1192 quae
1464 1141 1615 1194 quidem
1641 1142 1720 1180 illic

186 1220 375 1246 recenseo.
429 1208 553 1259 Atque
589 1206 679 1243 haec
715 1209 769 1244 est
804 1204 945 1243 scilicet
982 1205 1188 1243 execranda
1224 1206 1288 1244 illa
1327 1206 1570 1258 blasphemia,
1606 1221 1718 1259 quam

187 1271 431 1310 Aristarchus
467 1284 570 1309 meus
597 1269 843 1320 Magistratus
872 1273 1017 1321 sceptro
1045 1271 1182 1321 potius,
1209 1285 1319 1322 quam
1347 1272 1456 1321 sty10,
1483 1272 1719 1310 refutandam

187 1338 335 1382 clamat,
371 1338 406 1385 (ε
435 1338 493 1384 2³)
529 1336 636 1387 quasi
671 1348 747 1373 non
783 1335 874 1373 haec
910 1336 958 1374 sit
984 1336 1105 1373 maior
1129 1337 1248 1384 multo
1277 1336 1507 1388 blasphemia
1533 1337 1573 1375 in
1601 1338 1719 1376 filium

187 1402 271 1446 Dei,
307 1402 412 1440 cuius
450 1414 560 1452 opera
598 1414 673 1438 non
709 1404 868 1451 possunt
904 1400 978 1437 nisi
1015 1401 1282 1451 perfectissima
1320 1414 1411 1446 esse,
1446 1402 1569 1439 facere
1610 1401 1719 1439 illum

188 1470 356 1504 autorem
383 1466 449 1512 rei,
476 1470 538 1504 aut
565 1479 642 1503 non
670 1465 898 1503 necessariae
924 1478 1151 1516 prorsusque
1178 1466 1337 1510 ociosae,
1358 1470 1422 1503 aut
1440 1470 1723 1505 momentaneae

188 1535 224 1569 et
258 1531 458 1569 inefficacis
492 1530 540 1568 ad
576 1530 744 1575 salutem,
781 1534 816 1568 et
852 1530 1003 1581 quidem
1038 1534 1184 1581 praeter
1217 1534 1380 1568 mentem
1415 1543 1458 1568 ac
1495 1543 1717 1569 consensum

187 1596 303 1634 totius
339 1595 554 1646 scripturae,
590 1608 658 1633 nec
694 1595 770 1633 nisi
804 1608 880 1633 uno
918 1595 1021 1633 illius
1054 1595 1138 1633 loco
1173 1595 1370 1646 producto,
1407 1595 1471 1646 qui
1506 1599 1633 1634 tamen
1669 1596 1717 1633 ad

190 1674 338 1699 causam
373 1661 525 1698 illorum
550 1659 831 1711 approbandam
867 1660 1033 1710 legitime
1069 1660 1205 1711 exponi
1233 1663 1343 1711 atque
1369 1660 1498 1698 induci
1527 1674 1603 1699 non
1630 1674 1719 1712 pos·

189 1726 249 1765 sit.
291 1725 448 1764 Interim
477 1725 568 1763 Cato
596 1728 725 1763 noster
751 1726 855 1772 facit,
881 1725 982 1777 quod
1011 1725 1117 1770 solet,
1144 1725 1216 1762 hoc
1243 1732 1311 1771 est,
1338 1725 1384 1763 ad
1411 1729 1540 1763 nostra
1567 1726 1717 1777 quidem

189 1805 267 1829 non
301 1791 514 1842 respondet,
551 1791 616 1828 sed
651 1804 748 1828 nova
786 1791 971 1828 calumnia
1008 1790 1135 1828 omnia
1171 1790 1288 1828 eludit
1335 1794 1447 1841 atque
1483 1804 1552 1829 nos
1581 1792 1718 1842 Caper·

188 1855 324 1894 naismi
359 1854 417 1903 (in
454 1867 527 1905 quo
562 1854 717 1905 ipsemet
746 1867 827 1892 cum
853 1854 930 1892 suis
957 1853 1133 1892 omnibus
1160 1854 1357 1892 immersus
1386 1853 1527 1902 haeret)
1555 1859 1718 1894 accusat.

190 1922 245 1958 Ac
281 1920 442 1971 primum
469 1918 591 1968 fingit,
619 1919 808 1956 Christum
839 1918 1055 1962 Dominum,
1083 1931 1160 1956 non
1187 1917 1304 1955 alium
1331 1930 1492 1956 errorem
1519 1918 1618 1969 apud
1645 1919 1717 1956 Ca-

187 1984 373 2036 pernaitas
401 1982 669 2034 reprehendere
695 1983 868 2027 voluisse,
895 1996 1020 2034 quam,
1047 1982 1078 2020 si
1105 1982 1189 2033 quis
1218 1995 1367 2019 carnem
1384 1981 1513 2032 ipsius,
1530 1982 1717 2020 membra-

190 2049 257 2086 tim
300 2048 511 2093 dissectam,
554 2047 601 2084 ad
646 2047 786 2085 ventris
830 2047 1046 2084 alimoniam
1091 2046 1271 2085 edendam
1325 2059 1404 2084 esse
1437 2050 1597 2097 putaret,
1634 2060 1718 2084 cum

189 2113 362 2151 Christus
395 2111 580 2149 Dominus
608 2125 757 2149 omnem
783 2111 937 2149 omnino
964 2111 1270 2161 imaginationem
1299 2111 1502 2161 corporalis
1528 2111 1608 2148 illic
1637 2125 1717 2149 car-

189 2178 247 2215 nis
284 2190 371 2214 suae
405 2190 488 2214 esus
515 2176 713 2214 manifeste
750 2175 1008 2227 reprehendat,
1037 2175 1081 2213 ad
1111 2188 1359 2226 quencunque
1385 2174 1536 2212 tandem
1563 2176 1717 2213 modum

187 2246 423 2287 statueretur,
458 2254 500 2278 eo
535 2240 634 2291 quod
673 2253 756 2277 cum
790 2240 911 2289 gloria
938 2240 996 2277 sui
1024 2240 1203 2290 corporis,
1230 2239 1268 2276 in
1305 2239 1523 2276 ascensione
1557 2252 1624 2276 sua
1651 2239 1716 2277 de·

188 2307 375 2352 claranda,
403 2306 605 2343 consistere
632 2318 709 2343 non
735 2309 872 2357 posset.
901 2305 950 2343 Et
978 2305 1136 2356 proinde
1163 2305 1265 2342 omni
1284 2305 1435 2342 cuilibet
1455 2304 1717 2353 imaginationi

188 2371 232 2408 de
269 2369 452 2421 corporali
479 2371 598 2415 car-(s
626 2369 748 2416 2¹›)nis
776 2382 863 2406 suae
889 2382 955 2407 esu
990 2369 1150 2417 gloriam
1179 2381 1265 2406 suae
1291 2368 1521 2406 ascensionis
1549 2368 1717 2418 opponit,

187 2436 264 2473 sive
298 2437 331 2473 is
366 2448 429 2485 per
467 2448 628 2472 crassam
654 2434 760 2471 illam
788 2434 954 2484 corporis
981 2434 1020 2471 in
1047 2434 1214 2471 membra
1242 2433 1518 2475 dissectionem,
1546 2433 1623 2470 sive
1651 2446 1715 2484 per

186 2499 405 2551 papisticam
442 2498 918 2542 transsubstantiationem,
954 2498 1032 2536 sive
1066 2512 1131 2549 per
1160 2499 1346 2536 Catonum
1374 2510 1474 2535 nunc
1501 2501 1715 2536 nostrorum

187 2562 479 2601 delitescentiam
515 2566 711 2601 statuatur.
765 2562 847 2599 Nos
874 2562 990 2610 igitur
1017 2565 1161 2600 tantum
1190 2563 1297 2600 abest
1328 2567 1370 2599 ut
1406 2562 1511 2612 culpa
1540 2562 1613 2599 ulla
1643 2563 1715 2600 Ca-

185 2627 387 2679 pernaismi
413 2630 617 2670 teneamur,
643 2630 683 2664 ut
710 2639 785 2663 non
815 2639 976 2663 crassam
1005 2626 1116 2663 modo
1144 2626 1248 2664 illam
1275 2625 1517 2664 dissecandae
1539 2626 1579 2663 in
1600 2640 1715 2664 mem-

187 2694 254 2730 bra
290 2691 412 2729 carnis
449 2691 589 2728 Christi
624 2691 663 2728 in
699 2690 842 2729 edendo
878 2691 997 2740 ipsius
1033 2703 1186 2741 corpore
1220 2678 1526 2739 imagin‘ationem
1555 2691 1714 2729 deteste-

184 2770 279 2801 mur,
324 2756 388 2794 sed
432 2768 580 2792 omnem
614 2755 724 2805 plane
761 2755 991 2805 corporalem
1029 2767 1091 2791 ore
1128 2755 1268 2792 carnali
1294 2754 1396 2792 illius
1435 2768 1536 2792 esum
1577 2756 1713 2807 Caper-

186 2821 320 2858 uaismi
357 2832 584 2865 accusemus,
609 2832 652 2857 eo
680 2819 781 2870 quod
810 2832 893 2856 cum
920 2819 1040 2868 gloria
1067 2820 1297 2858 ascensionis
1333 2819 1474 2858 Christi
1511 2822 1713 2860 consistere

185 2899 260 2925 non
288 2884 418 2938 possit,
447 2898 554 2936 qucm
585 2883 890 2936 Capernaitarum
917 2883 1181 2934 imaginationi
1210 2898 1273 2936 per
1294 2884 1484 2923 Christum
1509 2885 1712 2924 Dominum
