<?xml version="1.0" encoding="UTF-8"?>
<!DOCTYPE html PUBLIC "-//W3C//DTD XHTML 1.0 Transitional//EN"
    "http://www.w3.org/TR/xhtml1/DTD/xhtml1-transitional.dtd">
<html xmlns="http://www.w3.org/1999/xhtml" xml:lang="en" lang="en">
 <head>
  <title>
</title>
<meta http-equiv="Content-Type" content="text/html;charset=utf-8" />
  <meta name='ocr-system' content='tesseract 3.04.00' />
  <meta name='ocr-capabilities' content='ocr_page ocr_carea ocr_par ocr_line ocrx_word'/>
</head>
<body>
  <div class='ocr_page' id='page_1' title='image "./operatameditaqua02lask_0052.png"; bbox 0 0 1830 3147; ppageno 0'>
   <div class='ocr_carea' id='block_1_1' title="bbox 243 149 292 185">
    <p class='ocr_par' dir='ltr' id='par_1_1' title="bbox 243 149 292 185">
     <span class='ocr_line' id='line_1_1' title="bbox 243 149 292 185; baseline -0.02 0"><span class='ocrx_word' id='word_1_1' title='bbox 243 149 292 185; x_wconf 81' lang='lat'><strong>34</strong></span> 
     </span>
    </p>
   </div>
   <div class='ocr_carea' id='block_1_2' title="bbox 239 252 1783 2962">
    <p class='ocr_par' dir='ltr' id='par_1_2' title="bbox 242 252 1778 373">
     <span class='ocr_line' id='line_1_2' title="bbox 243 252 1778 309; baseline -0.003 -13"><span class='ocrx_word' id='word_1_2' title='bbox 243 272 324 296; x_wconf 88' lang='lat' dir='ltr'><strong>rum</strong></span> <span class='ocrx_word' id='word_1_3' title='bbox 354 255 660 301; x_wconf 67' lang='lat' dir='ltr'><strong>defflescentiam,</strong></span> <span class='ocrx_word' id='word_1_4' title='bbox 687 253 813 292; x_wconf 89' lang='lat' dir='ltr'><strong>eadem</strong></span> <span class='ocrx_word' id='word_1_5' title='bbox 849 267 966 309; x_wconf 19' lang='lat' dir='ltr'><strong>[opera</strong></span> <span class='ocrx_word' id='word_1_6' title='bbox 992 254 1142 305; x_wconf 78' lang='lat' dir='ltr'><strong>ipsimet</strong></span> <span class='ocrx_word' id='word_1_7' title='bbox 1178 252 1341 291; x_wconf 87' lang='lat' dir='ltr'><strong>eiusdem</strong></span> <span class='ocrx_word' id='word_1_8' title='bbox 1379 253 1634 304; x_wconf 81' lang='lat' dir='ltr'>blasphemiae</span> <span class='ocrx_word' id='word_1_9' title='bbox 1671 254 1778 305; x_wconf 87' lang='lat' dir='ltr'><strong>eulpa</strong></span> 
     </span>
     <span class='ocr_line' id='line_1_3' title="bbox 242 319 1405 373; baseline -0.003 -11"><span class='ocrx_word' id='word_1_10' title='bbox 242 327 438 361; x_wconf 86' lang='lat' dir='ltr'><strong>teneantur</strong></span> <span class='ocrx_word' id='word_1_11' title='bbox 464 325 616 373; x_wconf 87' lang='lat' dir='ltr'><strong>propter</strong></span> <span class='ocrx_word' id='word_1_12' title='bbox 642 320 901 371; x_wconf 80' lang='lat' dir='ltr'>impugnatam</span> <span class='ocrx_word' id='word_1_13' title='bbox 928 319 1405 362; x_wconf 80' lang='lat' dir='ltr'><strong>transsubstantiationem.</strong></span> 
     </span>
    </p>

    <p class='ocr_par' dir='ltr' id='par_1_3' title="bbox 239 384 1783 2962">
     <span class='ocr_line' id='line_1_4' title="bbox 295 384 1777 438; baseline -0.002 -14"><span class='ocrx_word' id='word_1_14' title='bbox 295 388 423 425; x_wconf 83' lang='lat' dir='ltr'><strong>Habet</strong></span> <span class='ocrx_word' id='word_1_15' title='bbox 455 387 531 423; x_wconf 85' lang='lat' dir='ltr'><strong>iam</strong></span> <span class='ocrx_word' id='word_1_16' title='bbox 576 389 622 438; x_wconf 83' lang='grc' dir='ltr'><strong>(ζ</strong></span> <span class='ocrx_word' id='word_1_17' title='bbox 650 385 710 433; x_wconf 75' lang='lat' dir='ltr'><strong>lb)</strong></span> <span class='ocrx_word' id='word_1_18' title='bbox 747 397 831 423; x_wconf 86' lang='lat' dir='ltr'><strong>ecce</strong></span> <span class='ocrx_word' id='word_1_19' title='bbox 871 385 1047 422; x_wconf 74' lang='lat' dir='ltr'><strong>Maiestas</strong></span> <span class='ocrx_word' id='word_1_20' title='bbox 1090 385 1184 431; x_wconf 85' lang='lat' dir='ltr'><strong>Tua,</strong></span> <span class='ocrx_word' id='word_1_21' title='bbox 1232 384 1357 435; x_wconf 86' lang='lat' dir='ltr'><strong>piique</strong></span> <span class='ocrx_word' id='word_1_22' title='bbox 1401 384 1488 422; x_wconf 90' lang='lat' dir='ltr'><strong>istic</strong></span> <span class='ocrx_word' id='word_1_23' title='bbox 1532 397 1660 422; x_wconf 91' lang='lat' dir='ltr'><strong>omnes</strong></span> <span class='ocrx_word' id='word_1_24' title='bbox 1706 384 1777 422; x_wconf 88' lang='lat' dir='ltr'><strong>sub</strong></span> 
     </span>
     <span class='ocr_line' id='line_1_5' title="bbox 242 449 1778 501; baseline -0.003 -10"><span class='ocrx_word' id='word_1_25' title='bbox 242 454 343 491; x_wconf 90' lang='lat' dir='ltr'><strong>Tuae</strong></span> <span class='ocrx_word' id='word_1_26' title='bbox 381 451 590 489; x_wconf 81' lang='lat' dir='ltr'><strong>Maiestatis</strong></span> <span class='ocrx_word' id='word_1_27' title='bbox 625 450 790 496; x_wconf 90' lang='lat' dir='ltr'><strong>nomine,</strong></span> <span class='ocrx_word' id='word_1_28' title='bbox 823 450 1042 501; x_wconf 88' lang='lat' dir='ltr'><strong>praecipuas</strong></span> <span class='ocrx_word' id='word_1_29' title='bbox 1077 450 1263 487; x_wconf 86' lang='lat' dir='ltr'><strong>Catonum</strong></span> <span class='ocrx_word' id='word_1_30' title='bbox 1300 454 1516 486; x_wconf 86' lang='lat' dir='ltr'><strong>nostrorum</strong></span> <span class='ocrx_word' id='word_1_31' title='bbox 1544 449 1778 486; x_wconf 87' lang='lat' dir='ltr'><strong>criminatio-</strong></span> 
     </span>
     <span class='ocr_line' id='line_1_6' title="bbox 244 514 1778 568; baseline -0.004 -12"><span class='ocrx_word' id='word_1_32' title='bbox 244 532 322 562; x_wconf 87' lang='lat' dir='ltr'><strong>nes,</strong></span> <span class='ocrx_word' id='word_1_33' title='bbox 349 517 486 568; x_wconf 89' lang='lat' dir='ltr'><strong>quibus</strong></span> <span class='ocrx_word' id='word_1_34' title='bbox 512 516 569 553; x_wconf 88' lang='lat' dir='ltr'><strong>illi</strong></span> <span class='ocrx_word' id='word_1_35' title='bbox 598 521 632 553; x_wconf 92' lang='lat' dir='ltr'><strong>et</strong></span> <span class='ocrx_word' id='word_1_36' title='bbox 659 515 771 553; x_wconf 85' lang='lat' dir='ltr'><strong>fidem</strong></span> <span class='ocrx_word' id='word_1_37' title='bbox 805 515 878 552; x_wconf 88' lang='lat' dir='ltr'><strong>mei</strong></span> <span class='ocrx_word' id='word_1_38' title='bbox 913 515 1112 553; x_wconf 90' lang='lat' dir='ltr'><strong>ministerii</strong></span> <span class='ocrx_word' id='word_1_39' title='bbox 1144 518 1180 551; x_wconf 90' lang='lat' dir='ltr'><strong>et</strong></span> <span class='ocrx_word' id='word_1_40' title='bbox 1214 514 1378 552; x_wconf 88' lang='lat' dir='ltr'><strong>nominis</strong></span> <span class='ocrx_word' id='word_1_41' title='bbox 1414 514 1503 552; x_wconf 87' lang='lat' dir='ltr'><strong>item</strong></span> <span class='ocrx_word' id='word_1_42' title='bbox 1542 514 1614 551; x_wconf 90' lang='lat' dir='ltr'><strong>mei</strong></span> <span class='ocrx_word' id='word_1_43' title='bbox 1648 514 1778 551; x_wconf 78' lang='lat' dir='ltr'><strong>existi-</strong></span> 
     </span>
     <span class='ocr_line' id='line_1_7' title="bbox 242 579 1778 630; baseline -0.004 -8"><span class='ocrx_word' id='word_1_44' title='bbox 242 584 446 622; x_wconf 81' lang='lat' dir='ltr'><strong>mationem</strong></span> <span class='ocrx_word' id='word_1_45' title='bbox 478 596 556 620; x_wconf 93' lang='lat' dir='ltr'><strong>non</strong></span> <span class='ocrx_word' id='word_1_46' title='bbox 591 582 733 620; x_wconf 86' lang='lat' dir='ltr'><strong>elevare</strong></span> <span class='ocrx_word' id='word_1_47' title='bbox 768 582 893 627; x_wconf 68' lang='lat' dir='ltr'><strong>mon</strong></span> <span class='ocrx_word' id='word_1_48' title='bbox 931 580 995 618; x_wconf 89' lang='lat' dir='ltr'><strong>sed</strong></span> <span class='ocrx_word' id='word_1_49' title='bbox 1038 580 1200 618; x_wconf 84' lang='lat' dir='ltr'><strong>invisam</strong></span> <span class='ocrx_word' id='word_1_50' title='bbox 1235 580 1345 630; x_wconf 88' lang='lat' dir='ltr'><strong>plane</strong></span> <span class='ocrx_word' id='word_1_51' title='bbox 1382 583 1494 630; x_wconf 89' lang='lat' dir='ltr'><strong>atque</strong></span> <span class='ocrx_word' id='word_1_52' title='bbox 1530 580 1641 617; x_wconf 86' lang='lat' dir='ltr'><strong>etiam</strong></span> <span class='ocrx_word' id='word_1_53' title='bbox 1678 579 1778 616; x_wconf 85' lang='lat' dir='ltr'><strong>infa-</strong></span> 
     </span>
     <span class='ocr_line' id='line_1_8' title="bbox 241 644 1782 695; baseline -0.003 -9"><span class='ocrx_word' id='word_1_54' title='bbox 241 662 339 687; x_wconf 88' lang='lat' dir='ltr'><strong>mem</strong></span> <span class='ocrx_word' id='word_1_55' title='bbox 378 648 533 686; x_wconf 83' lang='lat' dir='ltr'><strong>reddere</strong></span> <span class='ocrx_word' id='word_1_56' title='bbox 567 647 779 684; x_wconf 87' lang='lat' dir='ltr'><strong>voluerunt.</strong></span> <span class='ocrx_word' id='word_1_57' title='bbox 835 645 963 683; x_wconf 82' lang='lat' dir='ltr'><strong>Habet</strong></span> <span class='ocrx_word' id='word_1_58' title='bbox 999 658 1130 682; x_wconf 86' lang='lat' dir='ltr'><strong>rursus</strong></span> <span class='ocrx_word' id='word_1_59' title='bbox 1169 644 1317 681; x_wconf 86' lang='lat' dir='ltr'><strong>brevem</strong></span> <span class='ocrx_word' id='word_1_60' title='bbox 1354 657 1504 695; x_wconf 90' lang='lat' dir='ltr'><strong>quoque</strong></span> <span class='ocrx_word' id='word_1_61' title='bbox 1542 644 1782 682; x_wconf 81' lang='lat' dir='ltr'><strong>innocentiae</strong></span> 
     </span>
     <span class='ocr_line' id='line_1_9' title="bbox 244 708 1782 763; baseline -0.003 -13"><span class='ocrx_word' id='word_1_62' title='bbox 244 719 392 750; x_wconf 88' lang='lat' dir='ltr'><strong>nostrae</strong></span> <span class='ocrx_word' id='word_1_63' title='bbox 419 711 742 763; x_wconf 80' lang='lat' dir='ltr'><strong>approbationem,</strong></span> <span class='ocrx_word' id='word_1_64' title='bbox 770 723 881 760; x_wconf 89' lang='lat' dir='ltr'><strong>quam</strong></span> <span class='ocrx_word' id='word_1_65' title='bbox 908 723 929 746; x_wconf 88' lang='lat' dir='ltr'><strong>a</strong></span> <span class='ocrx_word' id='word_1_66' title='bbox 958 722 1014 746; x_wconf 87' lang='lat' dir='ltr'><strong>me</strong></span> <span class='ocrx_word' id='word_1_67' title='bbox 1042 708 1243 746; x_wconf 81' lang='lat' dir='ltr'><strong>necessitas</strong></span> <span class='ocrx_word' id='word_1_68' title='bbox 1270 708 1363 760; x_wconf 89' lang='lat' dir='ltr'><strong>ipsa,</strong></span> <span class='ocrx_word' id='word_1_69' title='bbox 1389 709 1441 745; x_wconf 90' lang='lat' dir='ltr'><strong>ita</strong></span> <span class='ocrx_word' id='word_1_70' title='bbox 1468 709 1688 759; x_wconf 87' lang='lat' dir='ltr'><strong>praesertim</strong></span> <span class='ocrx_word' id='word_1_71' title='bbox 1713 708 1782 745; x_wconf 86' lang='lat' dir='ltr'><strong>ab·</strong></span> 
     </span>
     <span class='ocr_line' id='line_1_10' title="bbox 243 772 1783 829; baseline -0.004 -14"><span class='ocrx_word' id='word_1_72' title='bbox 243 783 352 829; x_wconf 87' lang='lat' dir='ltr'><strong>rupto</strong></span> <span class='ocrx_word' id='word_1_73' title='bbox 381 781 558 827; x_wconf 87' lang='lat' dir='ltr'><strong>tempore,</strong></span> <span class='ocrx_word' id='word_1_74' title='bbox 585 776 754 820; x_wconf 83' lang='lat' dir='ltr'><strong>extorsit,</strong></span> <span class='ocrx_word' id='word_1_75' title='bbox 776 787 961 825; x_wconf 87' lang='lat' dir='ltr'><strong>quamque</strong></span> <span class='ocrx_word' id='word_1_76' title='bbox 988 786 1057 822; x_wconf 77' lang='lat' dir='ltr'><strong>ego</strong></span> <span class='ocrx_word' id='word_1_77' title='bbox 1085 772 1227 823; x_wconf 86' lang='lat' dir='ltr'><strong>alioqui</strong></span> <span class='ocrx_word' id='word_1_78' title='bbox 1255 786 1332 810; x_wconf 91' lang='lat' dir='ltr'><strong>non</strong></span> <span class='ocrx_word' id='word_1_79' title='bbox 1361 773 1506 818; x_wconf 90' lang='lat' dir='ltr'><strong>dubito,</strong></span> <span class='ocrx_word' id='word_1_80' title='bbox 1534 786 1576 810; x_wconf 94' lang='lat' dir='ltr'><strong>eo</strong></span> <span class='ocrx_word' id='word_1_81' title='bbox 1597 774 1680 810; x_wconf 91' lang='lat' dir='ltr'><strong>loco</strong></span> <span class='ocrx_word' id='word_1_82' title='bbox 1702 774 1783 810; x_wconf 89' lang='lat' dir='ltr'><strong>fore</strong></span> 
     </span>
     <span class='ocr_line' id='line_1_11' title="bbox 241 837 1778 893; baseline -0.003 -13"><span class='ocrx_word' id='word_1_83' title='bbox 241 842 338 893; x_wconf 88' lang='lat' dir='ltr'><strong>apud</strong></span> <span class='ocrx_word' id='word_1_84' title='bbox 375 841 495 879; x_wconf 82' lang='lat' dir='ltr'><strong>Tuam</strong></span> <span class='ocrx_word' id='word_1_85' title='bbox 532 840 768 877; x_wconf 83' lang='lat' dir='ltr'><strong>Maiestatem</strong></span> <span class='ocrx_word' id='word_1_86' title='bbox 802 843 838 876; x_wconf 84' lang='lat' dir='ltr'><strong>et</strong></span> <span class='ocrx_word' id='word_1_87' title='bbox 873 838 955 888; x_wconf 90' lang='lat' dir='ltr'><strong>pios</strong></span> <span class='ocrx_word' id='word_1_88' title='bbox 990 837 1076 875; x_wconf 83' lang='lat' dir='ltr'><strong>istic</strong></span> <span class='ocrx_word' id='word_1_89' title='bbox 1114 850 1255 879; x_wconf 85' lang='lat' dir='ltr'><strong>omnes,</strong></span> <span class='ocrx_word' id='word_1_90' title='bbox 1294 843 1332 874; x_wconf 90' lang='lat' dir='ltr'><strong>ut</strong></span> <span class='ocrx_word' id='word_1_91' title='bbox 1367 851 1426 874; x_wconf 91' lang='lat' dir='ltr'><strong>me</strong></span> <span class='ocrx_word' id='word_1_92' title='bbox 1453 850 1582 874; x_wconf 88' lang='lat' dir='ltr'><strong>eorum</strong></span> <span class='ocrx_word' id='word_1_93' title='bbox 1611 837 1778 875; x_wconf 87' lang='lat' dir='ltr'><strong>omnium</strong></span> 
     </span>
     <span class='ocr_line' id='line_1_12' title="bbox 244 901 1779 956; baseline -0.003 -13"><span class='ocrx_word' id='word_1_94' title='bbox 244 906 351 956; x_wconf 88' lang='lat' dir='ltr'><strong>culpa</strong></span> <span class='ocrx_word' id='word_1_95' title='bbox 377 904 522 947; x_wconf 87' lang='lat' dir='ltr'><strong>liberet,</strong></span> <span class='ocrx_word' id='word_1_96' title='bbox 548 916 707 954; x_wconf 83' lang='lat' dir='ltr'><strong>quorum</strong></span> <span class='ocrx_word' id='word_1_97' title='bbox 736 903 888 940; x_wconf 88' lang='lat' dir='ltr'><strong>nomine</strong></span> <span class='ocrx_word' id='word_1_98' title='bbox 916 915 973 939; x_wconf 83' lang='lat' dir='ltr'><strong>me</strong></span> <span class='ocrx_word' id='word_1_99' title='bbox 1002 902 1162 939; x_wconf 86' lang='lat' dir='ltr'><strong>Catones</strong></span> <span class='ocrx_word' id='word_1_100' title='bbox 1189 901 1253 938; x_wconf 85' lang='lat' dir='ltr'><strong>isti</strong></span> <span class='ocrx_word' id='word_1_101' title='bbox 1281 901 1474 939; x_wconf 82' lang='lat' dir='ltr'><strong>traducere</strong></span> <span class='ocrx_word' id='word_1_102' title='bbox 1501 901 1687 939; x_wconf 83' lang='lat' dir='ltr'><strong>malitiose</strong></span> <span class='ocrx_word' id='word_1_103' title='bbox 1715 915 1779 939; x_wconf 91' lang='lat' dir='ltr'><strong>co-</strong></span> 
     </span>
     <span class='ocr_line' id='line_1_13' title="bbox 241 966 1778 1019; baseline -0.003 -11"><span class='ocrx_word' id='word_1_104' title='bbox 241 976 392 1009; x_wconf 84' lang='lat' dir='ltr'><strong>nantur.</strong></span> <span class='ocrx_word' id='word_1_105' title='bbox 445 970 524 1007; x_wconf 87' lang='lat' dir='ltr'><strong>Iam</strong></span> <span class='ocrx_word' id='word_1_106' title='bbox 558 982 642 1006; x_wconf 86' lang='lat' dir='ltr'><strong>vero</strong></span> <span class='ocrx_word' id='word_1_107' title='bbox 671 974 851 1019; x_wconf 78' lang='lat' dir='ltr'><strong>superest,</strong></span> <span class='ocrx_word' id='word_1_108' title='bbox 894 967 976 1004; x_wconf 82' lang='lat' dir='ltr'><strong>Rex</strong></span> <span class='ocrx_word' id='word_1_109' title='bbox 1005 967 1308 1005; x_wconf 84' lang='lat' dir='ltr'><strong>clementissime!</strong></span> <span class='ocrx_word' id='word_1_110' title='bbox 1346 972 1388 1004; x_wconf 89' lang='lat' dir='ltr'><strong>ut</strong></span> <span class='ocrx_word' id='word_1_111' title='bbox 1414 979 1525 1003; x_wconf 85' lang='lat' dir='ltr'><strong>menn</strong></span> <span class='ocrx_word' id='word_1_112' title='bbox 1555 966 1626 1003; x_wconf 92' lang='lat' dir='ltr'><strong>hoc</strong></span> <span class='ocrx_word' id='word_1_113' title='bbox 1655 967 1778 1004; x_wconf 91' lang='lat' dir='ltr'><strong>consi-</strong></span> 
     </span>
     <span class='ocr_line' id='line_1_14' title="bbox 241 1031 1779 1072; baseline -0.001 0"><span class='ocrx_word' id='word_1_114' title='bbox 241 1035 334 1072; x_wconf 91' lang='lat' dir='ltr'><strong>lium</strong></span> <span class='ocrx_word' id='word_1_115' title='bbox 361 1034 475 1071; x_wconf 87' lang='lat' dir='ltr'><strong>aediti</strong></span> <span class='ocrx_word' id='word_1_116' title='bbox 511 1033 579 1070; x_wconf 87' lang='lat' dir='ltr'><strong>sub</strong></span> <span class='ocrx_word' id='word_1_117' title='bbox 609 1033 691 1070; x_wconf 89' lang='lat' dir='ltr'><strong>Tuo</strong></span> <span class='ocrx_word' id='word_1_118' title='bbox 721 1032 872 1070; x_wconf 87' lang='lat' dir='ltr'><strong>nomine</strong></span> <span class='ocrx_word' id='word_1_119' title='bbox 899 1031 1018 1069; x_wconf 83' lang='lat' dir='ltr'><strong>libelli</strong></span> <span class='ocrx_word' id='word_1_120' title='bbox 1047 1031 1157 1068; x_wconf 88' lang='lat' dir='ltr'><strong>huius</strong></span> <span class='ocrx_word' id='word_1_121' title='bbox 1186 1031 1306 1068; x_wconf 87' lang='lat' dir='ltr'><strong>nostri</strong></span> <span class='ocrx_word' id='word_1_122' title='bbox 1338 1031 1427 1068; x_wconf 88' lang='lat' dir='ltr'><strong>boni</strong></span> <span class='ocrx_word' id='word_1_123' title='bbox 1456 1031 1650 1068; x_wconf 85' lang='lat' dir='ltr'><strong>consulere</strong></span> <span class='ocrx_word' id='word_1_124' title='bbox 1677 1031 1779 1070; x_wconf 88' lang='lat' dir='ltr'><strong>velit.</strong></span> 
     </span>
     <span class='ocr_line' id='line_1_15' title="bbox 243 1096 1778 1147; baseline -0.003 -9"><span class='ocrx_word' id='word_1_125' title='bbox 243 1102 407 1138; x_wconf 83' lang='lat' dir='ltr'><strong>Videbar</strong></span> <span class='ocrx_word' id='word_1_126' title='bbox 435 1099 528 1137; x_wconf 83' lang='lat' dir='ltr'><strong>mihi</strong></span> <span class='ocrx_word' id='word_1_127' title='bbox 557 1099 628 1135; x_wconf 87' lang='lat' dir='ltr'><strong>hoc</strong></span> <span class='ocrx_word' id='word_1_128' title='bbox 656 1098 789 1135; x_wconf 88' lang='lat' dir='ltr'><strong>debere</strong></span> <span class='ocrx_word' id='word_1_129' title='bbox 817 1098 920 1134; x_wconf 87' lang='lat' dir='ltr'><strong>Tuae</strong></span> <span class='ocrx_word' id='word_1_130' title='bbox 949 1096 1140 1134; x_wconf 85' lang='lat' dir='ltr'><strong>Maiestati</strong></span> <span class='ocrx_word' id='word_1_131' title='bbox 1167 1101 1203 1134; x_wconf 89' lang='lat' dir='ltr'><strong>et</strong></span> <span class='ocrx_word' id='word_1_132' title='bbox 1229 1097 1302 1134; x_wconf 88' lang='lat' dir='ltr'><strong>toti</strong></span> <span class='ocrx_word' id='word_1_133' title='bbox 1337 1098 1478 1147; x_wconf 85' lang='lat' dir='ltr'><strong>patriae</strong></span> <span class='ocrx_word' id='word_1_134' title='bbox 1506 1096 1553 1133; x_wconf 92' lang='lat' dir='ltr'><strong>ob</strong></span> <span class='ocrx_word' id='word_1_135' title='bbox 1582 1110 1657 1141; x_wconf 87' lang='lat' dir='ltr'><strong>eas,</strong></span> <span class='ocrx_word' id='word_1_136' title='bbox 1685 1110 1778 1147; x_wconf 85' lang='lat' dir='ltr'><strong>quas</strong></span> 
     </span>
     <span class='ocr_line' id='line_1_16' title="bbox 239 1161 1776 1213; baseline -0.005 -9"><span class='ocrx_word' id='word_1_137' title='bbox 239 1166 420 1211; x_wconf 87' lang='lat' dir='ltr'><strong>recensui,</strong></span> <span class='ocrx_word' id='word_1_138' title='bbox 455 1177 598 1202; x_wconf 82' lang='lat' dir='ltr'><strong>causas.</strong></span> <span class='ocrx_word' id='word_1_139' title='bbox 655 1164 703 1200; x_wconf 85' lang='lat' dir='ltr'><strong>Et</strong></span> <span class='ocrx_word' id='word_1_140' title='bbox 738 1164 947 1213; x_wconf 75' lang='lat' dir='ltr'><strong>exemplum</strong></span> <span class='ocrx_word' id='word_1_141' title='bbox 985 1163 1057 1199; x_wconf 90' lang='lat' dir='ltr'><strong>hoc</strong></span> <span class='ocrx_word' id='word_1_142' title='bbox 1093 1162 1178 1213; x_wconf 89' lang='lat' dir='ltr'><strong>puri</strong></span> <span class='ocrx_word' id='word_1_143' title='bbox 1215 1163 1336 1199; x_wconf 86' lang='lat' dir='ltr'><strong>cultus</strong></span> <span class='ocrx_word' id='word_1_144' title='bbox 1376 1161 1517 1205; x_wconf 87' lang='lat' dir='ltr'><strong>Divini,</strong></span> <span class='ocrx_word' id='word_1_145' title='bbox 1543 1174 1608 1212; x_wconf 90' lang='lat' dir='ltr'><strong>per</strong></span> <span class='ocrx_word' id='word_1_146' title='bbox 1636 1162 1776 1210; x_wconf 82' lang='lat' dir='ltr'><strong>Regem</strong></span> 
     </span>
     <span class='ocr_line' id='line_1_17' title="bbox 240 1225 1778 1276; baseline -0.005 -8"><span class='ocrx_word' id='word_1_147' title='bbox 240 1231 518 1269; x_wconf 81' lang='lat' dir='ltr'><strong>sanctissimum</strong></span> <span class='ocrx_word' id='word_1_148' title='bbox 546 1230 586 1265; x_wconf 90' lang='lat' dir='ltr'><strong>in</strong></span> <span class='ocrx_word' id='word_1_149' title='bbox 614 1241 729 1276; x_wconf 80' lang='lat' dir='ltr'><strong>regno</strong></span> <span class='ocrx_word' id='word_1_150' title='bbox 759 1240 826 1265; x_wconf 88' lang='lat' dir='ltr'><strong>suo</strong></span> <span class='ocrx_word' id='word_1_151' title='bbox 855 1227 1031 1272; x_wconf 82' lang='lat' dir='ltr'><strong>restituti,</strong></span> <span class='ocrx_word' id='word_1_152' title='bbox 1059 1227 1215 1276; x_wconf 80' lang='lat' dir='ltr'><strong>dignum</strong></span> <span class='ocrx_word' id='word_1_153' title='bbox 1242 1239 1321 1263; x_wconf 91' lang='lat' dir='ltr'><strong>esse</strong></span> <span class='ocrx_word' id='word_1_154' title='bbox 1347 1225 1525 1270; x_wconf 86' lang='lat' dir='ltr'><strong>iudicavi,</strong></span> <span class='ocrx_word' id='word_1_155' title='bbox 1554 1225 1654 1276; x_wconf 82' lang='lat' dir='ltr'><strong>quod</strong></span> <span class='ocrx_word' id='word_1_156' title='bbox 1675 1226 1778 1262; x_wconf 87' lang='lat' dir='ltr'><strong>Tuae</strong></span> 
     </span>
     <span class='ocr_line' id='line_1_18' title="bbox 242 1290 1777 1344; baseline -0.005 -10"><span class='ocrx_word' id='word_1_157' title='bbox 242 1295 431 1334; x_wconf 84' lang='lat' dir='ltr'><strong>Maiestati</strong></span> <span class='ocrx_word' id='word_1_158' title='bbox 458 1295 497 1331; x_wconf 90' lang='lat' dir='ltr'><strong>in</strong></span> <span class='ocrx_word' id='word_1_159' title='bbox 525 1294 754 1331; x_wconf 84' lang='lat' dir='ltr'><strong>renascentis</strong></span> <span class='ocrx_word' id='word_1_160' title='bbox 782 1292 1018 1344; x_wconf 84' lang='lat' dir='ltr'><strong>potissimum</strong></span> <span class='ocrx_word' id='word_1_161' title='bbox 1048 1297 1085 1330; x_wconf 91' lang='lat' dir='ltr'><strong>et</strong></span> <span class='ocrx_word' id='word_1_162' title='bbox 1111 1292 1197 1329; x_wconf 88' lang='lat' dir='ltr'><strong>istic</strong></span> <span class='ocrx_word' id='word_1_163' title='bbox 1224 1293 1299 1328; x_wconf 88' lang='lat' dir='ltr'><strong>iam</strong></span> <span class='ocrx_word' id='word_1_164' title='bbox 1336 1291 1538 1339; x_wconf 82' lang='lat' dir='ltr'><strong>Euangelii</strong></span> <span class='ocrx_word' id='word_1_165' title='bbox 1560 1290 1777 1341; x_wconf 85' lang='lat' dir='ltr'><strong>primordiis</strong></span> 
     </span>
     <span class='ocr_line' id='line_1_19' title="bbox 240 1357 1775 1413; baseline -0.004 -15"><span class='ocrx_word' id='word_1_166' title='bbox 240 1373 486 1413; x_wconf 83' lang='lat' dir='ltr'><strong>proponerem</strong></span> <span class='ocrx_word' id='word_1_167' title='bbox 514 1364 549 1396; x_wconf 91' lang='lat' dir='ltr'><strong>et</strong></span> <span class='ocrx_word' id='word_1_168' title='bbox 579 1358 889 1396; x_wconf 85' lang='lat' dir='ltr'><strong>commendarem.</strong></span> <span class='ocrx_word' id='word_1_169' title='bbox 920 1361 1044 1408; x_wconf 84' lang='lat' dir='ltr'><strong>Atque</strong></span> <span class='ocrx_word' id='word_1_170' title='bbox 1073 1358 1149 1394; x_wconf 88' lang='lat' dir='ltr'><strong>scio</strong></span> <span class='ocrx_word' id='word_1_171' title='bbox 1178 1357 1330 1407; x_wconf 85' lang='lat' dir='ltr'><strong>quidem</strong></span> <span class='ocrx_word' id='word_1_172' title='bbox 1357 1370 1434 1393; x_wconf 90' lang='lat' dir='ltr'><strong>non</strong></span> <span class='ocrx_word' id='word_1_173' title='bbox 1456 1357 1632 1393; x_wconf 85' lang='lat' dir='ltr'><strong>omnibus</strong></span> <span class='ocrx_word' id='word_1_174' title='bbox 1652 1368 1775 1393; x_wconf 89' lang='lat' dir='ltr'><strong>meum</strong></span> 
     </span>
     <span class='ocr_line' id='line_1_20' title="bbox 241 1421 1777 1476; baseline -0.003 -14"><span class='ocrx_word' id='word_1_175' title='bbox 241 1427 313 1464; x_wconf 87' lang='lat' dir='ltr'><strong>hoc</strong></span> <span class='ocrx_word' id='word_1_176' title='bbox 341 1425 500 1462; x_wconf 80' lang='lat' dir='ltr'><strong>officium</strong></span> <span class='ocrx_word' id='word_1_177' title='bbox 527 1426 573 1476; x_wconf 82' lang='grc' dir='ltr'><strong>(ζ</strong></span> <span class='ocrx_word' id='word_1_178' title='bbox 596 1426 653 1470; x_wconf 68' lang='lat'><strong>2²¹)</strong></span> <span class='ocrx_word' id='word_1_179' title='bbox 683 1424 768 1467; x_wconf 80' lang='lat' dir='ltr'><strong>istic</strong></span> <span class='ocrx_word' id='word_1_180' title='bbox 794 1427 943 1471; x_wconf 61' lang='lat' dir='ltr'><strong>=aratum</strong></span> <span class='ocrx_word' id='word_1_181' title='bbox 974 1425 1065 1468; x_wconf 77' lang='lat' dir='ltr'><strong>fore,</strong></span> <span class='ocrx_word' id='word_1_182' title='bbox 1093 1435 1213 1472; x_wconf 86' lang='lat' dir='ltr'><strong>neque</strong></span> <span class='ocrx_word' id='word_1_183' title='bbox 1242 1422 1448 1465; x_wconf 81' lang='lat' dir='ltr'><strong>defuturos,</strong></span> <span class='ocrx_word' id='word_1_184' title='bbox 1475 1421 1539 1471; x_wconf 88' lang='lat' dir='ltr'><strong>qui</strong></span> <span class='ocrx_word' id='word_1_185' title='bbox 1568 1421 1604 1458; x_wconf 74' lang='lat' dir='ltr'><strong>et</strong></span> <span class='ocrx_word' id='word_1_186' title='bbox 1631 1434 1690 1458; x_wconf 86' lang='lat' dir='ltr'><strong>me</strong></span> <span class='ocrx_word' id='word_1_187' title='bbox 1707 1421 1777 1457; x_wconf 88' lang='lat' dir='ltr'><strong>ali-</strong></span> 
     </span>
     <span class='ocr_line' id='line_1_21' title="bbox 242 1486 1778 1541; baseline -0.003 -14"><span class='ocrx_word' id='word_1_188' title='bbox 242 1491 332 1541; x_wconf 82' lang='lat' dir='ltr'><strong>quid</strong></span> <span class='ocrx_word' id='word_1_189' title='bbox 357 1492 454 1527; x_wconf 82' lang='lat' dir='ltr'><strong>forte</strong></span> <span class='ocrx_word' id='word_1_190' title='bbox 475 1489 600 1526; x_wconf 87' lang='lat' dir='ltr'><strong>venari</strong></span> <span class='ocrx_word' id='word_1_191' title='bbox 630 1488 666 1526; x_wconf 72' lang='lat' dir='ltr'><strong>et</strong></span> <span class='ocrx_word' id='word_1_192' title='bbox 693 1502 713 1525; x_wconf 83' lang='lat' dir='ltr'><strong>a</strong></span> <span class='ocrx_word' id='word_1_193' title='bbox 741 1489 821 1525; x_wconf 82' lang='lat' dir='ltr'><strong>Tua</strong></span> <span class='ocrx_word' id='word_1_194' title='bbox 850 1488 962 1525; x_wconf 86' lang='lat' dir='ltr'><strong>etiam</strong></span> <span class='ocrx_word' id='word_1_195' title='bbox 990 1487 1186 1524; x_wconf 84' lang='lat' dir='ltr'><strong>Maiestate</strong></span> <span class='ocrx_word' id='word_1_196' title='bbox 1213 1486 1372 1524; x_wconf 83' lang='lat' dir='ltr'><strong>alienum</strong></span> <span class='ocrx_word' id='word_1_197' title='bbox 1396 1486 1433 1523; x_wconf 91' lang='lat' dir='ltr'><strong>id</strong></span> <span class='ocrx_word' id='word_1_198' title='bbox 1463 1499 1542 1523; x_wconf 89' lang='lat' dir='ltr'><strong>esse</strong></span> <span class='ocrx_word' id='word_1_199' title='bbox 1570 1486 1708 1531; x_wconf 86' lang='lat' dir='ltr'><strong>dicant,</strong></span> <span class='ocrx_word' id='word_1_200' title='bbox 1736 1490 1778 1523; x_wconf 89' lang='lat' dir='ltr'><strong>ut</strong></span> 
     </span>
     <span class='ocr_line' id='line_1_22' title="bbox 242 1549 1775 1601; baseline -0.003 -9"><span class='ocrx_word' id='word_1_201' title='bbox 242 1568 391 1592; x_wconf 87' lang='lat' dir='ltr'><strong>causam</strong></span> <span class='ocrx_word' id='word_1_202' title='bbox 429 1554 681 1591; x_wconf 84' lang='lat' dir='ltr'><strong>restituendae</strong></span> <span class='ocrx_word' id='word_1_203' title='bbox 714 1552 908 1601; x_wconf 72' lang='lat' dir='ltr'><strong>religionis</strong></span> <span class='ocrx_word' id='word_1_204' title='bbox 936 1559 982 1589; x_wconf 79' lang='lat' dir='ltr'><strong>ad</strong></span> <span class='ocrx_word' id='word_1_205' title='bbox 1013 1553 1066 1589; x_wconf 87' lang='lat' dir='ltr'><strong>Te</strong></span> <span class='ocrx_word' id='word_1_206' title='bbox 1093 1551 1282 1589; x_wconf 84' lang='lat' dir='ltr'><strong>existimes</strong></span> <span class='ocrx_word' id='word_1_207' title='bbox 1309 1551 1506 1601; x_wconf 85' lang='lat' dir='ltr'><strong>pertinere.</strong></span> <span class='ocrx_word' id='word_1_208' title='bbox 1562 1550 1647 1593; x_wconf 76' lang='lat' dir='ltr'><strong>Sed,</strong></span> <span class='ocrx_word' id='word_1_209' title='bbox 1674 1549 1775 1601; x_wconf 88' lang='lat' dir='ltr'><strong>quod</strong></span> 
     </span>
     <span class='ocr_line' id='line_1_23' title="bbox 241 1616 1776 1670; baseline -0.003 -13"><span class='ocrx_word' id='word_1_210' title='bbox 241 1622 286 1657; x_wconf 84' lang='lat' dir='ltr'><strong>ad</strong></span> <span class='ocrx_word' id='word_1_211' title='bbox 324 1634 383 1657; x_wconf 89' lang='lat' dir='ltr'><strong>me</strong></span> <span class='ocrx_word' id='word_1_212' title='bbox 419 1619 569 1670; x_wconf 89' lang='lat' dir='ltr'><strong>quidem</strong></span> <span class='ocrx_word' id='word_1_213' title='bbox 597 1618 744 1663; x_wconf 86' lang='lat' dir='ltr'><strong>attinet,</strong></span> <span class='ocrx_word' id='word_1_214' title='bbox 770 1618 917 1655; x_wconf 84' lang='lat' dir='ltr'><strong>fatebor</strong></span> <span class='ocrx_word' id='word_1_215' title='bbox 944 1618 1107 1667; x_wconf 83' lang='lat' dir='ltr'><strong>ingenue</strong></span> <span class='ocrx_word' id='word_1_216' title='bbox 1135 1617 1235 1668; x_wconf 89' lang='lat' dir='ltr'><strong>quod</strong></span> <span class='ocrx_word' id='word_1_217' title='bbox 1266 1630 1392 1654; x_wconf 90' lang='lat' dir='ltr'><strong>verum</strong></span> <span class='ocrx_word' id='word_1_218' title='bbox 1420 1622 1487 1660; x_wconf 89' lang='lat' dir='ltr'><strong>est,</strong></span> <span class='ocrx_word' id='word_1_219' title='bbox 1514 1629 1572 1653; x_wconf 90' lang='lat' dir='ltr'><strong>me</strong></span> <span class='ocrx_word' id='word_1_220' title='bbox 1598 1616 1685 1653; x_wconf 89' lang='lat' dir='ltr'><strong>istic</strong></span> <span class='ocrx_word' id='word_1_221' title='bbox 1714 1629 1776 1653; x_wconf 90' lang='lat' dir='ltr'><strong>ve·</strong></span> 
     </span>
     <span class='ocr_line' id='line_1_24' title="bbox 242 1680 1778 1734; baseline -0.003 -12"><span class='ocrx_word' id='word_1_222' title='bbox 242 1685 323 1722; x_wconf 88' lang='lat' dir='ltr'><strong>nari</strong></span> <span class='ocrx_word' id='word_1_223' title='bbox 350 1684 505 1734; x_wconf 87' lang='lat' dir='ltr'><strong>aliquid,</strong></span> <span class='ocrx_word' id='word_1_224' title='bbox 532 1689 643 1733; x_wconf 83' lang='lat' dir='ltr'><strong>atque</strong></span> <span class='ocrx_word' id='word_1_225' title='bbox 670 1682 815 1719; x_wconf 87' lang='lat' dir='ltr'><strong>utinam</strong></span> <span class='ocrx_word' id='word_1_226' title='bbox 844 1695 971 1732; x_wconf 85' lang='lat' dir='ltr'><strong>capere</strong></span> <span class='ocrx_word' id='word_1_227' title='bbox 997 1682 1151 1732; x_wconf 86' lang='lat' dir='ltr'><strong>possim,</strong></span> <span class='ocrx_word' id='word_1_228' title='bbox 1181 1681 1280 1732; x_wconf 90' lang='lat' dir='ltr'><strong>quod</strong></span> <span class='ocrx_word' id='word_1_229' title='bbox 1311 1685 1441 1731; x_wconf 88' lang='lat' dir='ltr'><strong>capto:</strong></span> <span class='ocrx_word' id='word_1_230' title='bbox 1477 1693 1596 1731; x_wconf 89' lang='lat' dir='ltr'><strong>neque</strong></span> <span class='ocrx_word' id='word_1_231' title='bbox 1621 1680 1661 1717; x_wconf 91' lang='lat' dir='ltr'><strong>id</strong></span> <span class='ocrx_word' id='word_1_232' title='bbox 1690 1693 1778 1717; x_wconf 89' lang='lat' dir='ltr'><strong>sane</strong></span> 
     </span>
     <span class='ocr_line' id='line_1_25' title="bbox 242 1745 1774 1798; baseline -0.003 -11"><span class='ocrx_word' id='word_1_233' title='bbox 242 1751 420 1798; x_wconf 75' lang='lat' dir='ltr'><strong>exiguum</strong></span> <span class='ocrx_word' id='word_1_234' title='bbox 447 1762 538 1794; x_wconf 82' lang='lat' dir='ltr'><strong>esse,</strong></span> <span class='ocrx_word' id='word_1_235' title='bbox 566 1748 628 1785; x_wconf 86' lang='lat' dir='ltr'><strong>sed</strong></span> <span class='ocrx_word' id='word_1_236' title='bbox 656 1748 811 1785; x_wconf 86' lang='lat' dir='ltr'><strong>maximi</strong></span> <span class='ocrx_word' id='word_1_237' title='bbox 837 1760 990 1797; x_wconf 88' lang='lat' dir='ltr'><strong>prorsus</strong></span> <span class='ocrx_word' id='word_1_238' title='bbox 1019 1753 1054 1784; x_wconf 90' lang='lat' dir='ltr'><strong>et</strong></span> <span class='ocrx_word' id='word_1_239' title='bbox 1080 1747 1191 1798; x_wconf 85' lang='lat' dir='ltr'><strong>pretii</strong></span> <span class='ocrx_word' id='word_1_240' title='bbox 1219 1750 1254 1784; x_wconf 91' lang='lat' dir='ltr'><strong>et</strong></span> <span class='ocrx_word' id='word_1_241' title='bbox 1283 1746 1436 1794; x_wconf 83' lang='lat' dir='ltr'><strong>negotii.</strong></span> <span class='ocrx_word' id='word_1_242' title='bbox 1474 1746 1557 1782; x_wconf 92' lang='lat' dir='ltr'><strong>Imo</strong></span> <span class='ocrx_word' id='word_1_243' title='bbox 1587 1758 1672 1782; x_wconf 90' lang='lat' dir='ltr'><strong>vero</strong></span> <span class='ocrx_word' id='word_1_244' title='bbox 1700 1745 1774 1782; x_wconf 90' lang='lat' dir='ltr'><strong>duo</strong></span> 
     </span>
     <span class='ocr_line' id='line_1_26' title="bbox 244 1809 1776 1864; baseline -0.005 -12"><span class='ocrx_word' id='word_1_245' title='bbox 244 1819 331 1852; x_wconf 88' lang='lat' dir='ltr'><strong>sunt</strong></span> <span class='ocrx_word' id='word_1_246' title='bbox 367 1827 462 1864; x_wconf 86' lang='lat' dir='ltr'><strong>quae</strong></span> <span class='ocrx_word' id='word_1_247' title='bbox 497 1813 582 1850; x_wconf 85' lang='lat' dir='ltr'><strong>istic</strong></span> <span class='ocrx_word' id='word_1_248' title='bbox 624 1825 750 1850; x_wconf 87' lang='lat' dir='ltr'><strong>venor.</strong></span> <span class='ocrx_word' id='word_1_249' title='bbox 805 1811 969 1848; x_wconf 88' lang='lat' dir='ltr'><strong>Primum</strong></span> <span class='ocrx_word' id='word_1_250' title='bbox 998 1811 1119 1860; x_wconf 74' lang='lat' dir='ltr'><strong>Regni</strong></span> <span class='ocrx_word' id='word_1_251' title='bbox 1149 1811 1289 1848; x_wconf 87' lang='lat' dir='ltr'><strong>Christi</strong></span> <span class='ocrx_word' id='word_1_252' title='bbox 1316 1810 1356 1847; x_wconf 92' lang='lat' dir='ltr'><strong>in</strong></span> <span class='ocrx_word' id='word_1_253' title='bbox 1385 1810 1556 1847; x_wconf 83' lang='lat' dir='ltr'><strong>doctrina</strong></span> <span class='ocrx_word' id='word_1_254' title='bbox 1585 1822 1651 1846; x_wconf 83' lang='lat' dir='ltr'><strong>sua</strong></span> <span class='ocrx_word' id='word_1_255' title='bbox 1678 1809 1776 1855; x_wconf 84' lang='lat' dir='ltr'><strong>istic,</strong></span> 
     </span>
     <span class='ocr_line' id='line_1_27' title="bbox 243 1873 1777 1926; baseline -0.005 -10"><span class='ocrx_word' id='word_1_256' title='bbox 243 1879 384 1916; x_wconf 80' lang='lat' dir='ltr'><strong>abolita</strong></span> <span class='ocrx_word' id='word_1_257' title='bbox 412 1877 712 1915; x_wconf 81' lang='lat' dir='ltr'><strong>Antichristiana</strong></span> <span class='ocrx_word' id='word_1_258' title='bbox 737 1876 950 1926; x_wconf 78' lang='lat' dir='ltr'><strong>tyrannide,</strong></span> <span class='ocrx_word' id='word_1_259' title='bbox 977 1875 1300 1913; x_wconf 86' lang='lat' dir='ltr'><strong>instaurationem.</strong></span> <span class='ocrx_word' id='word_1_260' title='bbox 1342 1873 1486 1911; x_wconf 85' lang='lat' dir='ltr'><strong>Deinde</strong></span> <span class='ocrx_word' id='word_1_261' title='bbox 1506 1878 1546 1911; x_wconf 88' lang='lat' dir='ltr'><strong>ut</strong></span> <span class='ocrx_word' id='word_1_262' title='bbox 1565 1886 1634 1921; x_wconf 77' lang='lat' dir='ltr'><strong>ego</strong></span> <span class='ocrx_word' id='word_1_263' title='bbox 1651 1873 1777 1919; x_wconf 87' lang='lat' dir='ltr'><strong>etiam,</strong></span> 
     </span>
     <span class='ocr_line' id='line_1_28' title="bbox 246 1937 1776 1994; baseline -0.004 -13"><span class='ocrx_word' id='word_1_264' title='bbox 246 1943 486 1994; x_wconf 81' lang='lat' dir='ltr'><strong>quantumvis</strong></span> <span class='ocrx_word' id='word_1_265' title='bbox 531 1942 678 1986; x_wconf 81' lang='lat' dir='ltr'><strong>absens,</strong></span> <span class='ocrx_word' id='word_1_266' title='bbox 721 1954 803 1978; x_wconf 87' lang='lat' dir='ltr'><strong>meo</strong></span> <span class='ocrx_word' id='word_1_267' title='bbox 850 1940 1000 1978; x_wconf 85' lang='lat' dir='ltr'><strong>interim</strong></span> <span class='ocrx_word' id='word_1_268' title='bbox 1044 1939 1295 1990; x_wconf 85' lang='lat' dir='ltr'><strong>qualicunque</strong></span> <span class='ocrx_word' id='word_1_269' title='bbox 1330 1939 1459 1976; x_wconf 84' lang='lat' dir='ltr'><strong>labore</strong></span> <span class='ocrx_word' id='word_1_270' title='bbox 1493 1937 1639 1975; x_wconf 87' lang='lat' dir='ltr'><strong>Patriae</strong></span> <span class='ocrx_word' id='word_1_271' title='bbox 1674 1951 1776 1975; x_wconf 87' lang='lat' dir='ltr'><strong>meae</strong></span> 
     </span>
     <span class='ocr_line' id='line_1_29' title="bbox 243 2003 1774 2060; baseline -0.005 -13"><span class='ocrx_word' id='word_1_272' title='bbox 243 2022 310 2060; x_wconf 88' lang='lat' dir='ltr'><strong>pro</strong></span> <span class='ocrx_word' id='word_1_273' title='bbox 339 2022 418 2046; x_wconf 86' lang='lat' dir='ltr'><strong>mea</strong></span> <span class='ocrx_word' id='word_1_274' title='bbox 448 2008 545 2045; x_wconf 88' lang='lat' dir='ltr'><strong>virili</strong></span> <span class='ocrx_word' id='word_1_275' title='bbox 574 2006 810 2044; x_wconf 84' lang='lat' dir='ltr'><strong>commodare</strong></span> <span class='ocrx_word' id='word_1_276' title='bbox 837 2006 990 2057; x_wconf 88' lang='lat' dir='ltr'><strong>possim.</strong></span> <span class='ocrx_word' id='word_1_277' title='bbox 1036 2004 1098 2042; x_wconf 85' lang='lat' dir='ltr'><strong>Ad</strong></span> <span class='ocrx_word' id='word_1_278' title='bbox 1125 2018 1205 2041; x_wconf 89' lang='lat' dir='ltr'><strong>eam</strong></span> <span class='ocrx_word' id='word_1_279' title='bbox 1233 2017 1344 2055; x_wconf 89' lang='lat' dir='ltr'><strong>porro</strong></span> <span class='ocrx_word' id='word_1_280' title='bbox 1373 2017 1450 2040; x_wconf 90' lang='lat' dir='ltr'><strong>rem</strong></span> <span class='ocrx_word' id='word_1_281' title='bbox 1472 2016 1554 2040; x_wconf 88' lang='lat' dir='ltr'><strong>cum</strong></span> <span class='ocrx_word' id='word_1_282' title='bbox 1573 2003 1774 2053; x_wconf 86' lang='lat' dir='ltr'><strong>plurimum</strong></span> 
     </span>
     <span class='ocr_line' id='line_1_30' title="bbox 242 2067 1776 2122; baseline -0.005 -12"><span class='ocrx_word' id='word_1_283' title='bbox 242 2073 447 2111; x_wconf 86' lang='lat' dir='ltr'><strong>adiumenti</strong></span> <span class='ocrx_word' id='word_1_284' title='bbox 482 2072 645 2122; x_wconf 89' lang='lat' dir='ltr'><strong>positum</strong></span> <span class='ocrx_word' id='word_1_285' title='bbox 682 2084 760 2108; x_wconf 89' lang='lat' dir='ltr'><strong>esse</strong></span> <span class='ocrx_word' id='word_1_286' title='bbox 796 2071 941 2108; x_wconf 84' lang='lat' dir='ltr'><strong>videam</strong></span> <span class='ocrx_word' id='word_1_287' title='bbox 970 2070 1008 2106; x_wconf 88' lang='lat' dir='ltr'><strong>in</strong></span> <span class='ocrx_word' id='word_1_288' title='bbox 1050 2070 1151 2106; x_wconf 87' lang='lat' dir='ltr'><strong>Tuae</strong></span> <span class='ocrx_word' id='word_1_289' title='bbox 1180 2067 1389 2106; x_wconf 83' lang='lat' dir='ltr'><strong>Maiestatis</strong></span> <span class='ocrx_word' id='word_1_290' title='bbox 1417 2068 1692 2117; x_wconf 88' lang='lat' dir='ltr'><strong>Procerumque</strong></span> <span class='ocrx_word' id='word_1_291' title='bbox 1719 2072 1776 2104; x_wconf 88' lang='lat' dir='ltr'><strong>at-</strong></span> 
     </span>
     <span class='ocr_line' id='line_1_31' title="bbox 243 2132 1775 2188; baseline -0.005 -14"><span class='ocrx_word' id='word_1_292' title='bbox 243 2151 314 2188; x_wconf 88' lang='lat' dir='ltr'><strong>que</strong></span> <span class='ocrx_word' id='word_1_293' title='bbox 341 2137 500 2174; x_wconf 88' lang='lat' dir='ltr'><strong>aliorum</strong></span> <span class='ocrx_word' id='word_1_294' title='bbox 528 2135 649 2184; x_wconf 79' lang='lat' dir='ltr'><strong>Regni</strong></span> <span class='ocrx_word' id='word_1_295' title='bbox 678 2135 866 2172; x_wconf 86' lang='lat' dir='ltr'><strong>Ordinum</strong></span> <span class='ocrx_word' id='word_1_296' title='bbox 893 2134 1021 2170; x_wconf 86' lang='lat' dir='ltr'><strong>favore</strong></span> <span class='ocrx_word' id='word_1_297' title='bbox 1049 2137 1084 2170; x_wconf 89' lang='lat' dir='ltr'><strong>et</strong></span> <span class='ocrx_word' id='word_1_298' title='bbox 1112 2132 1335 2183; x_wconf 87' lang='lat' dir='ltr'><strong>patrocinio,</strong></span> <span class='ocrx_word' id='word_1_299' title='bbox 1364 2132 1524 2182; x_wconf 91' lang='lat' dir='ltr'><strong>optarim</strong></span> <span class='ocrx_word' id='word_1_300' title='bbox 1553 2132 1660 2168; x_wconf 88' lang='lat' dir='ltr'><strong>vobis</strong></span> <span class='ocrx_word' id='word_1_301' title='bbox 1687 2144 1775 2181; x_wconf 86' lang='lat' dir='ltr'><strong>pro-</strong></span> 
     </span>
     <span class='ocr_line' id='line_1_32' title="bbox 244 2197 1776 2249; baseline -0.004 -10"><span class='ocrx_word' id='word_1_302' title='bbox 244 2202 326 2239; x_wconf 86' lang='lat' dir='ltr'><strong>bari</strong></span> <span class='ocrx_word' id='word_1_303' title='bbox 357 2215 481 2239; x_wconf 88' lang='lat' dir='ltr'><strong>meum</strong></span> <span class='ocrx_word' id='word_1_304' title='bbox 520 2201 589 2238; x_wconf 85' lang='lat' dir='ltr'><strong>hoc</strong></span> <span class='ocrx_word' id='word_1_305' title='bbox 625 2201 800 2244; x_wconf 86' lang='lat' dir='ltr'><strong>studium,</strong></span> <span class='ocrx_word' id='word_1_306' title='bbox 842 2204 884 2237; x_wconf 89' lang='lat' dir='ltr'><strong>ut</strong></span> <span class='ocrx_word' id='word_1_307' title='bbox 913 2198 1043 2237; x_wconf 90' lang='lat' dir='ltr'><strong>vestris</strong></span> <span class='ocrx_word' id='word_1_308' title='bbox 1072 2198 1250 2249; x_wconf 83' lang='lat' dir='ltr'><strong>auspiciis</strong></span> <span class='ocrx_word' id='word_1_309' title='bbox 1278 2198 1403 2235; x_wconf 86' lang='lat' dir='ltr'><strong>Patria</strong></span> <span class='ocrx_word' id='word_1_310' title='bbox 1430 2200 1509 2234; x_wconf 88' lang='lat' dir='ltr'><strong>tota</strong></span> <span class='ocrx_word' id='word_1_311' title='bbox 1537 2210 1581 2234; x_wconf 85' lang='lat' dir='ltr'><strong>ex</strong></span> <span class='ocrx_word' id='word_1_312' title='bbox 1610 2209 1691 2234; x_wconf 91' lang='lat' dir='ltr'><strong>meo</strong></span> <span class='ocrx_word' id='word_1_313' title='bbox 1719 2197 1776 2233; x_wconf 89' lang='lat' dir='ltr'><strong>la-</strong></span> 
     </span>
     <span class='ocr_line' id='line_1_33' title="bbox 244 2261 1773 2316; baseline -0.005 -11"><span class='ocrx_word' id='word_1_314' title='bbox 244 2268 335 2304; x_wconf 90' lang='lat' dir='ltr'><strong>bore</strong></span> <span class='ocrx_word' id='word_1_315' title='bbox 369 2268 534 2304; x_wconf 84' lang='lat' dir='ltr'><strong>fructum</strong></span> <span class='ocrx_word' id='word_1_316' title='bbox 570 2266 743 2316; x_wconf 81' lang='lat' dir='ltr'><strong>aliquem,</strong></span> <span class='ocrx_word' id='word_1_317' title='bbox 771 2264 894 2315; x_wconf 88' lang='lat' dir='ltr'><strong>quoad</strong></span> <span class='ocrx_word' id='word_1_318' title='bbox 923 2264 1002 2301; x_wconf 88' lang='lat' dir='ltr'><strong>eius</strong></span> <span class='ocrx_word' id='word_1_319' title='bbox 1029 2263 1110 2301; x_wconf 90' lang='lat' dir='ltr'><strong>fieri</strong></span> <span class='ocrx_word' id='word_1_320' title='bbox 1137 2266 1273 2314; x_wconf 88' lang='lat' dir='ltr'><strong>potest,</strong></span> <span class='ocrx_word' id='word_1_321' title='bbox 1300 2262 1436 2299; x_wconf 82' lang='lat' dir='ltr'><strong>habere</strong></span> <span class='ocrx_word' id='word_1_322' title='bbox 1464 2262 1595 2312; x_wconf 89' lang='lat' dir='ltr'><strong>possit.</strong></span> <span class='ocrx_word' id='word_1_323' title='bbox 1652 2261 1773 2305; x_wconf 87' lang='lat' dir='ltr'><strong>Haec,</strong></span> 
     </span>
     <span class='ocr_line' id='line_1_34' title="bbox 242 2325 1773 2382; baseline -0.005 -13"><span class='ocrx_word' id='word_1_324' title='bbox 242 2332 409 2382; x_wconf 86' lang='lat' dir='ltr'><strong>inquam,</strong></span> <span class='ocrx_word' id='word_1_325' title='bbox 443 2336 523 2368; x_wconf 87' lang='lat' dir='ltr'><strong>toto</strong></span> <span class='ocrx_word' id='word_1_326' title='bbox 558 2336 706 2381; x_wconf 88' lang='lat' dir='ltr'><strong>pectore</strong></span> <span class='ocrx_word' id='word_1_327' title='bbox 734 2342 848 2366; x_wconf 87' lang='lat' dir='ltr'><strong>venor</strong></span> <span class='ocrx_word' id='word_1_328' title='bbox 877 2342 1044 2378; x_wconf 85' lang='lat' dir='ltr'><strong>vanaque</strong></span> <span class='ocrx_word' id='word_1_329' title='bbox 1071 2341 1148 2365; x_wconf 88' lang='lat' dir='ltr'><strong>non</strong></span> <span class='ocrx_word' id='word_1_330' title='bbox 1176 2341 1254 2364; x_wconf 87' lang='lat' dir='ltr'><strong>esse</strong></span> <span class='ocrx_word' id='word_1_331' title='bbox 1282 2331 1384 2378; x_wconf 89' lang='lat' dir='ltr'><strong>optO.</strong></span> <span class='ocrx_word' id='word_1_332' title='bbox 1424 2326 1472 2364; x_wconf 83' lang='lat' dir='ltr'><strong>Et</strong></span> <span class='ocrx_word' id='word_1_333' title='bbox 1501 2326 1531 2363; x_wconf 86' lang='lat' dir='ltr'><strong>si</strong></span> <span class='ocrx_word' id='word_1_334' title='bbox 1551 2325 1642 2376; x_wconf 89' lang='lat' dir='ltr'><strong>quid</strong></span> <span class='ocrx_word' id='word_1_335' title='bbox 1663 2325 1773 2362; x_wconf 89' lang='lat' dir='ltr'><strong>huius</strong></span> 
     </span>
     <span class='ocr_line' id='line_1_35' title="bbox 246 2391 1776 2442; baseline -0.004 -9"><span class='ocrx_word' id='word_1_336' title='bbox 246 2398 403 2440; x_wconf 88' lang='lat' dir='ltr'><strong>videam,</strong></span> <span class='ocrx_word' id='word_1_337' title='bbox 431 2396 579 2432; x_wconf 84' lang='lat' dir='ltr'><strong>abunde</strong></span> <span class='ocrx_word' id='word_1_338' title='bbox 605 2395 698 2432; x_wconf 88' lang='lat' dir='ltr'><strong>mihi</strong></span> <span class='ocrx_word' id='word_1_339' title='bbox 727 2395 879 2431; x_wconf 87' lang='lat' dir='ltr'><strong>relatam</strong></span> <span class='ocrx_word' id='word_1_340' title='bbox 906 2394 1067 2442; x_wconf 83' lang='lat' dir='ltr'><strong>gratiam</strong></span> <span class='ocrx_word' id='word_1_341' title='bbox 1096 2398 1131 2430; x_wconf 89' lang='lat' dir='ltr'><strong>et</strong></span> <span class='ocrx_word' id='word_1_342' title='bbox 1160 2406 1180 2430; x_wconf 88' lang='lat' dir='ltr'><strong>a</strong></span> <span class='ocrx_word' id='word_1_343' title='bbox 1210 2394 1289 2429; x_wconf 86' lang='lat' dir='ltr'><strong>Tua</strong></span> <span class='ocrx_word' id='word_1_344' title='bbox 1318 2392 1515 2430; x_wconf 80' lang='lat' dir='ltr'><strong>Maiestate</strong></span> <span class='ocrx_word' id='word_1_345' title='bbox 1542 2395 1577 2428; x_wconf 89' lang='lat' dir='ltr'><strong>et</strong></span> <span class='ocrx_word' id='word_1_346' title='bbox 1605 2405 1626 2427; x_wconf 87' lang='lat' dir='ltr'><strong>a</strong></span> <span class='ocrx_word' id='word_1_347' title='bbox 1653 2391 1776 2439; x_wconf 81' lang='lat' dir='ltr'><strong>Regni</strong></span> 
     </span>
     <span class='ocr_line' id='line_1_36' title="bbox 244 2456 1774 2511; baseline -0.004 -13"><span class='ocrx_word' id='word_1_348' title='bbox 244 2463 289 2510; x_wconf 79' lang='grc' dir='ltr'><strong>(ζ</strong></span> <span class='ocrx_word' id='word_1_349' title='bbox 312 2461 372 2508; x_wconf 68' lang='lat'><strong>2¹²)</strong></span> <span class='ocrx_word' id='word_1_350' title='bbox 402 2460 609 2497; x_wconf 85' lang='lat' dir='ltr'><strong>Ordinibus</strong></span> <span class='ocrx_word' id='word_1_351' title='bbox 636 2459 790 2509; x_wconf 78' lang='lat' dir='ltr'><strong>putabo,</strong></span> <span class='ocrx_word' id='word_1_352' title='bbox 849 2458 965 2495; x_wconf 77' lang='lat' dir='ltr'><strong>Quod</strong></span> <span class='ocrx_word' id='word_1_353' title='bbox 994 2471 1079 2495; x_wconf 85' lang='lat' dir='ltr'><strong>vero</strong></span> <span class='ocrx_word' id='word_1_354' title='bbox 1107 2457 1154 2494; x_wconf 87' lang='lat' dir='ltr'><strong>ad</strong></span> <span class='ocrx_word' id='word_1_355' title='bbox 1186 2458 1238 2494; x_wconf 91' lang='lat' dir='ltr'><strong>Te</strong></span> <span class='ocrx_word' id='word_1_356' title='bbox 1265 2456 1503 2511; x_wconf 84' lang='lat' dir='ltr'><strong>potissimum</strong></span> <span class='ocrx_word' id='word_1_357' title='bbox 1531 2456 1665 2493; x_wconf 89' lang='lat' dir='ltr'><strong>attinet</strong></span> <span class='ocrx_word' id='word_1_358' title='bbox 1693 2456 1774 2493; x_wconf 79' lang='lat' dir='ltr'><strong>Rex</strong></span> 
     </span>
     <span class='ocr_line' id='line_1_37' title="bbox 247 2519 1774 2576; baseline -0.003 -14"><span class='ocrx_word' id='word_1_359' title='bbox 247 2526 506 2563; x_wconf 85' lang='lat' dir='ltr'><strong>Serenissime!</strong></span> <span class='ocrx_word' id='word_1_360' title='bbox 536 2537 611 2561; x_wconf 90' lang='lat' dir='ltr'><strong>non</strong></span> <span class='ocrx_word' id='word_1_361' title='bbox 642 2525 786 2568; x_wconf 87' lang='lat' dir='ltr'><strong>dubito,</strong></span> <span class='ocrx_word' id='word_1_362' title='bbox 815 2524 868 2576; x_wconf 91' lang='lat' dir='ltr'><strong>Te</strong></span> <span class='ocrx_word' id='word_1_363' title='bbox 896 2527 932 2560; x_wconf 90' lang='lat' dir='ltr'><strong>et</strong></span> <span class='ocrx_word' id='word_1_364' title='bbox 960 2523 1054 2559; x_wconf 88' lang='lat' dir='ltr'><strong>scire</strong></span> <span class='ocrx_word' id='word_1_365' title='bbox 1082 2527 1118 2559; x_wconf 89' lang='lat' dir='ltr'><strong>et</strong></span> <span class='ocrx_word' id='word_1_366' title='bbox 1148 2521 1307 2559; x_wconf 90' lang='lat' dir='ltr'><strong>subinde</strong></span> <span class='ocrx_word' id='word_1_367' title='bbox 1334 2525 1456 2558; x_wconf 84' lang='lat' dir='ltr'><strong>tecum</strong></span> <span class='ocrx_word' id='word_1_368' title='bbox 1485 2519 1596 2556; x_wconf 84' lang='lat' dir='ltr'><strong>etiam</strong></span> <span class='ocrx_word' id='word_1_369' title='bbox 1623 2525 1774 2570; x_wconf 85' lang='lat' dir='ltr'><strong>reputa-</strong></span> 
     </span>
     <span class='ocr_line' id='line_1_38' title="bbox 245 2584 1773 2640; baseline -0.005 -13"><span class='ocrx_word' id='word_1_370' title='bbox 245 2604 296 2635; x_wconf 87' lang='lat' dir='ltr'><strong>re,</strong></span> <span class='ocrx_word' id='word_1_371' title='bbox 324 2590 412 2640; x_wconf 88' lang='lat' dir='ltr'><strong>quid</strong></span> <span class='ocrx_word' id='word_1_372' title='bbox 441 2588 604 2625; x_wconf 88' lang='lat' dir='ltr'><strong>Domino</strong></span> <span class='ocrx_word' id='word_1_373' title='bbox 633 2588 711 2625; x_wconf 88' lang='lat' dir='ltr'><strong>Deo</strong></span> <span class='ocrx_word' id='word_1_374' title='bbox 739 2589 822 2625; x_wconf 88' lang='lat' dir='ltr'><strong>Tuo</strong></span> <span class='ocrx_word' id='word_1_375' title='bbox 852 2588 1005 2637; x_wconf 87' lang='lat' dir='ltr'><strong>eiusque</strong></span> <span class='ocrx_word' id='word_1_376' title='bbox 1033 2587 1222 2623; x_wconf 87' lang='lat' dir='ltr'><strong>Ecclesiae</strong></span> <span class='ocrx_word' id='word_1_377' title='bbox 1249 2586 1288 2622; x_wconf 89' lang='lat' dir='ltr'><strong>in</strong></span> <span class='ocrx_word' id='word_1_378' title='bbox 1306 2584 1544 2635; x_wconf 88' lang='lat' dir='ltr'><strong>praecellenti</strong></span> <span class='ocrx_word' id='word_1_379' title='bbox 1566 2584 1635 2621; x_wconf 82' lang='lat' dir='ltr'><strong>hac</strong></span> <span class='ocrx_word' id='word_1_380' title='bbox 1656 2584 1773 2633; x_wconf 78' lang='lat' dir='ltr'><strong>Regia</strong></span> 
     </span>
     <span class='ocr_line' id='line_1_39' title="bbox 246 2648 1775 2703; baseline -0.005 -11"><span class='ocrx_word' id='word_1_381' title='bbox 246 2655 441 2692; x_wconf 87' lang='lat' dir='ltr'><strong>vocatione</strong></span> <span class='ocrx_word' id='word_1_382' title='bbox 469 2654 549 2690; x_wconf 88' lang='lat' dir='ltr'><strong>Tua</strong></span> <span class='ocrx_word' id='word_1_383' title='bbox 571 2653 716 2697; x_wconf 79' lang='lat' dir='ltr'><strong>debeas,</strong></span> <span class='ocrx_word' id='word_1_384' title='bbox 744 2652 909 2703; x_wconf 87' lang='lat' dir='ltr'><strong>quidque</strong></span> <span class='ocrx_word' id='word_1_385' title='bbox 936 2651 999 2688; x_wconf 86' lang='lat' dir='ltr'><strong>ille</strong></span> <span class='ocrx_word' id='word_1_386' title='bbox 1029 2651 1076 2688; x_wconf 90' lang='lat' dir='ltr'><strong>sit</strong></span> <span class='ocrx_word' id='word_1_387' title='bbox 1104 2651 1171 2688; x_wconf 88' lang='lat' dir='ltr'><strong>abs</strong></span> <span class='ocrx_word' id='word_1_388' title='bbox 1193 2652 1246 2688; x_wconf 91' lang='lat' dir='ltr'><strong>Te</strong></span> <span class='ocrx_word' id='word_1_389' title='bbox 1275 2650 1366 2687; x_wconf 86' lang='lat' dir='ltr'><strong>olim</strong></span> <span class='ocrx_word' id='word_1_390' title='bbox 1392 2649 1431 2685; x_wconf 91' lang='lat' dir='ltr'><strong>in</strong></span> <span class='ocrx_word' id='word_1_391' title='bbox 1461 2661 1527 2685; x_wconf 89' lang='lat' dir='ltr'><strong>suo</strong></span> <span class='ocrx_word' id='word_1_392' title='bbox 1556 2648 1695 2686; x_wconf 89' lang='lat' dir='ltr'><strong>iudicio</strong></span> <span class='ocrx_word' id='word_1_393' title='bbox 1717 2662 1775 2686; x_wconf 85' lang='lat' dir='ltr'><strong>re-</strong></span> 
     </span>
     <span class='ocr_line' id='line_1_40' title="bbox 246 2713 1773 2771; baseline -0.005 -14"><span class='ocrx_word' id='word_1_394' title='bbox 246 2720 464 2771; x_wconf 78' lang='lat' dir='ltr'><strong>quisiturus.</strong></span> <span class='ocrx_word' id='word_1_395' title='bbox 500 2722 682 2769; x_wconf 87' lang='lat' dir='ltr'><strong>quatenus</strong></span> <span class='ocrx_word' id='word_1_396' title='bbox 718 2719 772 2754; x_wconf 90' lang='lat' dir='ltr'><strong>Te</strong></span> <span class='ocrx_word' id='word_1_397' title='bbox 805 2717 955 2768; x_wconf 88' lang='lat' dir='ltr'><strong>quidem</strong></span> <span class='ocrx_word' id='word_1_398' title='bbox 982 2729 1047 2766; x_wconf 87' lang='lat' dir='ltr'><strong>per</strong></span> <span class='ocrx_word' id='word_1_399' title='bbox 1074 2716 1179 2752; x_wconf 89' lang='lat' dir='ltr'><strong>illum</strong></span> <span class='ocrx_word' id='word_1_400' title='bbox 1209 2727 1363 2764; x_wconf 84' lang='lat' dir='ltr'><strong>regnare</strong></span> <span class='ocrx_word' id='word_1_401' title='bbox 1392 2713 1523 2751; x_wconf 87' lang='lat' dir='ltr'><strong>credis.</strong></span> <span class='ocrx_word' id='word_1_402' title='bbox 1579 2713 1652 2750; x_wconf 85' lang='lat' dir='ltr'><strong>Sed</strong></span> <span class='ocrx_word' id='word_1_403' title='bbox 1679 2726 1773 2763; x_wconf 92' lang='lat' dir='ltr'><strong>quo-</strong></span> 
     </span>
     <span class='ocr_line' id='line_1_41' title="bbox 244 2779 1774 2832; baseline -0.005 -9"><span class='ocrx_word' id='word_1_404' title='bbox 244 2786 346 2823; x_wconf 88' lang='lat' dir='ltr'><strong>niam</strong></span> <span class='ocrx_word' id='word_1_405' title='bbox 381 2798 440 2822; x_wconf 91' lang='lat' dir='ltr'><strong>me</strong></span> <span class='ocrx_word' id='word_1_406' title='bbox 475 2797 516 2821; x_wconf 90' lang='lat' dir='ltr'><strong>ea</strong></span> <span class='ocrx_word' id='word_1_407' title='bbox 554 2783 598 2820; x_wconf 91' lang='lat' dir='ltr'><strong>de</strong></span> <span class='ocrx_word' id='word_1_408' title='bbox 632 2795 671 2819; x_wconf 82' lang='lat' dir='ltr'><strong>re</strong></span> <span class='ocrx_word' id='word_1_409' title='bbox 706 2782 850 2832; x_wconf 79' lang='lat' dir='ltr'><strong>prolixe</strong></span> <span class='ocrx_word' id='word_1_410' title='bbox 885 2781 974 2818; x_wconf 89' lang='lat' dir='ltr'><strong>satis</strong></span> <span class='ocrx_word' id='word_1_411' title='bbox 1010 2781 1054 2817; x_wconf 87' lang='lat' dir='ltr'><strong>ad</strong></span> <span class='ocrx_word' id='word_1_412' title='bbox 1084 2781 1138 2818; x_wconf 86' lang='lat' dir='ltr'><strong>Te</strong></span> <span class='ocrx_word' id='word_1_413' title='bbox 1167 2781 1258 2818; x_wconf 87' lang='lat' dir='ltr'><strong>alias</strong></span> <span class='ocrx_word' id='word_1_414' title='bbox 1287 2779 1478 2829; x_wconf 88' lang='lat' dir='ltr'><strong>scripsisse</strong></span> <span class='ocrx_word' id='word_1_415' title='bbox 1505 2780 1670 2825; x_wconf 86' lang='lat' dir='ltr'><strong>memini,</strong></span> <span class='ocrx_word' id='word_1_416' title='bbox 1697 2793 1774 2816; x_wconf 89' lang='lat' dir='ltr'><strong>non</strong></span> 
     </span>
     <span class='ocr_line' id='line_1_42' title="bbox 243 2832 1774 2900; baseline -0.004 -13"><span class='ocrx_word' id='word_1_417' title='bbox 243 2854 333 2900; x_wconf 88' lang='lat' dir='ltr'><strong>puto</strong></span> <span class='ocrx_word' id='word_1_418' title='bbox 363 2849 425 2886; x_wconf 87' lang='lat' dir='ltr'><strong>bic</strong></span> <span class='ocrx_word' id='word_1_419' title='bbox 450 2848 543 2885; x_wconf 90' lang='lat' dir='ltr'><strong>mihi</strong></span> <span class='ocrx_word' id='word_1_420' title='bbox 569 2847 696 2884; x_wconf 86' lang='lat' dir='ltr'><strong>multis</strong></span> <span class='ocrx_word' id='word_1_421' title='bbox 723 2845 1000 2883; x_wconf 86' lang='lat' dir='ltr'><strong>immorandum</strong></span> <span class='ocrx_word' id='word_1_422' title='bbox 1027 2858 1118 2883; x_wconf 91' lang='lat' dir='ltr'><strong>esse.</strong></span> <span class='ocrx_word' id='word_1_423' title='bbox 1174 2846 1338 2883; x_wconf 89' lang='lat' dir='ltr'><strong>Tantum</strong></span> <span class='ocrx_word' id='word_1_424' title='bbox 1366 2844 1437 2880; x_wconf 92' lang='lat' dir='ltr'><strong>hoc</strong></span> <span class='ocrx_word' id='word_1_425' title='bbox 1464 2844 1610 2882; x_wconf 80' lang='lat' dir='ltr'><strong>addam.</strong></span> <span class='ocrx_word' id='word_1_426' title='bbox 1647 2832 1774 2881; x_wconf 81' lang='lat' dir='ltr'><strong>Verba</strong></span> 
     </span>
     <span class='ocr_line' id='line_1_43' title="bbox 243 2908 1773 2962; baseline -0.004 -11"><span class='ocrx_word' id='word_1_427' title='bbox 243 2913 308 2952; x_wconf 89' lang='lat' dir='ltr'><strong>illa</strong></span> <span class='ocrx_word' id='word_1_428' title='bbox 348 2913 394 2951; x_wconf 88' lang='lat' dir='ltr'><strong>ad</strong></span> <span class='ocrx_word' id='word_1_429' title='bbox 431 2912 623 2962; x_wconf 89' lang='lat' dir='ltr'><strong>Principes</strong></span> <span class='ocrx_word' id='word_1_430' title='bbox 659 2911 920 2949; x_wconf 86' lang='lat' dir='ltr'><strong>Sacerdotum:</strong></span> <span class='ocrx_word' id='word_1_431' title='bbox 950 2909 1119 2960; x_wconf 83' lang='lat' dir='ltr'><strong>Accipite</strong></span> <span class='ocrx_word' id='word_1_432' title='bbox 1156 2922 1240 2947; x_wconf 91' lang='lat' dir='ltr'><strong>eum</strong></span> <span class='ocrx_word' id='word_1_433' title='bbox 1271 2921 1333 2947; x_wconf 85' lang='lat' dir='ltr'><strong>vos</strong></span> <span class='ocrx_word' id='word_1_434' title='bbox 1361 2911 1397 2946; x_wconf 89' lang='lat' dir='ltr'><strong>et</strong></span> <span class='ocrx_word' id='word_1_435' title='bbox 1425 2908 1626 2945; x_wconf 87' lang='lat' dir='ltr'><strong>secundum</strong></span> <span class='ocrx_word' id='word_1_436' title='bbox 1655 2908 1773 2957; x_wconf 85' lang='lat' dir='ltr'><strong>legem</strong></span> 
     </span>
    </p>
   </div>
  </div>
 </body>
</html>
