<?xml version="1.0" encoding="UTF-8"?>
<!DOCTYPE html PUBLIC "-//W3C//DTD XHTML 1.0 Transitional//EN"
    "http://www.w3.org/TR/xhtml1/DTD/xhtml1-transitional.dtd">
<html xmlns="http://www.w3.org/1999/xhtml" xml:lang="en" lang="en">
 <head>
  <title>
</title>
<meta http-equiv="Content-Type" content="text/html;charset=utf-8" />
  <meta name='ocr-system' content='tesseract 3.04.00' />
  <meta name='ocr-capabilities' content='ocr_page ocr_carea ocr_par ocr_line ocrx_word'/>
</head>
<body>
  <div class='ocr_page' id='page_1' title='image "./operatameditaqua02lask_0258.png"; bbox 0 0 1830 3147; ppageno 0'>
   <div class='ocr_carea' id='block_1_1' title="bbox 207 99 281 135">
    <p class='ocr_par' dir='ltr' id='par_1_1' title="bbox 207 99 281 135">
     <span class='ocr_line' id='line_1_1' title="bbox 207 99 281 135; baseline 0.014 -1"><span class='ocrx_word' id='word_1_1' title='bbox 207 99 281 135; x_wconf 77' lang='lat'>240</span> 
     </span>
    </p>
   </div>
   <div class='ocr_carea' id='block_1_2' title="bbox 203 205 1762 1929">
    <p class='ocr_par' dir='ltr' id='par_1_2' title="bbox 206 205 1762 375">
     <span class='ocr_line' id='line_1_2' title="bbox 207 205 1741 258; baseline 0.001 -13"><span class='ocrx_word' id='word_1_2' title='bbox 207 220 337 257; x_wconf 87' lang='lat' dir='ltr'>regno,</span> <span class='ocrx_word' id='word_1_3' title='bbox 366 207 443 245; x_wconf 89' lang='lat' dir='ltr'>sive</span> <span class='ocrx_word' id='word_1_4' title='bbox 471 205 563 245; x_wconf 89' lang='lat' dir='ltr'>boni</span> <span class='ocrx_word' id='word_1_5' title='bbox 590 205 731 257; x_wconf 89' lang='lat' dir='ltr'>aliquid</span> <span class='ocrx_word' id='word_1_6' title='bbox 763 206 840 244; x_wconf 90' lang='lat' dir='ltr'>sive</span> <span class='ocrx_word' id='word_1_7' title='bbox 866 205 978 244; x_wconf 90' lang='lat' dir='ltr'>etiam</span> <span class='ocrx_word' id='word_1_8' title='bbox 1006 206 1097 243; x_wconf 88' lang='lat' dir='ltr'>mali</span> <span class='ocrx_word' id='word_1_9' title='bbox 1125 206 1322 246; x_wconf 86' lang='lat' dir='ltr'>obvenisse</span> <span class='ocrx_word' id='word_1_10' title='bbox 1349 207 1610 258; x_wconf 77' lang='lat' dir='ltr'>impendel-eve</span> <span class='ocrx_word' id='word_1_11' title='bbox 1637 208 1741 246; x_wconf 88' lang='lat' dir='ltr'>vide-</span> 
     </span>
     <span class='ocr_line' id='line_1_3' title="bbox 207 271 1762 324; baseline -0.001 -13"><span class='ocrx_word' id='word_1_12' title='bbox 207 286 302 320; x_wconf 87' lang='lat' dir='ltr'><strong>mus,</strong></span> <span class='ocrx_word' id='word_1_13' title='bbox 336 272 509 324; x_wconf 89' lang='lat' dir='ltr'>publicae</span> <span class='ocrx_word' id='word_1_14' title='bbox 544 284 634 310; x_wconf 84' lang='lat' dir='ltr'>mox</span> <span class='ocrx_word' id='word_1_15' title='bbox 670 271 709 310; x_wconf 91' lang='lat' dir='ltr'>in</span> <span class='ocrx_word' id='word_1_16' title='bbox 742 271 808 309; x_wconf 86' lang='lat' dir='ltr'>illa</span> <span class='ocrx_word' id='word_1_17' title='bbox 846 285 889 309; x_wconf 89' lang='lat' dir='ltr'>ac</span> <span class='ocrx_word' id='word_1_18' title='bbox 923 271 1128 322; x_wconf 82' lang='lat' dir='ltr'>peculiares</span> <span class='ocrx_word' id='word_1_19' title='bbox 1166 272 1460 323; x_wconf 75' lang='lat' dir='ltr'>supplicationes</span> <span class='ocrx_word' id='word_1_20' title='bbox 1496 272 1762 311; x_wconf 46' lang='lat' dir='ltr'>instituantur*</span> 
     </span>
     <span class='ocr_line' id='line_1_4' title="bbox 206 336 578 375; baseline 0 0"><span class='ocrx_word' id='word_1_21' title='bbox 206 337 253 375; x_wconf 88' lang='lat' dir='ltr'>ad</span> <span class='ocrx_word' id='word_1_22' title='bbox 281 337 383 375; x_wconf 86' lang='lat' dir='ltr'>hunc</span> <span class='ocrx_word' id='word_1_23' title='bbox 410 336 578 375; x_wconf 90' lang='lat' dir='ltr'>modum.</span> 
     </span>
    </p>

    <p class='ocr_par' dir='ltr' id='par_1_3' title="bbox 203 399 1747 1166">
     <span class='ocr_line' id='line_1_5' title="bbox 257 399 1743 453; baseline -0.001 -13"><span class='ocrx_word' id='word_1_24' title='bbox 257 403 359 440; x_wconf 92' lang='lat' dir='ltr'>Ante</span> <span class='ocrx_word' id='word_1_25' title='bbox 394 399 521 440; x_wconf 91' lang='lat' dir='ltr'>omnia</span> <span class='ocrx_word' id='word_1_26' title='bbox 549 399 766 438; x_wconf 89' lang='lat' dir='ltr'>convocatis</span> <span class='ocrx_word' id='word_1_27' title='bbox 797 399 983 438; x_wconf 86' lang='lat' dir='ltr'>Ministris</span> <span class='ocrx_word' id='word_1_28' title='bbox 1013 412 1057 437; x_wconf 89' lang='lat' dir='ltr'>ac</span> <span class='ocrx_word' id='word_1_29' title='bbox 1085 399 1305 439; x_wconf 82' lang='lat' dir='ltr'>Senioribus</span> <span class='ocrx_word' id='word_1_30' title='bbox 1334 402 1537 445; x_wconf 80' lang='lat' dir='ltr'>Ecclesiae,</span> <span class='ocrx_word' id='word_1_31' title='bbox 1563 401 1743 453; x_wconf 89' lang='lat' dir='ltr'>proponi·</span> 
     </span>
     <span class='ocr_line' id='line_1_6' title="bbox 206 463 1744 518; baseline 0.001 -15"><span class='ocrx_word' id='word_1_32' title='bbox 206 473 267 504; x_wconf 86' lang='lat' dir='ltr'>tur</span> <span class='ocrx_word' id='word_1_33' title='bbox 295 465 370 503; x_wconf 89' lang='lat' dir='ltr'>illis</span> <span class='ocrx_word' id='word_1_34' title='bbox 398 478 510 503; x_wconf 89' lang='lat' dir='ltr'>causa</span> <span class='ocrx_word' id='word_1_35' title='bbox 535 463 791 502; x_wconf 81' lang='lat' dir='ltr'><strong>instituendae</strong></span> <span class='ocrx_word' id='word_1_36' title='bbox 818 464 992 516; x_wconf 89' lang='lat' dir='ltr'>publicae</span> <span class='ocrx_word' id='word_1_37' title='bbox 1020 465 1320 516; x_wconf 83' lang='lat' dir='ltr'>supplicationis,</span> <span class='ocrx_word' id='word_1_38' title='bbox 1345 472 1387 504; x_wconf 90' lang='lat' dir='ltr'>ut</span> <span class='ocrx_word' id='word_1_39' title='bbox 1414 467 1626 518; x_wconf 78' lang='lat' dir='ltr'>dispiciant,</span> <span class='ocrx_word' id='word_1_40' title='bbox 1654 479 1744 505; x_wconf 90' lang='lat' dir='ltr'>num</span> 
     </span>
     <span class='ocr_line' id='line_1_7' title="bbox 206 530 1746 583; baseline 0.001 -15"><span class='ocrx_word' id='word_1_41' title='bbox 206 531 254 569; x_wconf 89' lang='lat' dir='ltr'>sit</span> <span class='ocrx_word' id='word_1_42' title='bbox 289 543 440 569; x_wconf 90' lang='lat' dir='ltr'>necesse</span> <span class='ocrx_word' id='word_1_43' title='bbox 476 535 589 583; x_wconf 86' lang='lat' dir='ltr'>atque</span> <span class='ocrx_word' id='word_1_44' title='bbox 626 530 717 568; x_wconf 90' lang='lat' dir='ltr'>utile</span> <span class='ocrx_word' id='word_1_45' title='bbox 751 530 856 567; x_wconf 89' lang='lat' dir='ltr'>illam</span> <span class='ocrx_word' id='word_1_46' title='bbox 893 530 1056 568; x_wconf 85' lang='lat' dir='ltr'>institui.</span> <span class='ocrx_word' id='word_1_47' title='bbox 1111 530 1228 568; x_wconf 79' lang='lat' dir='ltr'>Quod</span> <span class='ocrx_word' id='word_1_48' title='bbox 1263 531 1295 570; x_wconf 90' lang='lat' dir='ltr'>si</span> <span class='ocrx_word' id='word_1_49' title='bbox 1331 537 1513 579; x_wconf 76' lang='lat' dir='ltr'><strong>annuant,</strong></span> <span class='ocrx_word' id='word_1_50' title='bbox 1548 536 1630 570; x_wconf 87' lang='lat' dir='ltr'>tum</span> <span class='ocrx_word' id='word_1_51' title='bbox 1667 532 1746 570; x_wconf 88' lang='lat' dir='ltr'>dies</span> 
     </span>
     <span class='ocr_line' id='line_1_8' title="bbox 207 594 1747 649; baseline 0.001 -17"><span class='ocrx_word' id='word_1_52' title='bbox 207 599 330 633; x_wconf 85' lang='lat' dir='ltr'>certus</span> <span class='ocrx_word' id='word_1_53' title='bbox 366 596 406 633; x_wconf 90' lang='lat' dir='ltr'>in</span> <span class='ocrx_word' id='word_1_54' title='bbox 445 595 614 647; x_wconf 80' lang='lat' dir='ltr'>sequenti</span> <span class='ocrx_word' id='word_1_55' title='bbox 653 594 888 632; x_wconf 83' lang='lat' dir='ltr'>hebdomade</span> <span class='ocrx_word' id='word_1_56' title='bbox 925 594 1012 632; x_wconf 91' lang='lat' dir='ltr'>huic</span> <span class='ocrx_word' id='word_1_57' title='bbox 1047 595 1115 633; x_wconf 87' lang='lat' dir='ltr'>tali</span> <span class='ocrx_word' id='word_1_58' title='bbox 1144 596 1410 647; x_wconf 81' lang='lat' dir='ltr'>supplicationi</span> <span class='ocrx_word' id='word_1_59' title='bbox 1439 597 1653 649; x_wconf 88' lang='lat' dir='ltr'>deputatur,</span> <span class='ocrx_word' id='word_1_60' title='bbox 1680 597 1747 648; x_wconf 89' lang='lat' dir='ltr'>qui</span> 
     </span>
     <span class='ocr_line' id='line_1_9' title="bbox 205 659 1746 702; baseline 0.001 -4"><span class='ocrx_word' id='word_1_61' title='bbox 205 661 373 698; x_wconf 90' lang='lat' dir='ltr'>omnium</span> <span class='ocrx_word' id='word_1_62' title='bbox 402 661 564 698; x_wconf 85' lang='lat' dir='ltr'>maxime</span> <span class='ocrx_word' id='word_1_63' title='bbox 592 659 811 698; x_wconf 89' lang='lat' dir='ltr'>commodus</span> <span class='ocrx_word' id='word_1_64' title='bbox 840 659 1106 697; x_wconf 85' lang='lat' dir='ltr'>convocandae</span> <span class='ocrx_word' id='word_1_65' title='bbox 1135 660 1326 699; x_wconf 87' lang='lat' dir='ltr'>Ecclesiae</span> <span class='ocrx_word' id='word_1_66' title='bbox 1353 675 1432 701; x_wconf 90' lang='lat' dir='ltr'>esse</span> <span class='ocrx_word' id='word_1_67' title='bbox 1460 663 1620 702; x_wconf 82' lang='lat' dir='ltr'>videtur.</span> <span class='ocrx_word' id='word_1_68' title='bbox 1675 661 1746 700; x_wconf 94' lang='lat' dir='ltr'>Die</span> 
     </span>
     <span class='ocr_line' id='line_1_10' title="bbox 205 723 1744 779; baseline 0.003 -18"><span class='ocrx_word' id='word_1_69' title='bbox 205 737 292 762; x_wconf 86' lang='lat' dir='ltr'>vero</span> <span class='ocrx_word' id='word_1_70' title='bbox 330 724 531 762; x_wconf 90' lang='lat' dir='ltr'>Dominico</span> <span class='ocrx_word' id='word_1_71' title='bbox 568 728 655 762; x_wconf 86' lang='lat' dir='ltr'>ante</span> <span class='ocrx_word' id='word_1_72' title='bbox 701 723 947 761; x_wconf 84' lang='lat' dir='ltr'>constitutum</span> <span class='ocrx_word' id='word_1_73' title='bbox 985 723 1081 762; x_wconf 86' lang='lat' dir='ltr'>diem</span> <span class='ocrx_word' id='word_1_74' title='bbox 1118 724 1226 762; x_wconf 89' lang='lat' dir='ltr'>illum</span> <span class='ocrx_word' id='word_1_75' title='bbox 1264 726 1511 765; x_wconf 88' lang='lat' dir='ltr'>Ecclesiastes</span> <span class='ocrx_word' id='word_1_76' title='bbox 1546 740 1615 779; x_wconf 87' lang='lat' dir='ltr'>pro</span> <span class='ocrx_word' id='word_1_77' title='bbox 1653 740 1744 765; x_wconf 90' lang='lat' dir='ltr'>con-</span> 
     </span>
     <span class='ocr_line' id='line_1_11' title="bbox 206 788 1744 844; baseline 0.003 -17"><span class='ocrx_word' id='word_1_78' title='bbox 206 792 312 828; x_wconf 89' lang='lat' dir='ltr'>cione</span> <span class='ocrx_word' id='word_1_79' title='bbox 347 790 501 841; x_wconf 85' lang='lat' dir='ltr'>publica</span> <span class='ocrx_word' id='word_1_80' title='bbox 529 789 734 832; x_wconf 80' lang='lat' dir='ltr'>denunciat</span> <span class='ocrx_word' id='word_1_81' title='bbox 761 789 834 827; x_wconf 84' lang='lat' dir='ltr'>toti</span> <span class='ocrx_word' id='word_1_82' title='bbox 861 788 1056 827; x_wconf 82' lang='lat' dir='ltr'>Ecclesiae</span> <span class='ocrx_word' id='word_1_83' title='bbox 1083 789 1182 828; x_wconf 89' lang='lat' dir='ltr'>diem</span> <span class='ocrx_word' id='word_1_84' title='bbox 1222 791 1328 829; x_wconf 89' lang='lat' dir='ltr'>illum</span> <span class='ocrx_word' id='word_1_85' title='bbox 1355 792 1528 844; x_wconf 86' lang='lat' dir='ltr'>publicae</span> <span class='ocrx_word' id='word_1_86' title='bbox 1556 793 1744 844; x_wconf 87' lang='lat' dir='ltr'>supplica-</span> 
     </span>
     <span class='ocr_line' id='line_1_12' title="bbox 209 853 1742 904; baseline 0.002 -12"><span class='ocrx_word' id='word_1_87' title='bbox 209 854 308 892; x_wconf 88' lang='lat' dir='ltr'>tioni</span> <span class='ocrx_word' id='word_1_88' title='bbox 345 854 573 892; x_wconf 91' lang='lat' dir='ltr'>destinatum</span> <span class='ocrx_word' id='word_1_89' title='bbox 611 866 815 904; x_wconf 85' lang='lat' dir='ltr'>causasque</span> <span class='ocrx_word' id='word_1_90' title='bbox 857 853 960 892; x_wconf 90' lang='lat' dir='ltr'>illius</span> <span class='ocrx_word' id='word_1_91' title='bbox 997 867 1125 892; x_wconf 89' lang='lat' dir='ltr'>omnes</span> <span class='ocrx_word' id='word_1_92' title='bbox 1161 860 1328 894; x_wconf 84' lang='lat' dir='ltr'>recenset</span> <span class='ocrx_word' id='word_1_93' title='bbox 1367 860 1403 894; x_wconf 86' lang='lat' dir='ltr'>et</span> <span class='ocrx_word' id='word_1_94' title='bbox 1439 856 1645 895; x_wconf 82' lang='lat' dir='ltr'>Ecclesiam</span> <span class='ocrx_word' id='word_1_95' title='bbox 1682 861 1742 894; x_wconf 86' lang='lat' dir='ltr'>to-</span> 
     </span>
     <span class='ocr_line' id='line_1_13' title="bbox 203 918 1744 973; baseline 0.003 -17"><span class='ocrx_word' id='word_1_96' title='bbox 203 925 278 957; x_wconf 88' lang='lat' dir='ltr'>tam</span> <span class='ocrx_word' id='word_1_97' title='bbox 307 919 354 956; x_wconf 90' lang='lat' dir='ltr'>ad</span> <span class='ocrx_word' id='word_1_98' title='bbox 381 919 500 957; x_wconf 90' lang='lat' dir='ltr'>totius</span> <span class='ocrx_word' id='word_1_99' title='bbox 528 919 607 956; x_wconf 90' lang='lat' dir='ltr'>eius</span> <span class='ocrx_word' id='word_1_100' title='bbox 637 918 711 956; x_wconf 86' lang='lat' dir='ltr'>diei</span> <span class='ocrx_word' id='word_1_101' title='bbox 738 918 933 965; x_wconf 85' lang='lat' dir='ltr'>ieiunium,</span> <span class='ocrx_word' id='word_1_102' title='bbox 960 924 1145 970; x_wconf 86' lang='lat' dir='ltr'>quatenus</span> <span class='ocrx_word' id='word_1_103' title='bbox 1172 921 1212 958; x_wconf 89' lang='lat' dir='ltr'>id</span> <span class='ocrx_word' id='word_1_104' title='bbox 1250 921 1429 972; x_wconf 88' lang='lat' dir='ltr'>cuiusque</span> <span class='ocrx_word' id='word_1_105' title='bbox 1456 921 1632 960; x_wconf 90' lang='lat' dir='ltr'>valetudo</span> <span class='ocrx_word' id='word_1_106' title='bbox 1659 935 1744 973; x_wconf 87' lang='lat' dir='ltr'>per·</span> 
     </span>
     <span class='ocr_line' id='line_1_14' title="bbox 204 984 1742 1040; baseline 0.002 -18"><span class='ocrx_word' id='word_1_107' title='bbox 204 985 345 1031; x_wconf 87' lang='lat' dir='ltr'>mittat,</span> <span class='ocrx_word' id='word_1_108' title='bbox 380 984 616 1026; x_wconf 80' lang='lat' dir='ltr'>adhortatur.</span> <span class='ocrx_word' id='word_1_109' title='bbox 644 988 854 1040; x_wconf 83' lang='lat' dir='ltr'>monetque</span> <span class='ocrx_word' id='word_1_110' title='bbox 891 998 1032 1030; x_wconf 90' lang='lat' dir='ltr'>omnes,</span> <span class='ocrx_word' id='word_1_111' title='bbox 1067 990 1110 1024; x_wconf 91' lang='lat' dir='ltr'>ut</span> <span class='ocrx_word' id='word_1_112' title='bbox 1147 991 1226 1024; x_wconf 86' lang='lat' dir='ltr'>sese</span> <span class='ocrx_word' id='word_1_113' title='bbox 1260 1000 1326 1038; x_wconf 89' lang='lat' dir='ltr'>per</span> <span class='ocrx_word' id='word_1_114' title='bbox 1353 1000 1477 1025; x_wconf 81' lang='lat' dir='ltr'>veram</span> <span class='ocrx_word' id='word_1_115' title='bbox 1505 991 1742 1038; x_wconf 88' lang='lat' dir='ltr'>peccatorum</span> 
     </span>
     <span class='ocr_line' id='line_1_15' title="bbox 205 1040 1744 1102; baseline 0.001 -14"><span class='ocrx_word' id='word_1_116' title='bbox 205 1040 357 1089; x_wconf 78' lang='lat' dir='ltr'>suorum</span> <span class='ocrx_word' id='word_1_117' title='bbox 394 1050 625 1099; x_wconf 85' lang='lat' dir='ltr'>agnitionem</span> <span class='ocrx_word' id='word_1_118' title='bbox 665 1050 710 1087; x_wconf 92' lang='lat' dir='ltr'>ad</span> <span class='ocrx_word' id='word_1_119' title='bbox 738 1049 911 1101; x_wconf 88' lang='lat' dir='ltr'>publicas</span> <span class='ocrx_word' id='word_1_120' title='bbox 938 1052 1050 1100; x_wconf 86' lang='lat'>(548)</span> <span class='ocrx_word' id='word_1_121' title='bbox 1087 1064 1212 1102; x_wconf 82' lang='lat' dir='ltr'>preces</span> <span class='ocrx_word' id='word_1_122' title='bbox 1247 1056 1328 1090; x_wconf 88' lang='lat' dir='ltr'>toto</span> <span class='ocrx_word' id='word_1_123' title='bbox 1356 1053 1421 1090; x_wconf 93' lang='lat' dir='ltr'>illo</span> <span class='ocrx_word' id='word_1_124' title='bbox 1452 1052 1511 1090; x_wconf 90' lang='lat' dir='ltr'>die</span> <span class='ocrx_word' id='word_1_125' title='bbox 1539 1053 1744 1091; x_wconf 87' lang='lat' dir='ltr'>constituto</span> 
     </span>
     <span class='ocr_line' id='line_1_16' title="bbox 206 1115 1322 1166; baseline 0.003 -14"><span class='ocrx_word' id='word_1_126' title='bbox 206 1119 436 1166; x_wconf 89' lang='lat' dir='ltr'>componant</span> <span class='ocrx_word' id='word_1_127' title='bbox 463 1119 575 1166; x_wconf 90' lang='lat' dir='ltr'>atque</span> <span class='ocrx_word' id='word_1_128' title='bbox 601 1115 640 1152; x_wconf 93' lang='lat' dir='ltr'>in</span> <span class='ocrx_word' id='word_1_129' title='bbox 669 1115 810 1166; x_wconf 87' lang='lat' dir='ltr'>templo</span> <span class='ocrx_word' id='word_1_130' title='bbox 839 1115 999 1166; x_wconf 86' lang='lat' dir='ltr'>tempori</span> <span class='ocrx_word' id='word_1_131' title='bbox 1026 1129 1156 1154; x_wconf 90' lang='lat' dir='ltr'>omnes</span> <span class='ocrx_word' id='word_1_132' title='bbox 1184 1116 1322 1156; x_wconf 88' lang='lat' dir='ltr'>adsint.</span> 
     </span>
    </p>

    <p class='ocr_par' dir='ltr' id='par_1_4' title="bbox 204 1178 1744 1734">
     <span class='ocr_line' id='line_1_17' title="bbox 257 1178 1743 1234; baseline 0.002 -18"><span class='ocrx_word' id='word_1_133' title='bbox 257 1178 317 1216; x_wconf 91' lang='lat' dir='ltr'>Ad</span> <span class='ocrx_word' id='word_1_134' title='bbox 355 1179 601 1216; x_wconf 88' lang='lat' dir='ltr'>constitutum</span> <span class='ocrx_word' id='word_1_135' title='bbox 636 1191 748 1230; x_wconf 85' lang='lat' dir='ltr'>porro</span> <span class='ocrx_word' id='word_1_136' title='bbox 778 1178 889 1222; x_wconf 87' lang='lat' dir='ltr'>diem,</span> <span class='ocrx_word' id='word_1_137' title='bbox 915 1179 982 1234; x_wconf 83' lang='lat' dir='ltr'>ubi</span> <span class='ocrx_word' id='word_1_138' title='bbox 1010 1179 1180 1218; x_wconf 86' lang='lat' dir='ltr'>Ecclesia</span> <span class='ocrx_word' id='word_1_139' title='bbox 1209 1186 1295 1219; x_wconf 89' lang='lat' dir='ltr'>ante</span> <span class='ocrx_word' id='word_1_140' title='bbox 1323 1181 1454 1219; x_wconf 85' lang='lat' dir='ltr'>horam</span> <span class='ocrx_word' id='word_1_141' title='bbox 1483 1194 1623 1219; x_wconf 90' lang='lat' dir='ltr'>nonam</span> <span class='ocrx_word' id='word_1_142' title='bbox 1651 1194 1743 1219; x_wconf 91' lang='lat' dir='ltr'>con-</span> 
     </span>
     <span class='ocr_line' id='line_1_18' title="bbox 205 1244 1743 1297; baseline 0.001 -15"><span class='ocrx_word' id='word_1_143' title='bbox 205 1244 320 1289; x_wconf 88' lang='lat' dir='ltr'>venit,</span> <span class='ocrx_word' id='word_1_144' title='bbox 357 1244 503 1282; x_wconf 90' lang='lat' dir='ltr'>orditur</span> <span class='ocrx_word' id='word_1_145' title='bbox 540 1244 786 1281; x_wconf 87' lang='lat' dir='ltr'>Ecclesiastes</span> <span class='ocrx_word' id='word_1_146' title='bbox 824 1257 927 1282; x_wconf 88' lang='lat' dir='ltr'>suam</span> <span class='ocrx_word' id='word_1_147' title='bbox 968 1246 1200 1292; x_wconf 88' lang='lat' dir='ltr'>concionem,</span> <span class='ocrx_word' id='word_1_148' title='bbox 1234 1246 1273 1283; x_wconf 91' lang='lat' dir='ltr'>in</span> <span class='ocrx_word' id='word_1_149' title='bbox 1311 1259 1382 1297; x_wconf 92' lang='lat' dir='ltr'>qua</span> <span class='ocrx_word' id='word_1_150' title='bbox 1412 1246 1483 1285; x_wconf 90' lang='lat' dir='ltr'>sibi</span> <span class='ocrx_word' id='word_1_151' title='bbox 1519 1247 1644 1284; x_wconf 91' lang='lat' dir='ltr'>locum</span> <span class='ocrx_word' id='word_1_152' title='bbox 1673 1247 1743 1284; x_wconf 89' lang='lat' dir='ltr'>ali-</span> 
     </span>
     <span class='ocr_line' id='line_1_19' title="bbox 205 1308 1744 1362; baseline 0.002 -17"><span class='ocrx_word' id='word_1_153' title='bbox 205 1321 315 1359; x_wconf 87' lang='lat' dir='ltr'>quem</span> <span class='ocrx_word' id='word_1_154' title='bbox 343 1321 362 1346; x_wconf 92' lang='lat' dir='ltr'>e</span> <span class='ocrx_word' id='word_1_155' title='bbox 389 1308 586 1359; x_wconf 90' lang='lat' dir='ltr'>scripturis</span> <span class='ocrx_word' id='word_1_156' title='bbox 615 1308 790 1353; x_wconf 83' lang='lat' dir='ltr'>desumit,</span> <span class='ocrx_word' id='word_1_157' title='bbox 816 1322 926 1359; x_wconf 89' lang='lat' dir='ltr'>quem</span> <span class='ocrx_word' id='word_1_158' title='bbox 954 1310 987 1347; x_wconf 87' lang='lat' dir='ltr'>ei</span> <span class='ocrx_word' id='word_1_159' title='bbox 1017 1322 1161 1355; x_wconf 84' lang='lat' dir='ltr'>causae,</span> <span class='ocrx_word' id='word_1_160' title='bbox 1188 1315 1340 1362; x_wconf 87' lang='lat' dir='ltr'>propter</span> <span class='ocrx_word' id='word_1_161' title='bbox 1367 1325 1476 1362; x_wconf 85' lang='lat' dir='ltr'>quam</span> <span class='ocrx_word' id='word_1_162' title='bbox 1500 1316 1555 1349; x_wconf 90' lang='lat' dir='ltr'>est</span> <span class='ocrx_word' id='word_1_163' title='bbox 1570 1310 1744 1350; x_wconf 87' lang='lat' dir='ltr'>instituta</span> 
     </span>
     <span class='ocr_line' id='line_1_20' title="bbox 205 1370 1741 1422; baseline 0.005 -15"><span class='ocrx_word' id='word_1_164' title='bbox 205 1370 357 1422; x_wconf 89' lang='lat' dir='ltr'>publica</span> <span class='ocrx_word' id='word_1_165' title='bbox 384 1371 621 1421; x_wconf 87' lang='lat' dir='ltr'>supplicatio,</span> <span class='ocrx_word' id='word_1_166' title='bbox 650 1371 862 1408; x_wconf 84' lang='lat' dir='ltr'>subservire</span> <span class='ocrx_word' id='word_1_167' title='bbox 890 1372 1009 1411; x_wconf 90' lang='lat' dir='ltr'>novit.</span> <span class='ocrx_word' id='word_1_168' title='bbox 1039 1372 1093 1410; x_wconf 91' lang='lat' dir='ltr'>Ut</span> <span class='ocrx_word' id='word_1_169' title='bbox 1121 1374 1219 1411; x_wconf 90' lang='lat' dir='ltr'>enim</span> <span class='ocrx_word' id='word_1_170' title='bbox 1250 1374 1373 1412; x_wconf 90' lang='lat' dir='ltr'>variae</span> <span class='ocrx_word' id='word_1_171' title='bbox 1401 1378 1502 1421; x_wconf 85' lang='lat' dir='ltr'>sunt,</span> <span class='ocrx_word' id='word_1_172' title='bbox 1529 1378 1607 1413; x_wconf 87' lang='lat' dir='ltr'>tam</span> <span class='ocrx_word' id='word_1_173' title='bbox 1626 1375 1741 1414; x_wconf 87' lang='lat' dir='ltr'>bene-</span> 
     </span>
     <span class='ocr_line' id='line_1_21' title="bbox 205 1435 1743 1489; baseline 0.004 -17"><span class='ocrx_word' id='word_1_174' title='bbox 205 1435 375 1473; x_wconf 83' lang='lat' dir='ltr'>ficiorum</span> <span class='ocrx_word' id='word_1_175' title='bbox 403 1435 631 1480; x_wconf 84' lang='lat' dir='ltr'>divinorum,</span> <span class='ocrx_word' id='word_1_176' title='bbox 659 1449 769 1486; x_wconf 86' lang='lat' dir='ltr'>quam</span> <span class='ocrx_word' id='word_1_177' title='bbox 798 1436 909 1474; x_wconf 86' lang='lat' dir='ltr'>etiam</span> <span class='ocrx_word' id='word_1_178' title='bbox 941 1437 1207 1484; x_wconf 87' lang='lat' dir='ltr'>calamitatum,</span> <span class='ocrx_word' id='word_1_179' title='bbox 1237 1452 1331 1489; x_wconf 89' lang='lat' dir='ltr'>quae</span> <span class='ocrx_word' id='word_1_180' title='bbox 1358 1439 1546 1485; x_wconf 87' lang='lat' dir='ltr'>incidunt,</span> <span class='ocrx_word' id='word_1_181' title='bbox 1574 1440 1743 1477; x_wconf 87' lang='lat' dir='ltr'>occasio-</span> 
     </span>
     <span class='ocr_line' id='line_1_22' title="bbox 204 1500 1740 1553; baseline 0.005 -16"><span class='ocrx_word' id='word_1_182' title='bbox 204 1513 270 1538; x_wconf 82' lang='lat' dir='ltr'>nes</span> <span class='ocrx_word' id='word_1_183' title='bbox 305 1513 348 1538; x_wconf 91' lang='lat' dir='ltr'>ac</span> <span class='ocrx_word' id='word_1_184' title='bbox 384 1500 562 1544; x_wconf 80' lang='lat' dir='ltr'>rationes.</span> <span class='ocrx_word' id='word_1_185' title='bbox 596 1501 647 1538; x_wconf 88' lang='lat' dir='ltr'>ita</span> <span class='ocrx_word' id='word_1_186' title='bbox 686 1501 887 1538; x_wconf 87' lang='lat' dir='ltr'>conciones</span> <span class='ocrx_word' id='word_1_187' title='bbox 925 1515 1074 1552; x_wconf 85' lang='lat' dir='ltr'>quoque</span> <span class='ocrx_word' id='word_1_188' title='bbox 1109 1503 1147 1540; x_wconf 89' lang='lat' dir='ltr'>in</span> <span class='ocrx_word' id='word_1_189' title='bbox 1186 1503 1257 1540; x_wconf 88' lang='lat' dir='ltr'>hoc</span> <span class='ocrx_word' id='word_1_190' title='bbox 1283 1508 1506 1553; x_wconf 84' lang='lat' dir='ltr'>argumento</span> <span class='ocrx_word' id='word_1_191' title='bbox 1542 1505 1586 1543; x_wconf 86' lang='lat' dir='ltr'>ad</span> <span class='ocrx_word' id='word_1_192' title='bbox 1627 1519 1740 1544; x_wconf 86' lang='lat' dir='ltr'>unam</span> 
     </span>
     <span class='ocr_line' id='line_1_23' title="bbox 205 1565 1741 1618; baseline 0.005 -16"><span class='ocrx_word' id='word_1_193' title='bbox 205 1566 364 1603; x_wconf 87' lang='lat' dir='ltr'>formam</span> <span class='ocrx_word' id='word_1_194' title='bbox 408 1565 536 1603; x_wconf 88' lang='lat' dir='ltr'>reduci</span> <span class='ocrx_word' id='word_1_195' title='bbox 581 1578 656 1603; x_wconf 91' lang='lat' dir='ltr'>non</span> <span class='ocrx_word' id='word_1_196' title='bbox 702 1570 874 1617; x_wconf 62' lang='lat' dir='ltr'>possunt,</span> <span class='ocrx_word' id='word_1_197' title='bbox 910 1571 947 1604; x_wconf 87' lang='lat' dir='ltr'>et</span> <span class='ocrx_word' id='word_1_198' title='bbox 982 1567 1140 1618; x_wconf 83' lang='lat' dir='ltr'>proinde</span> <span class='ocrx_word' id='word_1_199' title='bbox 1176 1569 1268 1606; x_wconf 86' lang='lat' dir='ltr'>satis</span> <span class='ocrx_word' id='word_1_200' title='bbox 1303 1570 1374 1607; x_wconf 86' lang='lat' dir='ltr'>erit</span> <span class='ocrx_word' id='word_1_201' title='bbox 1401 1570 1600 1608; x_wconf 89' lang='lat' dir='ltr'>adnotasse</span> <span class='ocrx_word' id='word_1_202' title='bbox 1638 1583 1741 1608; x_wconf 89' lang='lat' dir='ltr'>com-</span> 
     </span>
     <span class='ocr_line' id='line_1_24' title="bbox 205 1630 1742 1682; baseline 0.004 -15"><span class='ocrx_word' id='word_1_203' title='bbox 205 1643 335 1668; x_wconf 86' lang='lat' dir='ltr'>munes</span> <span class='ocrx_word' id='word_1_204' title='bbox 371 1630 554 1681; x_wconf 88' lang='lat' dir='ltr'>quosdam</span> <span class='ocrx_word' id='word_1_205' title='bbox 591 1631 708 1674; x_wconf 82' lang='lat' dir='ltr'>locos,</span> <span class='ocrx_word' id='word_1_206' title='bbox 744 1631 842 1668; x_wconf 82' lang='lat' dir='ltr'>circa</span> <span class='ocrx_word' id='word_1_207' title='bbox 878 1643 972 1682; x_wconf 88' lang='lat' dir='ltr'>quos</span> <span class='ocrx_word' id='word_1_208' title='bbox 1008 1632 1247 1682; x_wconf 88' lang='lat' dir='ltr'>potissimum</span> <span class='ocrx_word' id='word_1_209' title='bbox 1283 1633 1455 1672; x_wconf 88' lang='lat' dir='ltr'>minister</span> <span class='ocrx_word' id='word_1_210' title='bbox 1489 1634 1527 1672; x_wconf 87' lang='lat' dir='ltr'>in</span> <span class='ocrx_word' id='word_1_211' title='bbox 1557 1648 1621 1672; x_wconf 89' lang='lat' dir='ltr'>sua</span> <span class='ocrx_word' id='word_1_212' title='bbox 1651 1648 1742 1673; x_wconf 90' lang='lat' dir='ltr'>con-</span> 
     </span>
     <span class='ocr_line' id='line_1_25' title="bbox 206 1696 520 1734; baseline 0 -1"><span class='ocrx_word' id='word_1_213' title='bbox 206 1696 314 1734; x_wconf 91' lang='lat' dir='ltr'>cione</span> <span class='ocrx_word' id='word_1_214' title='bbox 340 1700 520 1734; x_wconf 88' lang='lat' dir='ltr'>versatur.</span> 
     </span>
    </p>

    <p class='ocr_par' dir='ltr' id='par_1_5' title="bbox 206 1759 1743 1929">
     <span class='ocr_line' id='line_1_26' title="bbox 259 1759 1743 1815; baseline 0.003 -18"><span class='ocrx_word' id='word_1_215' title='bbox 259 1759 409 1798; x_wconf 78' lang='lat' dir='ltr'>Quodsi</span> <span class='ocrx_word' id='word_1_216' title='bbox 444 1764 598 1811; x_wconf 88' lang='lat' dir='ltr'>propter</span> <span class='ocrx_word' id='word_1_217' title='bbox 631 1760 823 1811; x_wconf 86' lang='lat' dir='ltr'>publicam</span> <span class='ocrx_word' id='word_1_218' title='bbox 859 1760 1022 1811; x_wconf 88' lang='lat' dir='ltr'>aliquam</span> <span class='ocrx_word' id='word_1_219' title='bbox 1064 1762 1311 1801; x_wconf 82' lang='lat' dir='ltr'>calamitatem</span> <span class='ocrx_word' id='word_1_220' title='bbox 1350 1764 1526 1802; x_wconf 84' lang='lat' dir='ltr'>instituta</span> <span class='ocrx_word' id='word_1_221' title='bbox 1562 1769 1617 1802; x_wconf 88' lang='lat' dir='ltr'>est</span> <span class='ocrx_word' id='word_1_222' title='bbox 1656 1777 1743 1815; x_wconf 84' lang='lat' dir='ltr'>sup-</span> 
     </span>
     <span class='ocr_line' id='line_1_27' title="bbox 206 1825 1743 1881; baseline 0.003 -18"><span class='ocrx_word' id='word_1_223' title='bbox 206 1825 372 1876; x_wconf 83' lang='lat' dir='ltr'>plicatio,</span> <span class='ocrx_word' id='word_1_224' title='bbox 405 1830 483 1863; x_wconf 89' lang='lat' dir='ltr'>tum</span> <span class='ocrx_word' id='word_1_225' title='bbox 524 1825 569 1862; x_wconf 90' lang='lat' dir='ltr'>de</span> <span class='ocrx_word' id='word_1_226' title='bbox 607 1825 664 1863; x_wconf 92' lang='lat' dir='ltr'>his</span> <span class='ocrx_word' id='word_1_227' title='bbox 699 1825 935 1876; x_wconf 86' lang='lat' dir='ltr'>potissimum</span> <span class='ocrx_word' id='word_1_228' title='bbox 973 1832 1147 1865; x_wconf 89' lang='lat' dir='ltr'>monetur</span> <span class='ocrx_word' id='word_1_229' title='bbox 1184 1828 1352 1866; x_wconf 87' lang='lat' dir='ltr'>Ecclesia</span> <span class='ocrx_word' id='word_1_230' title='bbox 1388 1829 1424 1866; x_wconf 91' lang='lat' dir='ltr'>in</span> <span class='ocrx_word' id='word_1_231' title='bbox 1462 1829 1615 1881; x_wconf 87' lang='lat' dir='ltr'>publica</span> <span class='ocrx_word' id='word_1_232' title='bbox 1652 1842 1743 1866; x_wconf 89' lang='lat' dir='ltr'>con-</span> 
     </span>
     <span class='ocr_line' id='line_1_28' title="bbox 209 1902 327 1929; baseline 0.017 -2"><span class='ocrx_word' id='word_1_233' title='bbox 209 1902 327 1929; x_wconf 84' lang='lat' dir='ltr'>cione.</span> 
     </span>
    </p>
   </div>
   <div class='ocr_carea' id='block_1_3' title="bbox 337 2022 1616 2126">
    <p class='ocr_par' dir='ltr' id='par_1_6' title="bbox 337 2022 1616 2126">
     <span class='ocr_line' id='line_1_29' title="bbox 337 2022 1616 2074; baseline 0.004 -16"><span class='ocrx_word' id='word_1_234' title='bbox 337 2022 684 2070; x_wconf 87' lang='lat' dir='ltr'>Argumentum</span> <span class='ocrx_word' id='word_1_235' title='bbox 730 2022 986 2060; x_wconf 89' lang='lat' dir='ltr'>concionis</span> <span class='ocrx_word' id='word_1_236' title='bbox 1033 2023 1080 2060; x_wconf 91' lang='lat' dir='ltr'>in</span> <span class='ocrx_word' id='word_1_237' title='bbox 1117 2023 1318 2074; x_wconf 86' lang='lat' dir='ltr'>publica</span> <span class='ocrx_word' id='word_1_238' title='bbox 1355 2024 1616 2064; x_wconf 86' lang='lat' dir='ltr'>Ecclesiae</span> 
     </span>
     <span class='ocr_line' id='line_1_30' title="bbox 830 2086 1125 2126; baseline 0.007 -2"><span class='ocrx_word' id='word_1_239' title='bbox 830 2086 1125 2126; x_wconf 88' lang='lat' dir='ltr'>calamitate.</span> 
     </span>
    </p>
   </div>
   <div class='ocr_carea' id='block_1_4' title="bbox 210 2214 1765 2916">
    <p class='ocr_par' dir='ltr' id='par_1_7' title="bbox 210 2214 1765 2785">
     <span class='ocr_line' id='line_1_31' title="bbox 264 2214 1743 2267; baseline 0.004 -14"><span class='ocrx_word' id='word_1_240' title='bbox 264 2216 297 2254; x_wconf 89' lang='lat'>1.</span> <span class='ocrx_word' id='word_1_241' title='bbox 352 2214 518 2254; x_wconf 86' lang='lat' dir='ltr'>Docetur</span> <span class='ocrx_word' id='word_1_242' title='bbox 543 2215 729 2260; x_wconf 84' lang='lat' dir='ltr'>Ecclesia,</span> <span class='ocrx_word' id='word_1_243' title='bbox 757 2230 833 2256; x_wconf 89' lang='lat' dir='ltr'>non</span> <span class='ocrx_word' id='word_1_244' title='bbox 863 2218 943 2256; x_wconf 90' lang='lat' dir='ltr'>sine</span> <span class='ocrx_word' id='word_1_245' title='bbox 974 2223 1084 2256; x_wconf 80' lang='lat' dir='ltr'>causa</span> <span class='ocrx_word' id='word_1_246' title='bbox 1112 2218 1340 2267; x_wconf 85' lang='lat' dir='ltr'>fie-(549)1·i,</span> <span class='ocrx_word' id='word_1_247' title='bbox 1368 2224 1409 2257; x_wconf 88' lang='lat' dir='ltr'>ut</span> <span class='ocrx_word' id='word_1_248' title='bbox 1437 2218 1550 2266; x_wconf 72' lang='lat' dir='ltr'>Deus,</span> <span class='ocrx_word' id='word_1_249' title='bbox 1578 2233 1654 2259; x_wconf 90' lang='lat' dir='ltr'>non</span> <span class='ocrx_word' id='word_1_250' title='bbox 1684 2233 1743 2258; x_wconf 88' lang='lat' dir='ltr'>so-</span> 
     </span>
     <span class='ocr_line' id='line_1_32' title="bbox 212 2281 1745 2335; baseline 0.003 -17"><span class='ocrx_word' id='word_1_251' title='bbox 212 2281 288 2318; x_wconf 89' lang='lat' dir='ltr'>lum</span> <span class='ocrx_word' id='word_1_252' title='bbox 325 2281 451 2333; x_wconf 89' lang='lat' dir='ltr'>impiis</span> <span class='ocrx_word' id='word_1_253' title='bbox 487 2281 719 2328; x_wconf 87' lang='lat' dir='ltr'>hominibus,</span> <span class='ocrx_word' id='word_1_254' title='bbox 747 2283 810 2320; x_wconf 92' lang='lat' dir='ltr'>sed</span> <span class='ocrx_word' id='word_1_255' title='bbox 840 2296 926 2321; x_wconf 85' lang='lat' dir='ltr'>suae</span> <span class='ocrx_word' id='word_1_256' title='bbox 954 2283 1067 2321; x_wconf 88' lang='lat' dir='ltr'>etiam</span> <span class='ocrx_word' id='word_1_257' title='bbox 1096 2282 1289 2322; x_wconf 85' lang='lat' dir='ltr'>Ecclesiae</span> <span class='ocrx_word' id='word_1_258' title='bbox 1316 2284 1487 2335; x_wconf 85' lang='lat' dir='ltr'>publicas</span> <span class='ocrx_word' id='word_1_259' title='bbox 1517 2285 1745 2323; x_wconf 87' lang='lat' dir='ltr'>calamitates</span> 
     </span>
     <span class='ocr_line' id='line_1_33' title="bbox 210 2342 1765 2399; baseline 0.003 -17"><span class='ocrx_word' id='word_1_260' title='bbox 210 2345 400 2392; x_wconf 82' lang='lat' dir='ltr'>immittat,</span> <span class='ocrx_word' id='word_1_261' title='bbox 436 2359 558 2397; x_wconf 90' lang='lat' dir='ltr'>neque</span> <span class='ocrx_word' id='word_1_262' title='bbox 595 2359 702 2397; x_wconf 89' lang='lat' dir='ltr'>posse</span> <span class='ocrx_word' id='word_1_263' title='bbox 730 2347 841 2384; x_wconf 91' lang='lat' dir='ltr'>nobis</span> <span class='ocrx_word' id='word_1_264' title='bbox 868 2347 1072 2399; x_wconf 90' lang='lat' dir='ltr'>quidquam</span> <span class='ocrx_word' id='word_1_265' title='bbox 1103 2348 1257 2385; x_wconf 90' lang='lat' dir='ltr'>omnino</span> <span class='ocrx_word' id='word_1_266' title='bbox 1286 2348 1364 2386; x_wconf 89' lang='lat' dir='ltr'>ullo</span> <span class='ocrx_word' id='word_1_267' title='bbox 1393 2349 1503 2386; x_wconf 89' lang='lat' dir='ltr'>etiam</span> <span class='ocrx_word' id='word_1_268' title='bbox 1535 2349 1645 2387; x_wconf 89' lang='lat' dir='ltr'>modo</span> <span class='ocrx_word' id='word_1_269' title='bbox 1674 2342 1765 2387; x_wconf 22' lang='lat' dir='ltr'>ob·-</span> 
     </span>
     <span class='ocr_line' id='line_1_34' title="bbox 214 2409 1745 2464; baseline 0.003 -18"><span class='ocrx_word' id='word_1_270' title='bbox 214 2409 352 2455; x_wconf 84' lang='lat' dir='ltr'>venire,</span> <span class='ocrx_word' id='word_1_271' title='bbox 388 2410 462 2448; x_wconf 92' lang='lat' dir='ltr'>nisi</span> <span class='ocrx_word' id='word_1_272' title='bbox 498 2415 681 2461; x_wconf 89' lang='lat' dir='ltr'>quatenus</span> <span class='ocrx_word' id='word_1_273' title='bbox 715 2411 934 2449; x_wconf 86' lang='lat' dir='ltr'>immittitur</span> <span class='ocrx_word' id='word_1_274' title='bbox 971 2425 991 2449; x_wconf 90' lang='lat' dir='ltr'>a</span> <span class='ocrx_word' id='word_1_275' title='bbox 1020 2411 1185 2449; x_wconf 92' lang='lat' dir='ltr'>Domino</span> <span class='ocrx_word' id='word_1_276' title='bbox 1214 2412 1293 2450; x_wconf 91' lang='lat' dir='ltr'>Deo</span> <span class='ocrx_word' id='word_1_277' title='bbox 1321 2417 1464 2451; x_wconf 84' lang='lat' dir='ltr'>nostro.</span> <span class='ocrx_word' id='word_1_278' title='bbox 1520 2414 1644 2464; x_wconf 89' lang='lat' dir='ltr'>Atque</span> <span class='ocrx_word' id='word_1_279' title='bbox 1671 2413 1745 2451; x_wconf 84' lang='lat' dir='ltr'>huc</span> 
     </span>
     <span class='ocr_line' id='line_1_35' title="bbox 216 2473 1742 2528; baseline 0.003 -18"><span class='ocrx_word' id='word_1_280' title='bbox 216 2473 379 2511; x_wconf 87' lang='lat' dir='ltr'>citantur</span> <span class='ocrx_word' id='word_1_281' title='bbox 406 2475 634 2521; x_wconf 90' lang='lat' dir='ltr'>testimonia,</span> <span class='ocrx_word' id='word_1_282' title='bbox 662 2475 750 2514; x_wconf 89' lang='lat' dir='ltr'>Esa.</span> <span class='ocrx_word' id='word_1_283' title='bbox 777 2478 848 2513; x_wconf 85' lang='lat'>42:</span> <span class='ocrx_word' id='word_1_284' title='bbox 879 2493 897 2510; x_wconf 75' lang='grc' dir='ltr'><em>υ</em></span> <span class='ocrx_word' id='word_1_285' title='bbox 911 2476 1095 2514; x_wconf 92' lang='lat' dir='ltr'>Dominus</span> <span class='ocrx_word' id='word_1_286' title='bbox 1123 2481 1190 2523; x_wconf 90' lang='lat' dir='ltr'>est,</span> <span class='ocrx_word' id='word_1_287' title='bbox 1219 2478 1284 2528; x_wconf 90' lang='lat' dir='ltr'>qui</span> <span class='ocrx_word' id='word_1_288' title='bbox 1311 2477 1427 2515; x_wconf 89' lang='lat' dir='ltr'>tradit</span> <span class='ocrx_word' id='word_1_289' title='bbox 1444 2477 1574 2523; x_wconf 88' lang='lat' dir='ltr'>Iacob,</span> <span class='ocrx_word' id='word_1_290' title='bbox 1593 2481 1632 2515; x_wconf 90' lang='lat' dir='ltr'>ut</span> <span class='ocrx_word' id='word_1_291' title='bbox 1653 2490 1742 2515; x_wconf 91' lang='lat' dir='ltr'>con-</span> 
     </span>
     <span class='ocr_line' id='line_1_36' title="bbox 215 2538 1746 2592; baseline 0.003 -17"><span class='ocrx_word' id='word_1_292' title='bbox 215 2538 422 2584; x_wconf 85' lang='lat' dir='ltr'>culcetur&#39;&#39;‚</span> <span class='ocrx_word' id='word_1_293' title='bbox 458 2543 494 2576; x_wconf 88' lang='lat' dir='ltr'>et</span> <span class='ocrx_word' id='word_1_294' title='bbox 532 2552 563 2578; x_wconf 86' lang='lat' dir='ltr'>c.</span> <span class='ocrx_word' id='word_1_295' title='bbox 600 2542 662 2579; x_wconf 82' lang='lat'>45.</span> <span class='ocrx_word' id='word_1_296' title='bbox 720 2540 839 2591; x_wconf 77' lang='lat' dir='ltr'>aeIpse</span> <span class='ocrx_word' id='word_1_297' title='bbox 877 2544 946 2585; x_wconf 89' lang='lat' dir='ltr'>est,</span> <span class='ocrx_word' id='word_1_298' title='bbox 983 2541 1049 2591; x_wconf 91' lang='lat' dir='ltr'>qui</span> <span class='ocrx_word' id='word_1_299' title='bbox 1085 2542 1175 2579; x_wconf 84' lang='lat' dir='ltr'>facit</span> <span class='ocrx_word' id='word_1_300' title='bbox 1211 2554 1339 2592; x_wconf 88' lang='lat' dir='ltr'>pacem</span> <span class='ocrx_word' id='word_1_301' title='bbox 1370 2545 1405 2579; x_wconf 88' lang='lat' dir='ltr'>et</span> <span class='ocrx_word' id='word_1_302' title='bbox 1432 2546 1532 2579; x_wconf 87' lang='lat' dir='ltr'>creat</span> <span class='ocrx_word' id='word_1_303' title='bbox 1568 2542 1746 2588; x_wconf 83' lang='lat' dir='ltr'>malum”‚</span> 
     </span>
     <span class='ocr_line' id='line_1_37' title="bbox 215 2604 1746 2656; baseline 0.002 -16"><span class='ocrx_word' id='word_1_304' title='bbox 215 2604 334 2640; x_wconf 86' lang='lat' dir='ltr'>Amos</span> <span class='ocrx_word' id='word_1_305' title='bbox 371 2605 416 2640; x_wconf 83' lang='lat'>3:</span> <span class='ocrx_word' id='word_1_306' title='bbox 455 2620 473 2637; x_wconf 76' lang='grc' dir='ltr'>ιι</span> <span class='ocrx_word' id='word_1_307' title='bbox 488 2604 648 2642; x_wconf 90' lang='lat' dir='ltr'>Nullum</span> <span class='ocrx_word' id='word_1_308' title='bbox 676 2608 732 2642; x_wconf 89' lang='lat' dir='ltr'>est</span> <span class='ocrx_word' id='word_1_309' title='bbox 758 2605 896 2642; x_wconf 89' lang='lat' dir='ltr'>malum</span> <span class='ocrx_word' id='word_1_310' title='bbox 925 2605 965 2642; x_wconf 91' lang='lat' dir='ltr'>in</span> <span class='ocrx_word' id='word_1_311' title='bbox 996 2605 1157 2650; x_wconf 81' lang='lat' dir='ltr'>civitate,</span> <span class='ocrx_word' id='word_1_312' title='bbox 1184 2605 1285 2656; x_wconf 88' lang='lat' dir='ltr'>quod</span> <span class='ocrx_word' id='word_1_313' title='bbox 1314 2618 1390 2643; x_wconf 87' lang='lat' dir='ltr'>non</span> <span class='ocrx_word' id='word_1_314' title='bbox 1420 2605 1466 2643; x_wconf 87' lang='lat' dir='ltr'>sit</span> <span class='ocrx_word' id='word_1_315' title='bbox 1493 2619 1513 2643; x_wconf 87' lang='lat' dir='ltr'>a</span> <span class='ocrx_word' id='word_1_316' title='bbox 1544 2604 1746 2650; x_wconf 76' lang='lat' dir='ltr'>Domin0&#39;’,</span> 
     </span>
     <span class='ocr_line' id='line_1_38' title="bbox 215 2667 1743 2721; baseline 0.005 -18"><span class='ocrx_word' id='word_1_317' title='bbox 215 2671 251 2703; x_wconf 87' lang='lat' dir='ltr'>et</span> <span class='ocrx_word' id='word_1_318' title='bbox 278 2679 373 2716; x_wconf 91' lang='lat' dir='ltr'>quae</span> <span class='ocrx_word' id='word_1_319' title='bbox 399 2667 517 2704; x_wconf 90' lang='lat' dir='ltr'>multa</span> <span class='ocrx_word' id='word_1_320' title='bbox 543 2668 726 2706; x_wconf 90' lang='lat' dir='ltr'>eiusmodi</span> <span class='ocrx_word' id='word_1_321' title='bbox 755 2668 954 2715; x_wconf 90' lang='lat' dir='ltr'>habentur,</span> <span class='ocrx_word' id='word_1_322' title='bbox 981 2669 1119 2720; x_wconf 91' lang='lat' dir='ltr'>quibus</span> <span class='ocrx_word' id='word_1_323' title='bbox 1145 2671 1344 2709; x_wconf 80' lang='lat' dir='ltr'>manifeste</span> <span class='ocrx_word' id='word_1_324' title='bbox 1370 2670 1570 2721; x_wconf 82' lang='lat' dir='ltr'>impietatis</span> <span class='ocrx_word' id='word_1_325' title='bbox 1588 2673 1743 2710; x_wconf 88' lang='lat' dir='ltr'>convin-</span> 
     </span>
     <span class='ocr_line' id='line_1_39' title="bbox 215 2730 1553 2785; baseline 0.004 -17"><span class='ocrx_word' id='word_1_326' title='bbox 215 2736 364 2776; x_wconf 88' lang='lat' dir='ltr'>cuntur,</span> <span class='ocrx_word' id='word_1_327' title='bbox 391 2730 456 2781; x_wconf 92' lang='lat' dir='ltr'>qui</span> <span class='ocrx_word' id='word_1_328' title='bbox 484 2736 519 2769; x_wconf 85' lang='lat' dir='ltr'>et</span> <span class='ocrx_word' id='word_1_329' title='bbox 547 2731 644 2769; x_wconf 87' lang='lat' dir='ltr'>bona</span> <span class='ocrx_word' id='word_1_330' title='bbox 672 2738 706 2770; x_wconf 90' lang='lat' dir='ltr'>et</span> <span class='ocrx_word' id='word_1_331' title='bbox 735 2733 832 2771; x_wconf 88' lang='lat' dir='ltr'>mala</span> <span class='ocrx_word' id='word_1_332' title='bbox 862 2733 989 2771; x_wconf 88' lang='lat' dir='ltr'>omnia</span> <span class='ocrx_word' id='word_1_333' title='bbox 1016 2734 1174 2771; x_wconf 76' lang='lat' dir='ltr'>fortuito</span> <span class='ocrx_word' id='word_1_334' title='bbox 1204 2734 1381 2772; x_wconf 87' lang='lat' dir='ltr'>obvenire</span> <span class='ocrx_word' id='word_1_335' title='bbox 1405 2738 1553 2785; x_wconf 83' lang='lat' dir='ltr'>putant.</span> 
     </span>
    </p>

    <p class='ocr_par' dir='ltr' id='par_1_8' title="bbox 216 2793 1749 2916">
     <span class='ocr_line' id='line_1_40' title="bbox 268 2793 1746 2851; baseline 0.004 -19"><span class='ocrx_word' id='word_1_336' title='bbox 268 2796 304 2833; x_wconf 78' lang='lat'>2.</span> <span class='ocrx_word' id='word_1_337' title='bbox 359 2793 538 2833; x_wconf 89' lang='lat' dir='ltr'>Monetur</span> <span class='ocrx_word' id='word_1_338' title='bbox 577 2795 745 2834; x_wconf 86' lang='lat' dir='ltr'>Ecclesia</span> <span class='ocrx_word' id='word_1_339' title='bbox 782 2797 827 2835; x_wconf 91' lang='lat' dir='ltr'>de</span> <span class='ocrx_word' id='word_1_340' title='bbox 856 2810 976 2844; x_wconf 86' lang='lat' dir='ltr'>causa,</span> <span class='ocrx_word' id='word_1_341' title='bbox 1003 2802 1155 2848; x_wconf 88' lang='lat' dir='ltr'>propter</span> <span class='ocrx_word' id='word_1_342' title='bbox 1183 2811 1295 2849; x_wconf 88' lang='lat' dir='ltr'>quam</span> <span class='ocrx_word' id='word_1_343' title='bbox 1322 2811 1450 2836; x_wconf 84' lang='lat' dir='ltr'>omnes</span> <span class='ocrx_word' id='word_1_344' title='bbox 1478 2799 1620 2851; x_wconf 88' lang='lat' dir='ltr'>alioqui</span> <span class='ocrx_word' id='word_1_345' title='bbox 1648 2801 1746 2839; x_wconf 82' lang='lat' dir='ltr'>cala-</span> 
     </span>
     <span class='ocr_line' id='line_1_41' title="bbox 216 2859 1749 2916; baseline 0.005 -18"><span class='ocrx_word' id='word_1_346' title='bbox 216 2859 366 2904; x_wconf 85' lang='lat' dir='ltr'>mitates</span> <span class='ocrx_word' id='word_1_347' title='bbox 395 2873 415 2898; x_wconf 88' lang='lat' dir='ltr'>a</span> <span class='ocrx_word' id='word_1_348' title='bbox 444 2859 609 2899; x_wconf 90' lang='lat' dir='ltr'>Domino</span> <span class='ocrx_word' id='word_1_349' title='bbox 637 2861 748 2900; x_wconf 88' lang='lat' dir='ltr'>nobis</span> <span class='ocrx_word' id='word_1_350' title='bbox 775 2862 1042 2910; x_wconf 87' lang='lat' dir='ltr'>immittantur,</span> <span class='ocrx_word' id='word_1_351' title='bbox 1069 2876 1201 2915; x_wconf 87' lang='lat' dir='ltr'>nempe</span> <span class='ocrx_word' id='word_1_352' title='bbox 1230 2864 1273 2902; x_wconf 89' lang='lat' dir='ltr'>de</span> <span class='ocrx_word' id='word_1_353' title='bbox 1293 2869 1460 2916; x_wconf 78' lang='lat' dir='ltr'>peccato,</span> <span class='ocrx_word' id='word_1_354' title='bbox 1490 2865 1632 2904; x_wconf 90' lang='lat' dir='ltr'>Omnes</span> <span class='ocrx_word' id='word_1_355' title='bbox 1650 2867 1749 2905; x_wconf 90' lang='lat' dir='ltr'>enim</span> 
     </span>
    </p>
   </div>
  </div>
 </body>
</html>
