1830 3147
1533 105 1617 142 35.

43 220 202 255 vestram
230 215 404 260 iudicate,
436 227 516 252 esse
545 214 657 251 verba
684 213 807 260 Pilati,
835 213 907 251 hoc
933 219 1000 259 est,
1026 213 1182 252 Ethnici
1208 213 1375 266 adeoque
1396 218 1434 253 et
1451 214 1577 259 Athei,

41 295 119 321 non
153 286 277 320 autem
314 279 521 319 Christiani
554 279 810 329 magistratus,
845 278 1000 330 perinde
1027 284 1140 330 atque
1167 280 1200 317 si
1225 280 1319 330 legis
1347 280 1506 319 Divinae
1533 293 1577 317 ac

42 346 236 396 religionis
265 358 351 383 cura
380 344 476 382 nihil
510 344 558 382 ad
585 344 692 381 illum
720 343 876 382 omnino
905 343 1038 381 debeat
1065 344 1272 395 pertinere3
1290 358 1401 383 —ac
1426 358 1575 384 rursum

39 412 152 450 verba
188 412 272 449 illa:
302 411 384 448 Nos
410 410 529 459 legem
560 409 754 453 habemus,
783 422 862 446 esse
891 409 1004 447 verba
1032 409 1333 447 Pharisaicorum
1361 414 1397 448 et
1425 410 1575 448 Christo

39 475 336 514 adversariorum
382 473 630 520 sacerdotum,
667 486 786 524 neque
822 473 896 511 nisi
931 473 978 511 ad
1016 473 1158 511 Pilatos
1194 478 1257 512 aut
1295 475 1466 513 Herodes
1503 475 1579 513 dici

38 553 167 592 posse:
196 545 249 584 ut,
277 539 341 590 qui
367 551 470 576 nunc
488 537 622 576 iisdem
642 537 765 576 verbis
793 537 893 589 apud
922 537 1158 576 Christianos
1185 538 1377 590 Principes
1404 544 1576 585 utuntur,

12 605 161 656 ‚reipsa
195 610 379 643 testentur
416 617 454 642 se
490 604 655 649 illorum,
682 616 842 654 quorum
871 603 984 641 verba
1012 607 1198 654 repetunt,
1226 617 1459 643 successores
1487 618 1581 650 esse,

40 675 75 709 et
102 670 294 721 Principes
322 683 452 707 omnes
480 682 557 707 non
584 669 658 707 alio
687 682 708 707 a
736 682 775 707 se
801 682 915 719 quam
943 668 1149 707 Pilatorum
1177 672 1241 707 aut
1269 669 1464 707 Herodum
1492 670 1577 708 loco

43 735 185 774 haberi.
241 735 328 774 Qua
366 748 454 772 sane
490 748 530 772 re
557 736 667 786 sa-(Z
691 733 800 782 3a)tis
828 733 1033 778 declarant,
1060 747 1173 784 quam
1202 733 1278 772 sint
1306 734 1465 772 studiosi
1490 748 1579 786 pro·

41 801 246 839 movendae
273 814 316 838 ac
350 800 512 838 tuendae
549 799 762 837 autoritatis
799 802 835 837 et
864 798 1059 848 dignitatis
1088 799 1318 850 Principum,
1345 799 1483 850 quibus
1516 800 1577 838 in-

40 864 146 901 terim
183 877 272 915 prae
308 863 391 901 aliis
437 863 611 900 omnibus
648 862 812 913 proximi
848 875 992 913 semper
1027 875 1109 900 esse
1145 863 1287 902 volunt.
1360 864 1432 901 Sed
1470 878 1578 917 spero

45 941 122 965 non
161 928 351 966 defuturos
390 927 479 965 Tibi
513 940 593 965 esse
621 927 690 964 hac
715 926 756 964 in
783 931 888 977 parte
914 939 1086 977 proceres
1113 931 1211 972 tuos,
1238 928 1304 978 qui
1330 931 1435 966 tuam
1471 934 1580 966 auto·

41 993 189 1031 ritatem
216 993 393 1031 adversus
420 992 654 1031 Pharisaicas
681 992 897 1030 istiusmodi
924 992 1145 1043 praestigias
1172 1005 1241 1044 pro
1268 992 1342 1031 fide
1367 993 1406 1031 in
1434 994 1488 1031 Te
1513 1007 1579 1032 sua

42 1057 202 1095 libenter
219 1062 398 1096 asserant.
453 1057 503 1095 Et
522 1070 593 1095 vox
611 1057 692 1108 ipsa
718 1056 924 1094 infantium
950 1061 1064 1108 atque
1091 1057 1304 1107 sugentium
1331 1071 1460 1096 omnes
1480 1058 1578 1096 Pha-

43 1121 197 1159 risaieos
226 1122 405 1160 clamores
433 1121 542 1159 facile
570 1121 827 1159 obmutescere
855 1121 979 1167 faciet,
998 1126 1040 1159 ut
1069 1122 1241 1160 Christus
1269 1122 1455 1160 Dominus
1482 1123 1581 1160 istuc

45 1200 194 1238 quoque
219 1187 342 1224 veniat
361 1187 401 1225 in
431 1187 602 1224 doctrina
622 1187 679 1224 sui
701 1186 901 1236 Euangelii
928 1187 1182 1237 templumque
1210 1200 1318 1224 suum
1337 1187 1383 1224 ab
1404 1188 1580 1226 omnibus

42 1251 239 1302 Papisticis
276 1251 617 1289 nundinationibus
655 1251 852 1301 cultusque
891 1250 1010 1288 divini
1037 1251 1366 1302 profanationibus
1393 1258 1578 1303 repurget.

95 1316 262 1367 Cumque
297 1316 376 1354 eius
403 1316 457 1353 rei
482 1316 590 1353 initia
617 1315 693 1352 iam
720 1329 896 1367 apparere
923 1316 1104 1366 quaedam
1135 1316 1345 1361 videantur,
1372 1317 1411 1354 in
1438 1330 1577 1367 magna

42 1379 83 1416 id
119 1379 308 1418 felicitatis
344 1393 448 1417 meae
484 1384 588 1432 parte
614 1393 805 1431 ponerem,
842 1381 874 1417 si
910 1393 1012 1418 meus
1042 1380 1102 1417 hic
1130 1380 1280 1418 libellus
1310 1381 1458 1432 piorum
1494 1382 1578 1419 istic

47 1449 202 1481 conatus
230 1457 272 1481 ac
301 1444 467 1482 studium
493 1445 699 1483 adiuvaret.
752 1445 799 1482 In
828 1457 902 1496 quo
931 1445 1024 1481 mihi
1050 1444 1201 1482 iuterim
1228 1445 1338 1483 etiam
1366 1446 1579 1484 excusanda

46 1509 228 1559 quaedam
248 1518 368 1548 erunt.
419 1510 677 1548 Adumbratus
700 1523 787 1547 sane
807 1514 885 1548 erat
914 1523 998 1547 cum
1026 1510 1150 1548 adhuc
1176 1511 1216 1548 in
1248 1511 1385 1561 Anglia
1408 1512 1579 1549 ministe-

43 1574 99 1611 rio
137 1579 266 1612 nostro
294 1575 534 1624 fungeremur
569 1580 681 1625 atque
709 1574 799 1612 adeo
830 1575 942 1612 etiam
970 1589 990 1612 a
1020 1575 1162 1625 collega
1192 1582 1333 1622 nostr0,
1372 1576 1419 1615 D.
1457 1576 1576 1614 Mar-

42 1639 149 1677 tino
189 1639 454 1686 Micronio,
482 1640 702 1691 compendio
732 1639 897 1690 quodam
925 1640 1124 1679 Flandrice
1150 1641 1331 1685 redditus,
1359 1646 1394 1679 et
1420 1642 1579 1693 proinde

43 1708 222 1755 tanquam
251 1705 295 1742 de
321 1718 360 1742 re
387 1705 574 1755 praesenti
601 1705 780 1755 loquitur.
810 1704 883 1742 Sed
909 1705 949 1742 in
976 1705 1176 1743 itineribus
1205 1705 1354 1744 demum
1381 1707 1485 1750 meis,
1510 1707 1577 1745 ubi

44 1770 220 1818 Angliam
257 1770 549 1820 reliquissemus,
584 1770 712 1807 multis
748 1770 841 1808 locis
879 1770 1096 1819 recognitus
1132 1774 1188 1808 est
1215 1774 1327 1822 atque
1355 1772 1394 1809 in
1424 1773 1576 1810 concio-

43 1846 134 1870 num
159 1838 348 1884 praeterea
375 1834 605 1883 argumentis
633 1834 749 1887 ad-(Z
773 1835 1185 1886 3b)1nonitionibusque
1204 1835 1576 1875 Ecclesiasticisma-

45 1911 119 1946 gna
145 1911 190 1936 ex
220 1903 322 1949 parte
349 1904 494 1943 auctus,
522 1912 616 1949 quae
645 1912 703 1937 res
730 1899 953 1950 paginarum
981 1913 1131 1951 quoque
1159 1900 1328 1938 ordinem
1355 1901 1395 1938 in
1422 1902 1502 1952 ipsa
1530 1902 1577 1939 li-

45 1963 103 1999 bri
130 1963 316 2001 aeditione
343 1963 516 2000 nonnihil
546 1963 824 2002 interturbavit.
862 1963 1006 2001 Deinde
1034 1964 1152 2015 ipsam
1173 1978 1321 2015 quoque
1338 1965 1456 2002 libelli
1475 1966 1576 2003 aedi-

43 2026 185 2063 tionem
204 2027 434 2077 perturbavit
452 2027 687 2078 inexpectata
706 2040 786 2064 mea
805 2040 824 2064 e
841 2027 963 2065 Frisia
983 2028 1171 2076 migratio,
1198 2029 1285 2065 Illic
1303 2029 1402 2066 enim
1422 2033 1576 2080 coeptus

44 2090 191 2136 excudi,
228 2091 289 2127 hic
325 2104 424 2128 nunc
450 2091 612 2141 primum
641 2096 696 2129 est
722 2092 931 2130 absolutus.
985 2092 1098 2129 Unde
1124 2093 1268 2130 nemini
1294 2093 1430 2130 mirum
1458 2093 1576 2131 videri

45 2156 167 2201 debet,
193 2156 224 2193 si
253 2156 307 2193 vel
336 2156 550 2206 perturbate
579 2156 720 2206 aliquid
748 2156 924 2206 scriptum
952 2158 1013 2204 (ut
1040 2157 1082 2194 fit
1108 2156 1149 2194 in
1175 2156 1403 2205 itineribus),
1432 2157 1488 2195 vel
1518 2171 1575 2195 se-

43 2221 117 2258 mel
151 2224 261 2271 atque
295 2219 429 2257 iterum
458 2219 668 2270 repetitum,
695 2220 752 2257 vel
780 2220 920 2257 alicubi
949 2220 1060 2257 etiam
1086 2220 1127 2256 in
1154 2220 1389 2258 observando
1417 2221 1574 2271 pagina-

43 2298 126 2323 rum
154 2286 285 2323 ordine
311 2285 520 2321 aberratum
550 2288 732 2321 occurrat.
764 2283 945 2334 Equidem
975 2284 1134 2321 multum
1161 2284 1329 2330 interest,
1354 2284 1395 2322 in
1416 2286 1497 2322 ocio
1518 2299 1576 2332 ne,

44 2364 91 2388 an
119 2364 205 2388 vero
235 2350 380 2399 magnis
415 2353 451 2386 et
478 2349 605 2386 arduis
634 2349 832 2386 itineribus
860 2348 1033 2399 impliciti
1061 2349 1203 2400 aliquid
1239 2363 1414 2398 agamus:
1452 2356 1487 2388 et
1513 2355 1573 2401 ty-

43 2414 292 2465 pographicae
326 2413 484 2451 mutatio
521 2413 630 2450 facile
663 2426 788 2450 secum
825 2417 944 2450 errata
981 2413 1108 2451 trahit.
1175 2413 1247 2451 Sed
1283 2427 1324 2451 ea
1362 2414 1422 2451 hic
1448 2419 1574 2453 tamen

43 2483 147 2517 tanta
183 2493 260 2517 non
297 2483 403 2523 sunt,
431 2485 472 2516 ut
500 2479 663 2516 fructum
689 2478 862 2516 lectionis
889 2478 1110 2529 intercipere
1135 2479 1294 2529 possint,
1322 2480 1468 2518 etiamsi
1495 2494 1572 2519 non

45 2544 141 2581 nihil
176 2545 272 2582 forte
307 2544 501 2581 molestiae
536 2544 718 2589 adferant,
754 2544 972 2594 praesertim
1009 2556 1093 2580 cum
1121 2544 1160 2581 in
1189 2543 1360 2581 doctrina
1389 2545 1484 2583 nihil
1511 2547 1574 2593 sit,

45 2614 88 2647 ut
115 2622 233 2660 spero,
268 2609 367 2659 quod
394 2609 528 2646 merito
556 2621 766 2659 quenquam
796 2621 912 2659 usque
941 2608 1031 2645 adeo
1060 2607 1243 2646 offendere
1269 2609 1400 2659 possit.

98 2674 203 2711 Haec
224 2674 456 2711 dissimulare
474 2673 591 2718 nolui,
607 2686 653 2710 ne
672 2673 755 2724 quis
783 2678 954 2711 nostrum
982 2673 1043 2710 hic
1070 2673 1180 2711 etiam
1210 2674 1410 2711 candorem
1436 2675 1475 2712 in
1505 2689 1573 2713 no-

47 2739 104 2777 bis
131 2739 324 2777 desideret.
380 2738 568 2789 Quodque
605 2738 725 2776 solum
750 2738 825 2776 iam
853 2743 978 2784 restat,
1003 2739 1123 2776 Tuam
1153 2738 1390 2777 Maiestatem
1416 2740 1572 2789 Regiam

46 2817 189 2842 summa
208 2817 292 2841 cum
315 2803 552 2842 observantia
579 2816 657 2849 oro,
677 2803 757 2841 Rex
786 2803 1092 2841 clementissime!
1120 2807 1163 2842 ut
1189 2817 1310 2841 meam
1337 2804 1433 2841 hanc
1459 2805 1499 2842 in
1520 2806 1574 2844 Te

44 2868 276 2919 patriamque
293 2881 413 2906 meam
432 2868 689 2907 observantiae
715 2868 904 2919 publicam
933 2868 1244 2907 contestationem
1273 2869 1437 2918 benigno
1465 2875 1575 2922 atque

1377 2935 1425 2973 3*
