1830 3147
195 102 257 152 [A.
283 101 334 140 D.
360 101 472 150 1549]
934 96 1002 138 692

197 225 303 260 quam
345 214 456 249 mater
493 211 622 248 infanti
655 223 732 256 suo,
765 223 870 260 quam
904 211 1054 259 denique
1087 212 1179 249 ocu!i
1213 212 1362 260 quisque
1387 211 1443 248 sui
1467 207 1621 259 pupillae
1645 209 1733 246 male

197 274 288 311 velle
329 287 401 311 non
441 275 574 322 potest,
615 273 686 310 imo
719 285 804 311 vero
837 285 944 322 quam
977 286 1049 311 non
1080 275 1200 322 potest
1231 286 1303 311 non
1328 284 1403 310 esse
1426 273 1597 321 perpetuo
1622 271 1733 315 Deus,

196 336 393 373 laudandus
417 335 452 372 in
480 335 642 372 omnibus
668 347 901 383 quaecunque
924 335 961 372 in
985 347 1050 373 nos
1075 336 1262 384 permittit,
1288 348 1369 373 cum
1393 334 1481 372 nihil
1505 335 1541 371 in
1566 346 1631 371 nos
1647 333 1731 370 alio-

198 398 262 445 qui
303 397 370 434 nisi
411 402 534 434 nostro
576 397 731 445 ipsorum
773 396 866 434 bono
899 397 1011 445 inque
1043 401 1200 434 nostram
1233 396 1319 433 adeo
1352 395 1502 433 salutem
1533 395 1731 443 permittat.

197 458 292 496 Huic
324 458 534 506 igitur'nos
567 460 665 496 totos
699 447 955 496 committimus
989 460 1025 497 et
1055 471 1136 496 cum
1173 458 1269 496 omni
1292 457 1484 496 tolerantia
1507 459 1732 506 expectamus

198 519 369 567 quicquid
410 520 445 555 ir.
480 531 546 556 nos
577 519 784 567 permittere
805 510 878 556 ille
911 519 1012 556 velit.
1061 519 1099 556 Si
1131 531 1197 556 nos
1231 519 1310 556 hinc
1334 519 1418 568 pelli
1443 518 1640 566 contingat,
1665 518 1733 555 seis

198 581 343 628 quinam
379 581 427 618 sit
458 581 596 618 animus
627 593 738 618 meus.
775 580 912 628 Quodsi
937 581 1022 629 quid
1048 583 1091 618 tu
1115 581 1251 618 interea
1275 580 1318 618 de
1342 593 1418 618 mea
1442 581 1524 618 istic
1549 581 1734 618 vocatione

196 641 418 687 intellexisti,
456 643 751 694 quemadmodum
784 642 827 679 ad
862 644 899 679 te
924 647 966 679 ex'
992 642 1176 679 Iermouth
1202 642 1416 690 scripseram,
1441 644 1506 679 aut
1531 642 1561 679 si
1586 642 1674 690 quid
1698 644 1735 679 te

197 703 310 740 adhuc
335 703 533 752 intelligere
555 711 658 753 posse
682 705 797 752 putas,
824 715 955 751 quaeso
981 705 1029 748 te,
1055 703 1110 740 vir
1134 702 1377 751 integerrime!
1399 706 1447 740 ‘ut
1473 703 1556 740 mihi
1572 704 1733 751 pez-'ami-

196 775 276 802 enm
302 765 395 802 hunc
420 771 456 801 et
482 765 625 801 fratrem
650 777 778 809 meum,
805 765 1004 802 Robertum
1029 765 1203 813 Legatum
1231 766 1273 812 ³),
1298 765 1465 812 gentilem
1491 761 1661 809 vestrum,
1688 765 1734 801 ci-

197 837 275 863 vem
301 815 484 870 nostrum,
500 826 695 873 significare
720 825 819 862 velis.
854 814 1042 862 'Germania
1067 825 1139 862 fere
1163 827 1252 868 tota,
1269 827 1408 873 praeter
1426 825 1613 862 Saxonicas
1632 826 1736 873 (quas

196 889 347 935 vocant)
377 890 414 924 et
449 887 642 923 maritimas
676 887 838 923 civitates
875 899 913 923 ac
939 885 1113 935 principes
1139 885 1277 934 aliquot
1303 886 1525 924 interimizat.
1574 886 1734 923 Helvetii

199 947 334 996 legatos
369 940 536 992 Caesaris,
570 948 633 996 qui
659 949 702 985 ad
728 948 957 996 repetendum
983 948 1151 984 ducatum
1177 947 1375 984 sabaudiae
1399 951 1582 992 venerant,
1607 947 1734 984 finibus

198 1011 273 1047 suis
299 1023 369 1047 non
395 1011 548 1055 auditos,
574 1016 618 1047 ut
643 1011 788 1055 dicitur,
814 1010 979 1047 excedere
1003 1010 1197 1047 iusserunt.
1236 1010 1291 1047 De
1315 1022 1370 1047 me
1392 1009 1495 1058 plura
1521 1009 1575 1047 hic
1600 1009 1734 1046 Rober-

198 1074 259 1108 tus
284 1077 416 1109 noster.
443 1072 542 1109 Vale.
566 1072 732 1109 >Uxorem
758 1075 869 1116 tuam,
895 1072 1075 1108 dominum
1102 1071 1273 1108 Czechum
1299 1073 1461 1108 nostrum
1485 1072 1528 1119 ⁴),
1554 1071 1734 1109 dominum

198 1135 421 1171 Morosinum
448 1137 477 1182 ⁵)
514 1134 703 1182 diligenter
737 1134 871 1170 salvere
904 1133 1029 1171 iubeo:
1072 1146 1197 1182 meque
1230 1133 1331 1170 vobis
1364 1133 1525 1171 omnibus
1550 1136 1666 1171 totum
1693 1147 1735 1171 ex

198 1196 314 1233 animo
340 1195 558 1233 commendo.
609 1195 769 1244 Raptim.
818 1194 982 1240 Aemdae,
1008 1207 1101 1232 nona
1125 1195 1267 1243 Aprilis,
1293 1208 1384 1232 anno
1411 1195 1515 1232 1549.

1195 1256 1264 1293 Tui
1290 1256 1581 1306 studiosissimus,

1181 1317 1241 1355 Jo.
1267 1331 1287 1354 a
1310 1314 1445 1363 LAseo,
1470 1332 1516 1355 m.
1541 1331 1594 1367 pr.

249 1381 421 1428 Cuperem
457 1379 546 1416 scire
583 1392 668 1416 num
694 1380 834 1417 fructus
859 1380 994 1428 aliquid
1018 1380 1183 1417 attulerit
1208 1393 1283 1417 mea
1307 1380 1368 1417 illa
1393 1381 1549 1417 nondum
1574 1380 1735 1417 absoluta

201 1442 244 1479 ad
285 1442 407 1479 herum
441 1444 543 1478 tuum
578 1441 784 1486 admonitio,
817 1455 922 1490 quam
957 1441 1023 1479 tibi
1057 1455 1078 1478 a
1109 1442 1251 1479 domino
1285 1442 1468 1479 Florentio
1492 1442 1633 1479 nomine
1658 1455 1736 1480 meo

199 1505 371 1541 traditum
413 1516 487 1540 esse
520 1516 592 1540 non
625 1503 763 1548 diffido,-
795 1504 831 1540 et
854 1516 949 1540 -num
976 1506 1089 1553 -putes
1122 1498 1227 1540 illam
1250 1504 1333 1540 mihi
1359 1516 1464 1552 porro
1489 1504 1734 1541 absolvendam

201 1578 287 1602 esse.
337 1565 487 1602 Doetori
512 1565 672 1601 Tui-nero
698 1566 728 1611 6)
755 1564 903 1601 multam
929 1577 972 1602 ex
998 1578 1052 1602 me
1078 1564 1229 1602 salutem
1255 1565 1376 1609 dicito,
1403 1578 1545 1613 quaeso.

250 1627 312 1676 [In
338 1626 458 1663 dorso:
496 1627 683 1662 Clarissimo
709 1627 777 1662 viro
803 1628 942 1663 Domino
965 1627 1098 1670 Sieilio,
1122 1640 1144 1662 a
1169 1627 1317 1663 consiliis
1339 1630 1372 1662 el
1396 1628 1517 1663 libellis
1540 1628 1737 1675 supplim'bus

200 1689 420 1725 illustrissimi
446 1688 579 1724 Domini
603 1687 816 1732 Protectores,
843 1689 979 1740 Domitii
1003 1691 1035 1724 el
1050 1688 1165 1735 fratri
1188 1701 1256 1726 meo
1280 1689 1596 1737 observandis-simo]

245 1814 270 1853 1)
294 1813 431 1845 Videtur
455 1812 569 1845 Comes
591 1812 781 1845 Mansfeldii
805 1813 981 1856 indigitari,
1006 1813 1044 1846 de
1067 1824 1129 1856 quo
1152 1814 1185 1845 in
1210 1825 1295 1857 seqq.
1313 1825 1362 1857 ep.
1380 1814 1527 1857 sparsim.
1549 1814 1576 1856 Ξ)
1593 1815 1740 1858 Respicit

202 1868 325 1907 foedus,
356 1869 440 1910 quod
469 1879 541 1900 cum
570 1868 730 1901 Edwardo
754 1862 800 1900 VI
833 1869 982 1901 civitates
1011 1870 1121 1902 Germ.
1143 1869 1309 1902 inferioris
1331 1870 1412 1902 inire
1435 1872 1547 1903 contra
1570 1870 1737 1903 Caesarem

203 1926 414 1959 conabantur.
457 1926 485 1966 3)
508 1926 559 1958 Of.
582 1925 724 1964 STRYPE,
748 1925 842 1958 Mem.
866 1926 908 1967 qf
923 1926 1002 1967 Abp.
1028 1926 1152 1959 Cranm.
1176 1926 1214 1958 ed
1239 1927 1330 1966 1812,
1353 1938 1385 1969 p.
1408 1925 1480 1960 337.
1523 1927 1551 1967 ⁴)
1575 1927 1627 1959 Sir
1647 1927 1738 1959 ΙοΗΝ

204 1981 360 2021 Crimen,
394 1992 425 2014 n.
455 1981 548 2020 1514,
581 1983 602 2022 †
625 1980 717 2017 1557.
748 1980 799 2014 Cf.
828 1981 1024 2020 Picumnus,
1054 1982 1101 2015 ΙΙ.
1130 1993 1163 2025 p.
1186 1982 1279 2016 1456.
1299 1982 1457 2021 Pinum,
1480 1983 1547 2016 Soc.
1571 1983 1628 2016 Or.
1656 1983 1737 2016 Lett.

204 2037 255 2076 81,
278 2037 349 2077 117,
372 2038 433 2071 465
458 2037 663 2077 algSrRrPE,
686 2048 716 2070 o.
738 2037 768 2071 l..
783 2036 832 2069 ed.
856 2037 949 2076 1812,
972 2048 1004 2079 p.
1027 2037 1088 2070 231
1113 2048 1161 2080 sq.
1185 2039 1348 2078 Gonnus,
1372 2050 1402 2072 o.
1424 2039 1447 2074 1.
1468 2039 1595 2075 229,a1.
1637 2041 1664 2081 ⁵)
1688 2040 1739 2072 Sir

204 2093 304 2127 R1cu.
328 2093 566 2141 Momson-Cf.
589 2094 744 2140 PARKER,
767 2105 796 2126 o.
819 2093 841 2126 1.
864 2104 896 2136 p.
920 2092 991 2138 147,
1015 2094 1087 2127 391.
1117 2094 1261 2134 Sauum,
1285 2095 1352 2130 o.l.
1370 2095 1567 2135 >1009,1015
1583 2096 1623 2130 al.
1646 2097 1738 2138 ⁰)DF.

205 2147 383 2188 TURNERO,
406 2147 521 2189 Cecilii
545 2147 658 2181 amico.
684 2146 736 2199 Os.
757 2148 900 2187 S‘rm'PE,
923 2158 954 2181 0.
975 2147 998 2181 1.
1021 2148 1093 2187 336,
1116 2149 1178 2181 394
1200 2149 1242 2184 al.

205 2355 237 2393 N
243 2356 270 2394 ⁹.
297 2357 353 2394 54.
535 2385 537 2387 -
960 2367 961 2371 ’
1400 2359 1502 2406 [Geni.
1519 2374 1539 2398 s.
1553 2372 1575 2397 a.
1593 2363 1645 2398 iva,
1658 2359 1734 2406 fila]

752 2477 810 2514 Ad
837 2478 1194 2517 HARnannnnciuM.

253 2597 370 2634 Hodie
396 2597 463 2635 huc
488 2599 710 2646 pervenimus
736 2599 823 2636 salvi
850 2612 983 2645 omneS‚
1011 2602 1076 2649 qui
1100 2602 1137 2638 in
1161 2602 1335 2639 comitatu
1360 2609 1509 2646 eramus,
1534 2601 1647 2649 gratia
1667 2601 1736 2639 Do-

207 2657 316 2702 mino,
348 2661 384 2695 et
414 2659 587 2704 intellexi,
621 2673 746 2697 navem
771 2673 877 2697 unam
903 2661 999 2698 aliud
1025 2663 1124 2707 nihil,
1150 2674 1254 2711 quam
1280 2667 1427 2700 ventusm
1452 2665 1644 2711 expectare,
1670 2663 1737 2699 seis

205 2731 277 2766 quo
305 2721 345 2766 ¹),
383 2720 505 2767 itaque
536 2724 599 2757 aut
624 2722 698 2770 ipse
722 2734 803 2758 cum
830 2722 903 2767 illa,
928 2726 992 2760 aut
1017 2736 1071 2760 res
1097 2737 1191 2761 meas
1217 2726 1322 2763 mitto
1347 2726 1389 2774 Ξ),
1415 2736 1508 2761 nunc
1533 2724 1625 2760 enim
1651 2724 1738 2761 seire

204 2780 361 2817 nondum
397 2794 550 2829 possum,
576 2784 660 2830 quia
684 2797 780 2821 nunc
805 2785 958 2832 primum
983 2785 1027 2821 de
1051 2798 1158 2822 curru
1183 2786 1434 2823 descendimus.
1483 2785 1550 2822 Sed
1575 2798 1651 2822 cras
1675 2789 1738 2823 aut

203 2842 365 2890 perendie
406 2843 509 2890 plura
543 2845 702 2882 scribam.
750 2845 842 2883 Vale
875 2846 924 2883 mi
949 2846 996 2883 D.
1021 2847 1175 2884 Doctor!
1204 2851 1240 2885 et
1266 2851 1362 2885 tuam
1388 2858 1568 2895 meamque
1592 2860 1632 2884 ac
1657 2848 1737 2885 reli-

204 2916 293 2952 quos
320 2905 445 2944 fratres
471 2906 620 2947 officiose
646 2919 688 2944 ex
715 2907 815 2945 nobis
842 2908 970 2953 saluta,
996 2909 1154 2957 inprimis
1172 2914 1290 2947 autem
1310 2909 1500 2952 Dominum
1520 2909 1685 2947 Iacobum
1706 2910 1736 2959 3)
