1830 3147
153 107 219 154 [A.
247 107 293 142 D.
323 107 434 153 1546]
889 108 958 141 604

196 217 242 253 Et
274 217 371 252 Deus
405 216 500 264 pacis
538 217 637 263 regat
672 227 736 251 nos
771 227 838 251 una
871 227 989 251 omnes
1022 226 1083 262 per
1116 215 1282 261 Spiritum
1309 227 1421 256 suum,
1447 217 1486 251 ut
1510 228 1597 262 quae
1624 216 1685 253 illo

147 276 252 325 digna
276 278 359 313 sunt
384 280 421 312 et
445 275 610 313 faciamus
634 278 671 312 et
695 274 889 323 loquamur.
914 275 1038 312 Amen.
1063 274 1221 311 Aemdae
1246 285 1359 312 xxm.
1386 276 1507 312 Martii
1534 277 1640 313 1546.

990 336 1116 372 Vester
1140 348 1181 372 ex
1206 338 1320 372 animo
1346 341 1497 383 quantus
1523 341 1588 378 est,

1045 397 1217 433 loannes
1241 397 1262 434 a
1287 398 1411 434 LAsco
1437 410 1482 433 m.
1508 409 1559 444 pr.

192 510 218 549 ¹)
242 508 393 541 Salomon
423 508 506 540 Hess
529 508 711 551 composuit
733 507 837 540 Catal.
860 507 980 548 analyt.
1002 517 1052 549 ep.
1076 510 1202 549 autogr.
1227 508 1369 540 Reform.
1392 519 1510 540 asserv.
1535 509 1568 540 iu
1591 510 1688 542 Arch.

148 565 268 606 Tigur„
298 565 400 596 tribus
428 565 548 597 volum.
579 568 692 602 const„
723 564 891 602 ineditum,
920 563 1010 594 cuius
1033 563 1195 606 exemplar
1217 575 1260 597 m.
1282 576 1306 596 s.
1331 564 1497 606 possident
1518 564 1585 596 The
1608 565 1690 598 dele-

146 623 256 663 guates
279 621 315 652 of
335 620 389 652 the
412 620 595 653 Clarendou
619 621 723 653 l’rcss.
747 620 880 652 Oxford.
904 620 954 652 Cf.
979 620 1142 658 GORHAM,
1166 630 1196 652 0.
1219 619 1241 652 l.
1263 631 1294 662 p.
1319 620 1371 652 32.
1415 620 1443 660 2)
1467 620 1518 653 Cf.
1541 631 1591 663 ep.

152 828 214 865 No.
239 828 296 863 36.
1331 830 1441 874 [Gerd.
1459 842 1480 865 s.
1497 842 1520 866 a.
1538 831 1592 863 118.
1612 830 1685 876 lta]

779 952 838 988 Ad
863 952 1062 989 Bucsnum.

201 1075 289 1110 Post
312 1073 459 1120 scriptas
483 1072 602 1109 literas
627 1073 723 1110 venit
747 1073 827 1109 mihi
852 1074 889 1110 in
916 1077 1078 1116 mentem,
1102 1073 1166 1109 Vir
1191 1073 1421 1110 Doctissime!
1447 1076 1486 1110 ut
1511 1076 1546 1109 te
1570 1073 1687 1109 admo-

152 1147 267 1172 nerem
294 1135 337 1170 de
363 1134 580 1170 instituendo
605 1134 722 1183 aliquo
747 1134 931 1182 colloquio,
956 1135 986 1170 si
1011 1133 1184 1182 quomodo
1210 1134 1276 1170 iam
1305 1134 1375 1170 fieri
1401 1138 1529 1182 posset,
1549 1136 1589 1169 ut
1606 1133 1690 1170 hacc

153 1197 429 1235 Sacramentaria
454 1197 690 1233 controversia
717 1196 853 1233 taudem
879 1197 1068 1245 aliquando
1093 1199 1371 1243 componeretur.
1407 1197 1602 1243 Principem
1627 1209 1690 1231 no·

155 1263 263 1295 strum
296 1259 538 1294 Colonienscm
574 1257 617 1293 ab
652 1270 692 1293 ea
727 1269 762 1293 re
799 1258 901 1294 video
933 1271 1003 1294 non
1039 1258 1234 1300 abliorrere,
1270 1260 1304 1293 et
1329 1257 1562 1304 Lantgravius
1588 1256 1689 1293 facile

155 1321 242 1356 sorte
268 1319 385 1356 induci
410 1318 452 1355 ad
478 1318 512 1354 id
538 1322 669 1366 posset,
699 1330 807 1365 neque
833 1319 925 1354 forte
950 1318 1122 1355 abnueret
1143 1321 1179 1354 et
1196 1319 1321 1354 Comes
1339 1318 1519 1355 Palatinus
1537 1318 1690 1359 Elector,

154 1381 182 1417 si
208 1381 311 1417 modo
332 1380 376 1417 ad
401 1380 436 1416 id
461 1391 520 1426 per
550 1383 583 1416 te
607 1383 668 1416 aut
693 1380 745 1415 tui
769 1379 899 1415 similes
925 1380 1172 1417 excitarentur.
1200 1380 1268 1415 Per
1293 1382 1339 1421 te,
1364 1379 1518 1427 inquam,
1547 1381 1592 1415 mi
1618 1379 1692 1415 Bu-

155 1442 248 1478 cere!
278 1440 555 1488 quandoquidem
589 1445 628 1476 tu
661 1440 698 1476 in
730 1439 950 1476 concilianda
982 1441 1044 1476 bac
1078 1440 1316 1477 controversia
1349 1440 1533 1487 plurimum
1561 1440 1689 1477 laboris

155 1503 322 1539 hactenus
346 1502 575 1550 insumpsisti.
621 1503 703 1538 Non
728 1501 921 1538 dubitarem
946 1503 1116 1549 profecto,
1144 1514 1213 1537 rem
1244 1501 1329 1537 bene
1355 1513 1526 1538 cessuram
1552 1514 1638 1545 csse,
1663 1502 1693 1538 si

156 1568 361 1601 tentaretur.
410 1564 456 1599 Et
486 1563 569 1611 quid
603 1564 759 1610 optatius
796 1567 915 1609 posset
947 1564 1117 1605 accidere,
1155 1576 1257 1611 quam
1292 1563 1320 1599 si
1346 1563 1430 1600 haec
1455 1564 1692 1599 controversia

155 1627 446 1674 componeretur?
472 1625 575 1661 Certe
600 1625 674 1661 sine
701 1637 827 1672 magno
851 1625 966 1661 fructu
993 1624 1202 1672 colloquium
1228 1623 1298 1660 tale
1325 1624 1460 1660 institui
1477 1637 1546 1660 non
1563 1626 1691 1670 posset.

156 1690 225 1726 Sed
259 1691 375 1725 essent
406 1700 447 1724 eo
481 1699 617 1735 quoque
653 1687 830 1723 vocandae
863 1698 981 1722 omnes
1017 1686 1222 1722 Helveticae
1258 1685 1449 1728 Ecclesiae,
1485 1697 1621 1732 unaque
1655 1689 1692 1721 et

156 1750 322 1792 Gallicae,
355 1750 419 1786 1100
442 1752 506 1791 est,
530 1748 775 1795 Allobrogicae
800 1761 886 1796 quas
910 1747 1077 1784 Calvinus
1103 1747 1271 1784 instituit.
1321 1747 1357 1782 si
1380 1747 1502 1783 scirem
1531 1751 1630 1782 tuum
1657 1747 1692 1783 iu

158 1812 221 1849 hac
257 1814 354 1858 parte
379 1811 543 1852 animum,
568 1822 678 1846 essem
705 1809 768 1846 tibi
794 1822 833 1845 ea
859 1809 893 1845 in
919 1821 954 1845 re
989 1808 1130 1845 adiutor
1163 1808 1415 1856 scriberemque
1442 1811 1477 1843 et
1502 1809 1586 1855 ipse,
1612 1820 1690 1844 cum

155 1874 199 1909 ad
226 1876 383 1909 nostrum
409 1871 662 1912 coloniensem,
688 1874 761 1906 tum
787 1870 830 1906 ad
856 1870 1054 1906 Palatinum
1081 1874 1116 1905 et
1142 1869 1393 1916 Lantgravium
1420 1874 1582 1916 certoque
1610 1868 1692 1905 mihi

158 1933 358 1981 persuadeo,
392 1945 459 1968 non
501 1944 608 1967 vanos
643 1932 714 1967 sore
747 1934 894 1968 conatus
928 1935 1064 1967 nostros
1103 1930 1169 1972 1110,
1203 1930 1231 1965 si
1269 1929 1303 1965 id
1336 1942 1406 1965 una
1433 1934 1575 1976 uterque
1600 1928 1691 1976 apud

158 1997 242 2033 istos
271 1994 448 2041 Principes
475 1993 774 2030 contenderemus.

204 2055 304 2091 Suasi
336 2067 395 2102 per
418 2054 537 2090 literas
562 2052 827 2100 Tigmensibus,
855 2054 895 2087 ut
921 2054 1144 2099 posteaquam
1171 2051 1342 2087 Dominus
1369 2050 1468 2087 nobis
1495 2050 1690 2087 Lutlierum

159 2116 313 2158 sustulit,
345 2115 395 2151 illi
431 2114 665 2151 laudationem
705 2113 794 2150 tanti
827 2113 890 2149 viri
924 2113 1074 2159 aliquam
1110 2112 1252 2147 ederent
1289 2124 1365 2147 curn
1402 2112 1457 2147 sui
1491 2124 1572 2159 erga
1597 2112 1693 2148 illum

159 2179 284 2214 amoris
319 2176 510 2213 Christiani
542 2175 802 2218 testificatione,
837 2174 971 2210 etiamsi
1006 2173 1090 2210 haec
1116 2174 1206 2210 inter
1231 2174 1309 2210 illos
1335 2174 1504 2210 dissensio
1528 2174 1697 2209 interces-

159 2240 273 2280 sisset,
314 2237 484 2284 simulque
528 2240 752 2278 testarentur,
797 2247 834 2271 se
869 2248 939 2271 11011
973 2235 1168 2271 detrectare
1205 2235 1353 2271 amicum
1388 2239 1424 2270 et
1455 2234 1690 2270 Christianum

159 2300 390 2347 quodcunque
415 2298 638 2345 colloquium,
664 2297 693 2333 si
718 2295 891 2344 quomodo
917 2296 1001 2332 haec
1023 2296 1262 2332 controversia
1288 2295 1449 2342 componi
1472 2297 1588 2342 queat.
1636 2295 1695 2331 An

163 2361 227 2397 hoc
252 2360 324 2396 sint
348 2359 488 2400 facturi,
515 2358 644 2395 nescio.
699 2358 767 2394 Sed
795 2357 928 2393 saciant
951 2359 1013 2392 aut
1038 2369 1108 2392 non
1135 2357 1275 2398 faciant,
1299 2369 1395 2392 suam
1421 2356 1485 2403 ipsi
1506 2355 1695 2392 doctrinam

163 2425 358 2468 gravarent,
390 2422 419 2456 si
452 2420 565 2456 vocati
590 2420 632 2455 ad
659 2419 728 2454 tale
754 2418 963 2466 colloquium
990 2431 1061 2454 11011
1086 2418 1256 2458 venirent,
1293 2421 1329 2453 et
1357 2417 1492 2453 interim
1519 2416 1605 2452 aliae
1632 2417 1697 2452 Ec-

164 2482 289 2518 clesiae
322 2480 498 2517 conciliari
535 2482 689 2526 possent.
736 2477 938 2525 Expectabo
972 2477 1079 2525 igitur
1113 2477 1174 2513 abs
1209 2480 1254 2520 te,
1281 2480 1320 2512 ut
1345 2489 1398 2512 me
1423 2476 1466 2512 de
1492 2481 1555 2512 tuo
1578 2476 1613 2512 in
1640 2476 1698 2511 lias

167 2545 281 2589 partes
306 2541 421 2577 animo
445 2540 552 2576 facias
577 2540 771 2576 certiorem.

212 2601 275 2639 Est
310 2604 484 2648 praeterea
519 2602 556 2635 et
586 2599 694 2641 aliud,
726 2600 760 2635 in
794 2611 863 2647 quo
891 2601 988 2634 tuum
1014 2598 1196 2634 consilium
1223 2600 1259 2633 et
1285 2601 1422 2632 tuorum
1449 2596 1527 2632 istic
1553 2595 1696 2630 fratrum

165 2662 312 2709 requiro.
346 2662 435 2697 Sunt
459 2660 598 2708 quidam
623 2660 677 2696 1110
702 2659 871 2699 Ministri,
895 2660 953 2706 qni
979 2672 1048 2695 non
1077 2662 1201 2706 putant
1226 2658 1291 2694 sibi
1318 2658 1421 2694 licere
1446 2658 1598 2692 Coenam
1622 2657 1695 2692 Do-

165 2722 250 2759 mini
274 2735 315 2757 eo
342 2722 418 2757 loco
445 2733 618 2767 peragere,
642 2720 700 2756 ubi
726 2720 819 2756 idola
845 2721 911 2755 iam
937 2719 1019 2755 olim
1046 2719 1111 2755 sub
1137 2720 1274 2766 Papatu
1298 2719 1333 2754 in
1360 2717 1497 2754 cultum
1521 2718 1651 2758 erecta,
1675 2729 1697 2752 a

167 2782 422 2830 superstitiosis
455 2781 659 2829 quibusdam
696 2781 808 2817 adhuc
835 2780 973 2828 publice
999 2792 1058 2827 per
1086 2781 1318 2827 Magistratus
1344 2777 1592 2824 negligentiam
1617 2777 1698 2813 ado·

171 2846 305 2886 rantur,
340 2855 450 2890 neque
485 2844 715 2889 Magistratus
751 2846 847 2879 metu
881 2842 978 2878 aulae
1004 2841 1247 2888 Burgundicae
1272 2839 1348 2876 tolli
1372 2839 1431 2875 illa
1458 2838 1603 2884 patitur.
1651 2839 1700 2874 U-

171 2909 293 2947 tuntur
317 2909 431 2944 autem
459 2903 523 2943 1100
547 2908 753 2953 argumento
779 2905 870 2942 inter
895 2903 961 2942 alia
987 2903 1114 2941 multa:
1170 2903 1279 2941 uNon
1314 2901 1393 2940 licet
1418 2902 1451 2939 in
1477 2899 1699 2949 lupanaribus
