1830 3147
179 99 249 136 136

180 208 337 246 verbum
381 205 453 243 Dei
490 204 685 243 subiicere.
738 203 946 250 Postremo,
982 201 1147 240 velintne
1181 201 1307 240 omnia
1343 201 1513 248 dissidia,
1553 201 1585 240 si
1619 215 1716 254 quae

183 273 258 311 ullo
286 271 397 309 modo
428 283 511 307 cum
541 269 625 307 aliis
653 268 828 314 habeant,
856 282 902 307 ex
930 267 1055 306 animo
1090 268 1279 306 remittere
1316 281 1520 319 omnesque
1547 268 1714 306 occasio-

181 351 247 375 nes
287 335 520 374 Christianas
557 347 745 385 quaerere,
779 336 823 372 ut
861 333 1015 370 omnino
1051 336 1337 383 componantur,
1372 332 1404 370 si
1431 332 1470 370 id
1499 332 1573 371 ullo
1601 332 1713 371 modo

183 402 264 440 fieri
290 400 422 452 possit.

236 464 480 515 Respondent
508 463 666 513 singuli:
700 463 900 502 nEtiam.'’

234 530 331 567 Tum
362 528 510 566 demum
539 541 625 566 vero
654 528 809 565 nomina
836 527 987 565 illorum
1015 526 1114 564 libro
1142 526 1189 564 ad
1214 527 1254 564 id
1281 527 1516 578 peculiariter
1543 526 1717 566 ordinato

184 593 463 640 inscribuntur,
492 593 672 630 adnotato
709 592 819 629 simul
855 592 939 628 loco
980 590 1228 628 habitationis
1262 590 1441 641 ipsorum,
1468 594 1510 628 ut
1537 591 1659 635 facile,
1686 590 1718 628 si

184 660 335 711 quando
365 658 413 696 sit
441 671 547 709 opus,
574 656 737 695 inveniri
764 669 808 695 ac
834 656 874 693 in
902 656 977 694 vita
1004 660 1194 706 praeterea
1231 668 1276 693 ae
1304 655 1587 693 conversatione
1612 656 1717 706 ipso-

183 738 268 762 rum
304 737 324 762 a
362 726 442 761 tota
470 722 640 760 Ecclesia
668 721 860 759 observari
896 721 1053 772 possint,
1089 723 1201 771 atque
1234 720 1287 758 ita
1323 720 1551 771 recipiantur
1586 720 1626 758 in
1656 733 1718 758 so·

185 788 356 826 eietatem
400 786 704 825 Ecclesiasticam
747 790 783 823 et
818 785 866 823 ad
903 785 1051 823 Coenae
1100 798 1209 822 usum
1245 784 1396 823 tandem
1433 785 1545 823 etiam
1581 784 1718 823 admit-

185 856 325 892 tantur.

240 918 443 967 Catalogus
475 929 562 955 vero
598 915 766 954 omnium
801 919 1018 954 nostrorum
1045 915 1085 953 in
1114 915 1253 953 nostris
1281 914 1461 953 Ecclesiis
1497 927 1562 966 per
1588 927 1720 965 paroe-

188 983 263 1021 cias
299 982 403 1020 urbis
441 981 640 1019 distinctus
678 985 744 1028 est,
778 985 820 1018 ut
856 981 1030 1019 Pastores
1058 980 1313 1032 paroeciarum
1341 981 1421 1018 An—
1407 980 1720 1030 —(186)gliearum

188 1047 232 1085 de
269 1060 422 1084 numero
461 1051 690 1089 nostrorum,
728 1045 791 1096 qui
824 1046 865 1082 in
898 1045 1066 1096 ipsorum
1108 1045 1290 1096 paroeciis
1317 1045 1501 1092 habitant,
1529 1045 1723 1084 admoneri

188 1111 349 1163 possint.
404 1112 501 1149 Sunt
529 1110 630 1148 enim
658 1109 719 1147 hie
745 1110 898 1160 plurimi
925 1109 1131 1160 Peregrini,
1158 1123 1278 1160 neque
1306 1110 1492 1148 confluere
1518 1111 1723 1148 etiamnum

188 1180 348 1221 cessant,
392 1175 458 1226 qui
503 1178 567 1212 aut
609 1174 820 1225 Papisticae
862 1174 985 1214 adhuc
1022 1175 1283 1226 superstitioni
1318 1174 1472 1220 addicti,
1499 1179 1572 1219 ,aut
1608 1176 1722 1214 variis

186 1239 329 1290 alioqui
356 1239 465 1277 sectis
492 1239 637 1284 infecti,
666 1242 730 1276 aut
758 1238 868 1276 etiam
897 1238 1097 1290 Epicuraei
1124 1252 1277 1290 prorsus
1306 1239 1488 1283 homines,
1526 1243 1562 1277 et
1590 1239 1660 1277 Dei
1686 1244 1723 1278 et

188 1305 311 1343 omnis
346 1303 540 1354 religionis
579 1306 856 1354 contemptores
893 1304 1009 1342 nullis
1045 1317 1125 1341 sese
1151 1304 1331 1341 Ecclesiis
1359 1304 1582 1354 adiungunt,
1609 1307 1723 1355 atque

188 1373 258 1410 sub
297 1373 383 1410 fuco
421 1375 637 1409 nostrarum
674 1370 930 1409 Ecclesiarum
971 1371 1168 1409 Ministros
1196 1371 1448 1409 Ecclesiarum
1476 1371 1722 1421 Anglicarum

188 1437 339 1481 fallunt,
366 1441 401 1474 et
431 1439 551 1474 sectas
578 1435 731 1473 interim
759 1448 845 1473 suas
873 1436 1012 1486 passim
1041 1436 1159 1474 alunt.
1214 1435 1270 1473 Ut
1296 1435 1411 1484 igitur
1438 1435 1570 1473 talium
1596 1435 1721 1486 impo-

189 1505 333 1539 storum
373 1499 470 1537 dolis
507 1512 798 1546 occurreremus,
835 1504 871 1537 et
908 1514 954 1538 ne
991 1500 1159 1538 Ministri
1195 1499 1440 1549 Angliearum
1469 1499 1723 1537 Ecclesiarum

187 1569 381 1617 praetextu
426 1568 639 1603 nostrarum
684 1565 940 1603 Ecclesiarum
976 1566 1055 1603 ullo
1092 1565 1205 1603 modo
1242 1566 1474 1610 fallerentur,
1511 1566 1722 1614 catalogum

190 1634 406 1668 nostrorum
434 1629 612 1676 omnium,
643 1629 710 1679 qui
738 1629 775 1666 in
804 1629 943 1667 nostris
972 1634 1060 1667 sunt
1088 1630 1280 1673 Ecclesiis,
1318 1643 1382 1681 per
1409 1629 1599 1681 paroecias
1618 1629 1725 1668 urbis

190 1695 376 1744 digestum
414 1694 606 1739 habemus,
641 1699 681 1732 ut
718 1694 888 1743 singulos
925 1708 1115 1745 paroecos,
1157 1695 1201 1733 de
1229 1695 1367 1733 nostris
1397 1695 1572 1732 omnibus
1599 1695 1639 1732 in
1666 1695 1725 1746 ip-

189 1773 316 1798 sorum
352 1760 533 1811 paroeciis
571 1759 842 1805 habitantibus,
880 1760 1174 1811 quotiescunque
1217 1760 1256 1797 id
1302 1761 1506 1811 postulant,
1549 1760 1725 1798 certiores

192 1826 313 1863 faeere
348 1826 546 1876 possimus,
583 1825 712 1875 illique
740 1825 779 1862 in
808 1838 938 1863 omnes
966 1826 1200 1875 Peregrinos,
1227 1825 1292 1876 qui
1320 1827 1359 1863 in
1388 1829 1516 1864 nostro
1545 1826 1726 1875 Catalogo

191 1904 269 1929 non
297 1890 493 1934 habentur,
520 1890 709 1940 inquirere
737 1903 804 1940 pro
834 1890 959 1928 debito
988 1891 1181 1941 officioque
1208 1904 1274 1928 suo
1303 1891 1462 1941 possint.

243 1958 369 2006 Atque
403 1955 493 1993 haec
528 1959 657 1993 nostra
693 1960 747 1993 est
785 1956 880 1993 ratio
916 1956 1140 1993 admittendi
1175 1956 1398 2005 Peregrinos
1433 1969 1561 1994 omnes
1589 1957 1628 1994 in
1656 1970 1726 1994 no-

191 2024 287 2059 stras
319 2020 517 2065 Ecclesias,
553 2020 617 2071 qui
655 2034 693 2058 se
728 2020 811 2058 istis
839 2020 1043 2069 adiungere
1070 2021 1214 2066 volunt,
1249 2034 1409 2071 quorum
1435 2021 1546 2059 etiam
1574 2021 1625 2059 ita
1651 2022 1725 2060 iam

192 2087 439 2124 admissorum
470 2098 597 2122 euram
624 2085 791 2123 sedulam
819 2086 1144 2134 habe-(187)mus.
1198 2086 1370 2123 Aliorum
1397 2098 1483 2124 vero
1512 2087 1729 2137 peregrino-

193 2164 277 2189 rum
315 2150 482 2188 omnium
520 2162 608 2187 cura
643 2150 817 2201 pertinet,
845 2163 923 2187 non
946 2149 997 2187 -ad
1025 2163 1105 2196 nos,
1135 2149 1198 2188 sed
1226 2150 1483 2201 paroeciarum
1509 2150 1615 2187 urbis
1652 2150 1729 2188 Mi-

193 2215 334 2253 nistros
373 2218 408 2253 et
443 2214 630 2253 Pastores.
688 2214 770 2252 Nos
806 2215 906 2252 enim
942 2218 1170 2262 nostrorum,
1206 2219 1245 2252 ut
1282 2214 1423 2252 dictum
1450 2215 1729 2260 est,²duntaxat

193 2292 319 2317 curam
348 2279 541 2317 habemus.

246 2343 395 2382 Quodsi
430 2347 514 2395 post
550 2343 689 2380 factam
723 2342 826 2380 illam
862 2343 1022 2393 primam
1051 2343 1196 2381 Coenae
1224 2342 1445 2382 Dominicae
1472 2343 1730 2381 denunciatio-

194 2421 280 2447 nem
314 2420 423 2446 nemo
453 2421 532 2445 sese
559 2420 701 2454 reeens,
729 2411 793 2445 aut
821 2407 1002 2445 Eeclesiis
1031 2407 1170 2445 nostris
1199 2407 1413 2457 adiungere,
1440 2413 1503 2445 aut
1529 2420 1574 2445 ex
1603 2407 1730 2445 adole·

195 2472 387 2510 scentibus
427 2472 615 2509 Ecclesiae
643 2472 690 2509 ad
719 2472 884 2509 Coenam
911 2471 1061 2509 admitti
1087 2472 1264 2522 postulet,
1291 2477 1370 2509 tum
1399 2472 1643 2509 nihilominus
1668 2471 1729 2509 in-

193 2541 250 2575 tra
295 2535 508 2587 quindecim
553 2536 630 2573 dies
668 2536 754 2573 illos
790 2535 1002 2586 praedictos
1038 2536 1248 2573 admonitio
1286 2549 1429 2586 semper
1466 2535 1515 2573 ad
1552 2548 1627 2579 eOS‚
1664 2535 1729 2586 qui

196 2608 282 2639 sunt
316 2601 356 2638 in
391 2599 571 2646 Ecclesia,
618 2600 776 2637 habetur
811 2604 896 2651 post
937 2600 1233 2650 pomeridianam
1268 2600 1472 2650 quamlibet
1510 2599 1728 2637 concionem

196 2665 240 2702 de
269 2664 388 2701 nostri
416 2663 580 2714 ipsorum
609 2664 878 2714 exploratione,
906 2664 952 2700 ld
982 2663 1081 2700 hunc
1109 2664 1274 2702 modum.

248 2727 453 2765 Consident
488 2740 562 2763 una
593 2726 759 2763 Ministri
788 2731 822 2764 et
852 2726 1025 2763 Seniores
1053 2739 1182 2764 omnes
1209 2726 1249 2764 in
1277 2726 1411 2764 totius
1421 2701 1610 2763 Ecclesiae
1639 2738 1729 2764 eon-

195 2798 335 2843 spectu,
376 2795 423 2837 et,
469 2790 781 2841 quemadmodum
827 2791 866 2828 in
913 2790 1167 2840 super··i01ibus
1214 2790 1480 2835 recensuimus,
1523 2790 1729 2828 Ecclesiam

191 2862 372 2903 nostram,
406 2860 600 2907 propterea
628 2856 728 2905 quod
756 2868 820 2906 per
847 2859 964 2893 totam
1001 2855 1132 2892 urbem
1161 2855 1326 2906 dispersa
1355 2855 1414 2899 sit,
1439 2854 1479 2891 in
1507 2858 1581 2893 tres
1605 2860 1729 2905 partes
