1830 3147
198 94 261 143 [A.
287 92 332 130 D.
360 92 469 140 1553]
925 91 996 126 684

198 194 328 247 Englia
352 201 552 238 habuerunt
577 221 622 228 —-
640 200 704 236 sub
731 202 794 235 tua
819 200 924 235 etiam
942 199 1132 235 Maiestate
1149 198 1417 235 alicubihabere
1429 199 1579 247 possint.
1607 200 1727 237 Parati

197 267 316 299 autem
351 275 472 298 sumus
504 264 540 298 et
565 261 760 298 doctrinam
786 264 944 297 nostram
969 263 1005 297 et
1030 261 1122 296 ritus
1147 264 1287 297 nostros
1324 260 1515 308 approbare
1540 261 1637 297 verbi
1664 261 1726 298 Di·

197 325 272 361 vini
302 325 506 367 autoritate,
541 336 678 370 nosque
709 323 776 371 piis
809 323 970 359 omnibus
1003 335 1064 370 per
1106 322 1173 359 Dei
1197 323 1345 369 gratiam
1381 322 1627 359 satisfacturos
1653 336 1729 361 esse

198 399 270 423 non
295 386 510 422 dubitamus.
548 385 671 421 Parati
695 397 817 421 sumus
842 386 940 427 item,
975 382 1007 418 si
1031 382 1067 418 id
1091 387 1268 430 praestare
1293 396 1364 419 non
1390 395 1569 429 queamus,
1596 383 1729 421 discere

197 461 238 485 ac
264 449 366 496 sequi
398 447 553 491 meliora,
587 459 648 495 per
673 457 906 494 quoscunque
931 444 1074 480 tandem
1099 456 1117 479 e
1142 443 1240 480 verbi
1272 444 1396 479 Divini
1430 444 1588 480 sontibus
1615 445 1727 492 profe-

197 511 334 544 rantur.
382 508 465 544 Non
499 510 655 544 nostram
688 507 855 554 ipsorum,
887 505 948 541 sed
974 504 1108 541 Christi
1132 504 1280 551 gloriam
1305 505 1517 552 quaerimus,
1544 505 1730 553 multoque

197 570 432 606 libentissime
457 569 607 605 humana
631 568 665 604 in
693 567 794 604 nobis
828 567 933 603 etiam
969 579 1048 602 cum
1083 566 1197 602 nost-ri
1231 566 1476 614 pudefactione
1501 580 1731 614 agnoscemus

199 631 324 675 omnia,
351 632 381 668 si
407 631 512 667 modo
538 630 671 667 Christi
698 629 842 666 Domini
867 628 1013 675 gloriam
1031 628 1068 664 in
1086 640 1150 663 sua
1164 627 1335 672 doctrina,
1353 641 1414 676 per
1433 629 1547 665 nostri
1566 629 1729 677 pudefac-

199 694 331 731 tionem
350 692 522 729 illustrari
540 704 622 729 vere
640 691 831 728 videamus.
858 690 966 726 Illum
984 690 1076 726 enim
1094 702 1258 732 crescere,
1276 702 1340 726 nos
1362 693 1480 726 autem
1500 690 1612 726 minui
1628 703 1729 738 opor-

201 759 286 800 tere,
301 756 452 796 libenter
470 767 548 791 cum
568 754 702 791 Ioanne
718 753 881 801 Baptista
894 753 1099 801 profitemur
1115 751 1152 797 (J
1156 764 1233 787 0311.
1253 753 1285 787 3.
1304 751 1365 798 d.).
1392 752 1566 796 Breviter,
1584 754 1730 790 societa-

200 822 273 856 tem
286 818 522 855 Christianam
540 816 748 865 expetimus,
767 828 838 851 non
856 815 1055 857 schismata,
1072 812 1369 856 coniunctionem,
1387 827 1458 850 non
1472 814 1624 858 dissidia,
1642 827 1732 862 quae

199 882 337 918 utinam
363 879 467 917 semel
493 878 683 926 aliquando
708 877 751 913 ad
778 876 912 913 Christi
937 875 1086 922 gloriam
1111 878 1378 922 componantur.
1428 875 1523 912 Tuae
1548 888 1631 912 vero
1657 876 1732 912 Ma-

201 943 321 981 iestati
353 941 453 978 fidem
489 939 742 977 subiectionem
768 942 877 985 atque
902 936 1136 973 obedientiam
1162 948 1241 972 cum
1269 936 1333 972 Dei
1371 936 1484 983 gloria
1508 937 1732 973 coniunctam

200 1005 419 1055 pollicemur.
469 1003 566 1039 Haec
598 1013 680 1037 sane
711 1001 748 1036 111
774 998 903 1046 Anglia
927 998 978 1034 ita
1002 997 1244 1045 praestitimus
1270 997 1386 1033 omnia
1414 998 1476 1045 (sit
1502 998 1578 1034 Deo
1603 999 1732 1045 gratia)

201 1071 245 1104 ut
275 1080 320 1103 ne
352 1064 543 1102 adversarii
577 1062 718 1111 quidem
752 1060 878 1104 nostri,
911 1059 1048 1096 etiamsi
1081 1058 1116 1095 id
1150 1058 1245 1094 varie
1270 1062 1493 1102 conarentur,
1519 1072 1583 1096 nos
1608 1059 1671 1096 hac
1697 1060 1734 1096 111

201 1133 301 1179 parte
327 1128 452 1164 merito
477 1137 641 1162 accusare
666 1123 739 1159 ullo
765 1122 868 1158 modo
895 1122 1048 1169 possent.
1074 1120 1203 1156 Eadem
1230 1132 1313 1156 vero
1340 1123 1375 1156 et
1401 1120 1455 1156 hic
1481 1133 1544 1156 nos
1569 1121 1620 1156 ita
1636 1132 1731 1168 prae-

201 1193 352 1231 stituros
387 1201 462 1226 esse
487 1200 547 1236 per
583 1186 649 1223 Dei
674 1184 824 1233 gratiam
860 1182 1080 1225 confidimus,
1112 1184 1155 1217 ut
1180 1181 1267 1217 nihil
1294 1185 1330 1218 et
1359 1181 1413 1218 hic
1439 1181 1471 1217 in
1500 1182 1600 1219 nobis
1625 1194 1645 1217 a
1670 1185 1734 1218 tua

203 1254 394 1292 Maiestate
419 1248 686 1287 desiderandum
712 1258 787 1282 esse
814 1257 1004 1292 speremus
1030 1244 1153 1290 Atque
1178 1243 1262 1279 haec
1283 1243 1325 1278 ad
1344 1255 1467 1279 causae
1484 1246 1625 1279 nostrae
1642 1256 1733 1279 com-

204 1315 452 1353 mendationen
485 1312 639 1347 sufficere
673 1309 708 1344 in
742 1318 905 1355 praesens
929 1308 1107 1352 putamus,
1134 1316 1224 1351 quae
1250 1304 1420 1339 eiusmodi
1445 1303 1576 1351 alioqui
1602 1306 1667 1348 est,
1692 1307 1735 1340 ut

204 1391 324 1428 preces
345 1376 387 1412 ad
415 1375 529 1411 Deum
555 1371 674 1420 potius
701 1381 806 1416 quam
832 1367 944 1402 ullum
972 1366 1157 1402 verbosum
1183 1368 1389 1413 apparatum
1414 1366 1594 1413 postulare
1618 1365 1734 1402 videa-

207 1451 279 1483 tur.
328 1438 430 1489 Quod
462 1437 573 1483 igitur
606 1434 778 1481 superest,
812 1430 926 1466 Deum
960 1428 1131 1477 supplices
1156 1441 1217 1476 per
1242 1440 1368 1463 nomen
1393 1427 1570 1474 unigeniti
1595 1427 1658 1463 filii
1683 1428 1738 1464 sui

200 1518 354 1549 oramus,
382 1505 422 1538 ut
447 1499 509 1548 qui
534 1496 638 1533 corda
662 1495 800 1541 Regum
827 1492 980 1528 omnium
1007 1491 1045 1526 in
1070 1502 1134 1526 sua
1156 1502 1264 1525 manu
1289 1489 1404 1533 habet,
1421 1489 1511 1525 idem
1530 1490 1633 1525 etiam
1652 1492 1735 1525 tuae

201 1564 403 1607 Maiestatis
428 1574 489 1598 cor
515 1557 658 1600 excitet,
685 1553 900 1600 consiliaque
926 1551 1021 1587 illius
1047 1551 1163 1587 omnia
1187 1550 1315 1597 dirigat
1331 1562 1371 1586 ac
1387 1550 1559 1597 gubernet
1576 1550 1612 1586 in
1630 1563 1735 1587 causa

202 1631 265 1667 hac
299 1632 422 1664 nostra
454 1621 606 1666 aliisque
640 1620 818 1665 praeterea
851 1612 1025 1656 omnibus,
1058 1611 1102 1647 ad
1134 1611 1281 1658 gloriam
1313 1611 1479 1647 adorandi
1504 1611 1558 1647 sui
1585 1611 1736 1647 nominis

202 1689 449 1733 Ecclesiaeque
482 1681 614 1719 Christi
647 1676 921 1714 aedificationem
956 1677 992 1710 et
1025 1678 1121 1710 tuam
1154 1673 1265 1721 ipsius
1291 1671 1451 1708 salutem.
1477 1673 1601 1709 Amen.
1637 1672 1736 1721 [Col-

207 1753 333 1798 dingae
358 1748 404 1784 10
428 1742 621 1782 Novembr.
655 1739 765 1786 1553]

490 1805 587 1841 Tuae
612 1798 855 1838 serenissimae
881 1795 1081 1833 Maiestatis
1107 1794 1240 1841 Regiae
1264 1794 1412 1830 humiles
1439 1796 1475 1830 et
1499 1794 1739 1840 addictissimi,

826 1862 993 1896 lomnes
1018 1859 1035 1894 a
1065 1858 1197 1900 Lisco,
1230 1856 1465 1892 Ecclesiarum
1491 1856 1737 1904 dissipatarum

914 1917 1222 1966 Superintendens‚
1249 1930 1352 1953 manu
1379 1930 1454 1953 mea
1478 1918 1628 1966 propria.

820 1982 1027 2018 MAaTmth
1061 1979 1293 2022 MmRomos,
1327 1978 1515 2027 dissipatae
1548 1979 1585 2014 in
1610 1978 1738 2027 Anglia

964 2040 1140 2078 Ecclesiae
1174 2040 1397 2076 Germanicae
1428 2040 1598 2077 minister.

826 2104 995 2141 IoANNEs
1006 2102 1168 2139 UTENHO
1176 2114 1266 2146 VIUS,
1277 2102 1430 2138 eiusdem
1442 2101 1617 2139 Ecclesiae
1627 2102 1742 2138 senior

206 2218 1737 2238 w

1277 2262 1280 2279 l

211 2291 278 2329 No·
304 2290 361 2326 94.
1391 2280 1514 2326 [vient.
1528 2294 1550 2315 o.
1571 2280 1736 2326 ¹·1‘·'¹·‘³-'⁶⁸·]

676 2404 872 2453 Responsio
897 2403 941 2439 ad
966 2403 1100 2450 Regem
1126 2403 1271 2439 Daniae.

258 2534 419 2575 Oramus,
444 2532 488 2566 ut
514 2529 596 2565 boni
621 2528 656 2564 id
682 2526 902 2568 consulatur,
929 2525 1024 2572 quod
1051 2529 1086 2561 et
1112 2525 1313 2561 Maiestatis
1331 2524 1464 2571 Regiae
1481 2522 1739 2570 responsionem

211 2594 311 2630 nobis
338 2594 453 2630 datam
479 2593 515 2626 et
540 2593 697 2626 nostram
732 2587 885 2623 vicissim
911 2586 1101 2622 etiamnum
1137 2586 1172 2621 in
1205 2586 1377 2633 scriptum
1394 2583 1640 2630 redegerimus,
1665 2582 1741 2617 Me-

212 2653 322 2688 moria
353 2652 475 2687 nostra
500 2652 554 2685 est
578 2647 704 2691 labilis,
732 2649 768 2683 et
794 2649 880 2682 sunt
905 2645 1077 2682 eiusmodi
1103 2657 1197 2681 nunc
1223 2649 1392 2691 tempora,
1418 2647 1460 2678 ut
1485 2641 1571 2678 nihil
1597 2641 1667 2676 fere
1693 2641 1741 2675 sit

212 2715 333 2748 tutum
367 2725 387 2747 a
419 2710 602 2746 calumniis
628 2721 789 2755 usquam.
840 2707 956 2753 Quare
981 2706 1179 2742 consultius
1216 2708 1289 2742 fore
1314 2705 1517 2752 putavimus
1542 2705 1584 2738 ut
1610 2702 1742 2749 scripto

213 2777 335 2811 nostra
360 2773 475 2808 omnia
499 2783 692 2817 ageremus.
719 2770 904 2805 Praeterea
929 2767 1221 2814 quemadmodum
1248 2767 1292 2803 D.
1320 2765 1555 2802 Cancellarius
1581 2776 1619 2799 ea
1644 2776 1740 2810 prae-

214 2835 346 2873 fatione
369 2845 456 2868 usus
482 2837 547 2875 est,
573 2835 615 2867 ut
640 2831 743 2878 aequi
769 2830 921 2876 bonique
946 2828 1215 2865 consulerentur
1240 2841 1260 2864 a
1284 2827 1383 2864 nobis
1409 2826 1535 2868 omnia,
1560 2837 1649 2872 quae
1667 2825 1743 2860 Ma-

214 2893 352 2932 iestatis
377 2892 509 2940 Regiae
534 2891 673 2928 nomine
700 2893 741 2926 ut
766 2890 926 2926 minister
951 2889 1111 2926 dicturus
1136 2892 1223 2933 erat,
1249 2889 1299 2925 ita
1324 2891 1360 2924 et
1385 2901 1453 2927 nos
1475 2887 1649 2935 supplices
1667 2899 1741 2922 ora-
