1830 3147
845 41 913 79 713
1368 41 1428 89 [A.
1455 41 1500 76 D.
1525 40 1637 88 1555]

114 150 259 190 tempore
285 148 347 180 iter
376 149 409 180 in
443 148 624 180 Helvetiam
658 149 844 191 suscepisse,
868 159 1021 191 perquam
1048 149 1230 181 inauditum
1252 151 1334 181 esset
1354 160 1414 192 pro
1437 160 1560 182 summa
1581 149 1642 182 Lu-

116 203 266 235 theranos
288 204 373 236 inter
394 206 427 236 et
449 204 543 236 Helv.
566 204 773 236 dissensione.
812 205 919 246 Quare
942 205 1057 236 coniici
1081 207 1198 247 posset,
1221 216 1261 237 au
1284 206 1366 237 forte
1390 205 1560 236 Iohannem
1585 207 1642 244 (sc.

119 259 299 299 Molanum)
322 259 571 297 rescribendum,
594 260 677 301 quod
700 271 749 302 ep.
776 260 834 291 106
858 261 942 292 haud
964 261 1078 293 leviter
1101 262 1278 293 confirmat.
1313 262 1340 300 ²)
1365 261 1402 292 V.
1425 272 1456 294 n.
1479 261 1508 292 1.
1542 261 1568 300 ³)
1591 261 1642 293 Cf.

118 315 179 357 Ep.
214 316 274 347 103
305 326 335 346 n.
367 316 395 348 1.
439 317 465 354 ⁴)
494 316 613 347 Gellius
643 316 752 348 Faber.
796 318 822 356 ⁵)
847 317 896 348 De
925 328 1076 349 commun.
1110 317 1235 356 Christi,
1265 317 1314 350 ed.
1338 321 1436 349 nostr.
1460 317 1497 348 T.
1521 317 1547 349 Ι.
1570 317 1641 349 235.

118 371 145 410 ⁶)
171 372 189 402 6
212 371 285 403 Oct.
309 372 400 404 1554.
443 372 470 411 ⁷)
495 371 546 405 Cf.
569 372 627 414 Ep.
651 371 701 405 97.

115 551 179 588 ΝΟ.
206 551 286 588 108.
389 551 462 599 [Gah
471 555 482 586 b
492 565 503 586 e
513 566 533 587 m
541 566 568 595 a,
582 566 602 587 o.
612 557 631 589 1.
639 566 660 597 p.
673 556 725 590 4117.
739 557 773 587 Be
781 560 806 587 rt
814 566 844 588 ra
854 566 874 587 m
883 581 890 594 ‚
903 557 930 589 ll.
939 557 977 588 fir.
986 556 1061 589 Lasci.
1071 565 1094 597 p.
1103 556 1160 589 300.
1169 556 1226 590 Frft.
1236 556 1303 596 mgb.
1312 556 1337 587 ll.
1346 557 1420 588 ⁴391}
1428 567 1440 588 e
1450 558 1492 591 rd.
1505 557 1553 590 llb.
1565 555 1638 602 705]

677 673 733 710 Ad
759 674 1018 711 MEDMANNUM
1048 675 1087 722 ¹).

164 795 334 832 Dederam
367 796 401 832 id
437 797 571 844 negotii
597 797 632 832 in
658 796 757 832 abitu
781 796 887 833 istinc
913 809 989 833 meo
1016 796 1193 833 Gerhardo
1220 797 1376 845 Campio,
1402 797 1468 834 Vir
1494 798 1567 835 CL!
1602 804 1644 835 ut

113 858 177 892 aut
209 856 391 904 pecuniam
424 857 508 892 mibi
539 858 600 893 abs
633 862 669 893 te
703 857 819 893 datam
852 857 918 894 tibi
950 870 1089 893 rursum
1124 858 1295 901 redderet,
1322 861 1387 895 aut
1413 872 1540 896 nomen
1566 860 1643 897 eius

118 918 235 954 fratris
263 920 305 965 ²),
339 919 401 965 qui
434 918 529 954 illam
555 918 598 955 ad
630 931 683 955 me
717 918 894 962 mittebat,
920 918 980 954 abs
1007 921 1043 954 te
1070 919 1326 956 sciscitaretur:
1352 933 1408 957 me
1432 921 1524 958 enim
1550 922 1645 958 nolle

115 991 189 1014 eam
223 979 404 1026 pecuniam
430 980 592 1023 retinere,
618 979 684 1015 nisi
717 979 823 1015 seiam
848 979 950 1015 euius
982 979 1123 1015 nomine
1148 980 1233 1015 mihi
1257 980 1410 1017 daretur.
1459 982 1535 1018 iam
1561 995 1645 1019 vero

115 1038 220 1074 audio
254 1039 448 1075 Gerardum
481 1040 587 1075 istinc
621 1039 752 1083 abesse,
794 1041 831 1075 et
872 1052 952 1076 cum
979 1039 1146 1076 hactenus
1171 1040 1256 1076 mihi
1281 1054 1351 1077 non
1378 1042 1425 1077 sit
1449 1042 1642 1079 indicatum

115 1112 242 1135 nomen
275 1100 349 1136 eius
385 1100 514 1144 fratris,
549 1100 611 1147 qui
642 1100 725 1136 mihi
759 1112 820 1147 per
853 1103 889 1136 te
922 1112 996 1136 eam
1031 1101 1213 1148 pecuniam
1247 1101 1320 1137 dari
1345 1102 1496 1146 volebat,
1523 1104 1645 1151 scripsi

115 1160 183 1196 iam
218 1159 334 1196 denuo
368 1160 411 1196 ad
446 1161 675 1204 Gerliardum,
705 1164 770 1196 aut
801 1163 844 1196 ut
877 1173 1004 1197 nomen
1035 1161 1154 1197 fratris
1180 1161 1276 1198 illius
1303 1162 1481 1210 (quisquis
1506 1164 1645 1201 tandem

117 1222 189 1267 est)
223 1220 284 1256 abs
318 1224 354 1256 te
392 1221 566 1264 resciscat,
603 1223 666 1257 aut
691 1221 756 1256 tibi
782 1221 963 1269 pecuniam
991 1233 1114 1258 rursus
1141 1223 1282 1259 omnino
1310 1223 1441 1260 reddat.
1490 1224 1539 1261 Te
1564 1239 1648 1263 vero

120 1293 194 1325 oro,
220 1293 264 1316 ne
289 1293 390 1328 aegre
416 1281 507 1318 feras
541 1281 637 1329 quod
670 1281 734 1317 hoe
760 1282 810 1318 ita
837 1282 969 1318 faciam.
1012 1282 1095 1318 Non
1128 1283 1220 1319 enim
1245 1286 1310 1319 aut
1335 1287 1398 1320 tuo
1424 1284 1459 1320 id
1484 1288 1548 1322 aut
1572 1287 1648 1322 eius

116 1342 239 1390 ipsius,
276 1343 337 1390 qui
371 1356 469 1379 suam
501 1356 583 1390 erga
617 1356 671 1379 me
707 1343 971 1380 beneficentiam
1005 1344 1178 1381 declarare
1212 1345 1339 1388 voluit,
1365 1350 1547 1384 contemtu
1573 1348 1646 1385 ullo

120 1403 220 1448 facio,
256 1406 432 1450 quatenus
464 1404 630 1440 nimirum
670 1405 777 1441 frater
811 1410 876 1448 est,
910 1405 1202 1452 quemadmodum
1238 1410 1279 1442 tu
1305 1407 1389 1443 mibi
1414 1408 1562 1452 dicebas,
1588 1409 1648 1446 sed

120 1464 202 1501 nolo
228 1467 271 1500 ut
297 1465 351 1500 sui
377 1465 475 1500 illum
502 1466 652 1501 nominis
677 1466 769 1513 apud
796 1479 849 1502 me
875 1466 1018 1514 pudeat,
1044 1479 1147 1513 quem
1174 1467 1336 1515 praestiti
1362 1481 1443 1515 erga
1468 1482 1522 1506 me
1547 1470 1648 1507 bene-

118 1526 187 1562 ficii
212 1538 284 1561 non
308 1525 428 1573 pudet.
455 1526 503 1561 Et
527 1526 682 1573 cogitare
708 1529 820 1574 potes,
845 1527 1017 1564 interesse
1043 1540 1127 1570 mea,
1154 1530 1196 1564 ut
1226 1529 1342 1572 seiam,
1361 1530 1490 1576 quibus
1507 1530 1648 1567 debeam

119 1590 155 1623 et
180 1598 331 1633 quorum
355 1586 581 1622 beneficentia
607 1587 717 1622 iuver.
752 1587 879 1633 Neque
905 1589 995 1623 enim
1021 1587 1203 1624 dissimulo
1231 1601 1283 1625 me
1307 1589 1421 1626 iuvari
1447 1604 1467 1626 a
1491 1592 1556 1639 piis
1583 1592 1648 1628 fra-

120 1647 247 1689 tribus,
273 1659 386 1693 neque
411 1647 496 1682 item
523 1659 576 1683 me
601 1647 711 1694 pudet
738 1647 850 1690 fateri,
877 1648 972 1694 quod
998 1660 1119 1684 eorum
1146 1648 1371 1686 beneficentia
1399 1651 1487 1688 bona
1512 1665 1554 1688 ex
1572 1666 1648 1701 par-

120 1711 156 1744 te
182 1710 371 1751 sustenter,
398 1708 457 1743 sed
483 1720 555 1744 non
580 1708 657 1744 ideo
684 1710 801 1745 tamen
825 1721 845 1744 a
872 1709 1087 1755 quibuslibet
1112 1710 1215 1757 cupio
1242 1711 1428 1756 sublevari,
1454 1713 1522 1750 nisi
1547 1716 1649 1752 cuius

121 1769 222 1805 fidem
249 1771 286 1805 et
310 1769 478 1816 pietatem
503 1772 718 1816 perspectam
744 1769 897 1806 habeam.
923 1770 999 1805 Aut
1024 1770 1134 1817 igitur
1160 1784 1285 1808 nomen
1312 1785 1413 1808 suum
1433 1774 1525 1818 edat,
1551 1776 1647 1823 quis·

123 1830 202 1877 quis
228 1829 288 1865 ille
312 1829 452 1865 tandem
480 1832 544 1873 est,
571 1831 634 1877 qui
659 1843 714 1866 me
739 1843 800 1878 per
825 1833 861 1866 te
887 1830 1062 1867 sublevari
1090 1832 1214 1876 voluit,
1232 1835 1296 1869 aut
1313 1847 1409 1870 suam
1427 1836 1491 1871 sibi
1510 1849 1646 1874 rursum

51 1920 60 1928 ,
123 1891 305 1937 pecuniam
339 1890 473 1926 habeat.
524 1890 561 1926 Si
594 1890 702 1927 frater
727 1894 792 1934 est,
819 1891 972 1927 fraterna
996 1892 1087 1939 apud
1122 1894 1265 1929 fratrem
1292 1907 1396 1941 quem
1420 1895 1522 1932 iuvas
1546 1897 1647 1934 liber-

122 1954 196 1988 tate
227 1957 351 1988 utatur
380 1952 414 1986 in
439 1951 624 1988 indicando
650 1964 715 1987 suo
741 1952 892 1996 nomine,
930 1952 1065 2000 alioqui
1089 1953 1242 1990 alienum
1268 1958 1322 1991 est
1346 1969 1366 1992 a
1392 1957 1545 1994 fraterno
1571 1959 1646 1995 viu·

122 2012 203 2048 culo
230 2012 455 2058 fraternaque
479 2012 654 2056 libertate,
680 2012 774 2048 nolle
798 2025 817 2048 a
844 2013 951 2049 fratre
974 2014 1127 2060 agnosci.

170 2073 281 2117 Adde,
317 2074 363 2110 mi
398 2073 548 2110 Domine
575 2073 803 2110 Medmanne!
831 2074 927 2121 quod
953 2074 1018 2110 tibi
1043 2075 1176 2122 alioqui
1203 2076 1307 2112 etiam
1334 2077 1408 2125 ipse
1432 2079 1551 2123 retuli,
1577 2093 1648 2117 non

124 2148 177 2171 me
211 2138 363 2178 tantum,
399 2135 458 2170 sed
489 2135 607 2182 plures
641 2147 783 2182 quoque
816 2135 903 2171 alios
929 2137 1106 2183 suspicari,
1134 2150 1207 2173 eam
1233 2139 1415 2185 pecuniam
1441 2153 1462 2176 a
1486 2142 1650 2191 Principe

121 2197 196 2243 ipsa
229 2196 311 2231 mihi
336 2197 573 2243 consignatam
601 2209 685 2233 esse.
711 2196 813 2241 Quod
839 2197 868 2232 si
893 2196 944 2232 ita
969 2200 1034 2240 est,
1060 2198 1196 2234 etiamsi
1223 2203 1264 2234 tu
1289 2200 1377 2236 illud
1402 2202 1494 2248 apud
1519 2216 1573 2239 me
1599 2217 1649 2240 se-

126 2256 191 2292 mel
217 2260 325 2303 atque
351 2256 477 2292 iterum
505 2258 653 2303 negasti,
679 2270 744 2303 ego
770 2257 872 2304 plane
897 2257 992 2294 illam
1017 2258 1143 2295 habere
1168 2259 1262 2303 nolo,
1289 2273 1400 2308 neque
1419 2263 1499 2299 volo
1519 2268 1561 2300 ut
1578 2265 1651 2301 ulla

125 2329 189 2352 sua
215 2329 296 2363 erga
320 2329 374 2352 me
401 2317 509 2352 officia
534 2316 709 2365 hypocrisi
734 2330 816 2353 suae
842 2317 1022 2362 obtendat,
1048 2323 1149 2355 cuius
1175 2319 1268 2356 illam
1294 2333 1359 2368 ego
1384 2324 1476 2370 apud
1493 2325 1649 2361 tribunal

128 2377 259 2413 Christi
284 2389 422 2413 accuso.
449 2377 587 2413 Habeat
613 2377 678 2413 sibi
703 2378 779 2425 ipsa
804 2390 940 2414 omnem
959 2392 1056 2415 suam
1075 2381 1256 2427 pecuniam
1277 2382 1310 2416 in
1329 2395 1412 2419 suae
1430 2385 1651 2431 hypocriseos

125 2437 461 2481 condemnationem,
488 2438 557 2474 nisi
581 2438 784 2486 resipiscere
810 2438 906 2474 velit.
933 2439 1022 2486 Ego,
1048 2440 1130 2476 dum
1158 2441 1239 2477 talis
1265 2454 1339 2478 esse
1364 2444 1491 2490 pergit,
1519 2445 1649 2482 nullam

125 2511 204 2534 eum
238 2510 277 2534 ea
310 2502 443 2546 partem
486 2498 608 2533 habere
634 2498 727 2534 volo.
776 2499 1031 2536 Excusationes
1057 2514 1144 2547 quas
1169 2502 1269 2538 affert
1295 2508 1380 2540 tune
1405 2506 1650 2552 expendemus,

127 2572 205 2595 euni
239 2562 321 2595 ante
348 2559 481 2594 Christi
515 2559 657 2594 Domini
691 2560 846 2596 tribunal
879 2562 1054 2605 sistemur,
1088 2563 1121 2598 id
1156 2563 1250 2610 quod
1285 2564 1418 2612 alioqui
1454 2579 1567 2614 neque
1599 2569 1651 2604 illi

128 2631 241 2665 neque
278 2619 361 2654 mihi
388 2620 532 2654 nimium
558 2618 619 2654 diu
645 2620 895 2666 expectandum
923 2622 1001 2658 erit.
1046 2621 1153 2658 Dabis
1178 2626 1296 2659 autem
1324 2625 1470 2669 veniam,
1496 2627 1591 2673 quod
1617 2632 1653 2664 te

129 2679 178 2714 ita
195 2679 424 2726 interpellem,
441 2679 544 2715 aliter
561 2679 651 2715 enim
671 2679 782 2716 facere
799 2693 868 2716 non
886 2693 1038 2728 possum.
1064 2681 1152 2718 Vale
1169 2683 1394 2720 Francofurti
1411 2686 1430 2721 6
1451 2686 1534 2723 Iulii
1549 2689 1652 2725 1555.

172 2764 197 2802 ¹)
221 2749 277 2794 De
302 2764 398 2794 Petro
433 2762 554 2794 Medm.
589 2764 629 2794 cf.
666 2763 726 2805 Ep.
748 2764 788 2794 98
813 2775 843 2795 n.
867 2765 895 2796 6.
939 2766 967 2805 ²)
991 2765 1090 2797 Tecto
1114 2767 1242 2798 nomine
1266 2770 1400 2810 pecunia
1424 2771 1524 2803 Lasco
1548 2772 1654 2804 oblata

129 2821 207 2849 erat.
240 2819 419 2860 Scripserat
442 2818 560 2850 Medm.
574 2819 700 2859 fratris
722 2830 791 2850 eam
815 2831 892 2858 esse,
915 2820 969 2851 sed
993 2824 1062 2852 erat
1084 2832 1194 2853 revera
1215 2824 1343 2863 sororis,
1367 2836 1409 2857 sc.
1434 2828 1541 2858 Annae
1565 2828 1654 2860 Com.

132 2888 1650 2906 *mmmm—*qm
