1830 3147
84 488 102 516 4
127 484 180 516 lle.
204 485 255 518 22.

368 112 440 149 346
849 125 1020 153 011111οΗ.
1052 127 1157 154 econ.
1186 125 1301 156 LoND.

420 225 501 262 Iam
530 226 633 276 quod
659 228 707 265 ad
734 227 909 278 primum,
936 228 1147 277 largissime
1174 229 1213 267 in
1242 242 1359 280 regno
1388 230 1460 268 hoc
1488 230 1589 268 Deus
1617 244 1686 269 nos
1712 231 1775 283 pio

367 289 593 339 magistratu
630 290 812 338 donavit,
831 305 966 344 nempe
1002 293 1104 342 Rege
1132 293 1314 331 Edwardo
1344 294 1471 340 Sexto,
1498 294 1563 346 qui
1590 308 1611 332 a
1638 308 1775 345 magna

367 352 456 391 inde
482 353 748 402 adolescentia,
775 356 880 393 omni
905 355 1123 394 idololatria
1151 361 1263 408 atque
1291 358 1385 395 falsa
1413 357 1597 407 religione
1624 370 1775 408 aregno

368 430 436 455 suo
481 419 649 470 expulsa,
686 433 809 458 veram
844 421 1102 472 Apostolicam
1140 422 1266 467 fidem,
1310 421 1521 460 doctrinam
1562 422 1776 474 iustumque

372 482 438 520 Dei
474 484 616 522 cultum
655 484 820 523 restituit
856 485 902 523 ad
939 486 1151 537 exemplum
1180 486 1315 533 Iosiae‚
1343 491 1383 526 ut
1410 487 1545 525 merito
1573 488 1774 526 dicendum

367 549 478 586 nobis
506 549 567 596 sit,
593 550 739 587 nullum
767 554 853 588 ante
879 564 964 588 eum
991 551 1119 597 fuisse,
1148 564 1225 589 non
1253 552 1374 590 solum
1400 552 1440 590 in
1469 552 1540 590 hoc
1559 566 1690 602 regno,
1710 552 1772 590 sed

366 614 478 651 etiam
514 614 553 652 in
589 618 670 652 toto
699 615 791 653 orbe
819 614 1049 661 Christian0‚
1086 629 1223 665 regem,
1250 618 1328 667 qui,
1355 617 1671 668 quemadmodum
1699 618 1775 663 1110,

366 678 458 716 adeo
485 683 566 717 toto
594 684 743 730 pectore
771 693 838 717 suo
867 682 921 728 (A
949 679 1040 728 iiiia)
1068 684 1179 731 atque
1206 681 1317 719 corde
1344 681 1390 719 ad
1420 681 1540 720 Deum
1569 682 1774 721 secundum

365 744 519 781 verbum
546 743 663 795 ipsius
692 757 770 781 sese
799 744 1034 789 converterit,
1063 758 1177 795 quare
1205 758 1288 796 spes
1307 758 1454 796 quoque
1472 746 1633 784 fovenda
1654 750 1708 784 est
1724 769 1774 776 —

365 808 439 846 nisi
480 808 665 846 Dominus
693 807 977 858 ingratitudinis
1006 814 1159 846 nostrae
1185 822 1325 859 poenas
1354 809 1479 859 exigat
1509 831 1558 838 —
1586 810 1706 848 Deum
1733 812 1773 849 in

365 871 463 909 diem
491 871 610 920 magis
639 884 790 909 omnem
816 871 1005 923 pietatem,
1033 872 1070 910 et
1097 872 1169 918 1110,
1188 872 1225 910 et
1245 873 1337 910 alibi
1356 885 1506 923 quoque
1524 877 1692 924 tempore
1709 887 1774 925 per

363 950 447 974 eum
475 942 735 988 promoturum
764 950 855 981 esse,
882 945 925 975 ut
952 937 1063 975 facile
1089 937 1400 975 animadvertitur
1427 951 1470 975 ex
1498 937 1771 990 ingenti,qu0d

364 1003 610 1041 Germanicae
639 1004 699 1040 hic
726 1003 873 1041 nationi
901 1008 1063 1048 nostrae,
1089 1003 1167 1041 imo
1195 1004 1372 1041 omnibus
1391 1005 1611 1055 peregrinis,
1627 1010 1774 1055 petente

364 1068 529 1106 Domino
555 1081 638 1106 meo
668 1069 811 1106 Ioanne
838 1068 859 1106 a
888 1068 1022 1114 Lasco,
1050 1069 1217 1106 omnium
1238 1072 1412 1107 nostrum
1433 1069 1772 1120 superintendente,

362 1134 551 1184 praestitit
597 1134 792 1179 beneficio,
827 1133 975 1183 magnis
1013 1134 1089 1171 suis
1126 1134 1305 1184 impensis
1343 1138 1470 1184 aptum
1507 1135 1687 1185 templum
1725 1136 1771 1173 iis

361 1199 597 1250 procurando
635 1198 962 1249 permittendoque
997 1199 1186 1248 integrum
1223 1198 1293 1236 Dei
1328 1199 1471 1237 cultum
1497 1199 1602 1237 iuxta
1631 1200 1772 1238 Christi

362 1263 518 1301 Domini
546 1268 742 1315 praecepta
771 1268 807 1301 et
836 1264 1107 1314 Apostolorum
1136 1263 1452 1308 observationem,
1479 1268 1670 1315 praeterea
1700 1278 1769 1302 no-

363 1328 420 1366 bis
457 1328 566 1366 etiam
611 1328 743 1366 doctos
779 1328 1023 1379 integrosque
1060 1327 1310 1379 praeficiendo
1346 1327 1553 1375 ministros,
1581 1342 1647 1379 per
1675 1342 1770 1379 quos

362 1407 447 1431 vera
475 1393 747 1444 Prophetarum
775 1393 1119 1444 Apostolorumque
1148 1392 1316 1429 doctrina
1345 1405 1435 1443 pure
1463 1397 1498 1429 et
1527 1392 1668 1444 absque
1689 1406 1769 1430 om-

363 1459 401 1496 ni
430 1458 594 1495 humano
622 1458 805 1495 fermento
835 1457 945 1494 nobis
973 1456 1232 1501 annuntiatur,
1259 1457 1351 1493 adeo
1381 1456 1480 1494 utin
1500 1457 1602 1494 111500
1621 1457 1770 1495 duobus

362 1523 515 1573 largiter
551 1536 620 1561 nos
657 1522 790 1560 ditavit
828 1522 1026 1568 Dominus,
1062 1524 1289 1572 quapropter
1325 1521 1407 1558 laus
1443 1521 1477 1559 ei
1506 1521 1554 1559 sit
1582 1522 1621 1559 in
1650 1526 1769 1560 aeter·

364 1590 469 1626 num!

412 1916 491 1953 Iam
528 1929 573 1953 ne
611 1914 761 1952 tertium
791 1926 950 1965 quoque,
979 1912 1165 1950 institutio
1193 1912 1446 1963 parvulorum,
1476 1911 1668 1949 Ecclesiae
1697 1925 1766 1949 no-

361 1985 458 2017 strae
494 1979 602 2021 desit,
629 1981 682 2027 (A
708 1977 803 2026 iiiib)
839 1977 1022 2014 ministris
1052 1989 1123 2014 una
1154 1989 1238 2013 cum
1266 1975 1492 2026 presbyteris
1522 1989 1679 2026 aequum
1711 1976 1767 2012 vi-

361 2059 442 2083 sum
479 2048 533 2082 est
569 2048 680 2095 atque
716 2043 980 2086 necessarium,
1017 2041 1331 2092 quemadmodum
1369 2054 1460 2091 opus
1489 2054 1616 2078 revera
1645 2040 1766 2087 habet,

361 2115 402 2148 ut
440 2109 698 2148 Catechismus
735 2109 812 2146 sive
847 2107 1036 2146 institutio
1073 2106 1315 2158 parvulorum
1344 2105 1534 2143 Ecclesiae
1563 2104 1767 2150 offerretur,

360 2175 538 2214 nimirum
573 2174 671 2211 idem
708 2173 771 2210 ille
809 2172 1079 2216 Catechismus,
1108 2184 1180 2222 quo
1210 2170 1324 2208 Frisii
1354 2169 1566 2207 Orientales
1597 2174 1765 2213 utuntur,

360 2251 543 2289 quemque
578 2237 625 2275 iis
662 2237 876 2288 petentibus
904 2236 982 2286 ipse
1011 2235 1155 2283 belgice
1182 2233 1371 2277 transtuli,
1398 2246 1469 2283 qua
1497 2233 1536 2270 in
1565 2246 1604 2271 re
1634 2247 1764 2271 verna-

361 2303 444 2340 culo
473 2315 644 2340 sermone
669 2323 720 2330 —
746 2304 822 2338 tam
851 2300 1009 2350 turpiter
1037 2298 1148 2336 eheu!
1177 2298 1296 2334 abusu
1327 2297 1526 2347 depravato
1554 2297 1764 2347 —saepius

359 2382 435 2407 non
465 2366 787 2419 absquefulicentia
815 2365 976 2417 quadum
1008 2378 1096 2401 usus
1125 2377 1220 2406 sum,
1249 2361 1562 2413 quemadmodum
1591 2361 1703 2399 etiam
1724 2361 1762 2398 in

360 2433 604 2471 confessione
633 2431 716 2477 feci,
741 2434 818 2468 tam
848 2434 888 2467 ut
915 2429 961 2466 ad
989 2429 1148 2479 priscam
1178 2428 1337 2464 formam
1365 2439 1446 2463 eum
1474 2439 1542 2475 pro
1559 2425 1657 2462 virili
1674 2438 1762 2475 por-

358 2498 461 2536 tione
487 2497 713 2540 reducerem,
741 2507 849 2545 quam
878 2493 1020 2530 idcirco
1048 2505 1208 2543 quoque,
1235 2495 1276 2528 ut
1304 2491 1349 2527 ab
1379 2489 1558 2533 Ecclesia,
1586 2502 1680 2539 quae
1702 2489 1762 2527 1110

358 2577 377 2602 0
406 2562 562 2600 diversis
589 2560 808 2600 nationibus
837 2559 992 2598 collecta
1020 2562 1087 2601 est,
1115 2557 1246 2595 melius
1274 2555 1555 2604 intelligeretur.
