1830 3147
196 106 217 139 6

199 213 390 250 hominum
428 212 591 261 ingenia,
629 214 673 258 (ει
701 212 760 258 5²²)
795 211 959 250 rescindi
992 217 1128 263 posset.
1183 212 1273 251 Non
1302 219 1357 253 est
1384 216 1498 264 igitur
1526 217 1636 254 nobis
1664 230 1727 254 ac-

200 278 363 315 cusanda
398 277 438 314 in
475 276 546 313 hae
580 279 686 327 parte
721 275 1020 314 orthodoxorum
1054 278 1208 315 Patrum
1237 279 1481 329 negligentia,
1518 281 1582 318 sed
1609 295 1728 331 agno-

198 343 375 381 scendum
412 341 550 393 potius,
588 341 747 393 denique
782 345 818 380 et
855 342 1206 389 commendandum,
1234 343 1457 383 beneficium
1485 345 1568 391 Dei,
1596 346 1662 397 qui
1687 346 1725 384 id

198 420 327 444 cavere
363 407 494 451 voluit,
528 419 596 457 pro
634 419 698 444 sua
739 406 778 444 in
806 419 876 445 nos
901 407 1171 454 misericordia,
1204 422 1251 447 ne
1279 409 1428 447 Patrum
1457 410 1637 449 autoritas
1665 425 1728 449 ve-

196 485 236 509 re
263 484 426 522 unquam
455 484 497 509 ac
524 471 659 509 merito
687 472 852 523 praetexi
878 476 1005 523 posset
1031 472 1078 510 ad
1106 474 1340 511 avocandum
1367 487 1436 513 nos
1465 475 1512 513 ab
1540 489 1582 513 ea
1610 479 1728 514 aeter-

196 550 266 573 nae
310 540 422 587 atque
466 536 712 574 immutabilis
749 537 899 575 divinae
935 550 1023 575 suae
1060 538 1264 576 voluntatis
1292 540 1505 578 obedientia
1534 540 1652 591 (quod
1680 541 1728 579 ad

196 601 317 638 eultus
355 601 414 648 sui
440 601 559 639 divini
585 601 680 639 ritus
708 602 874 649 attinet),
900 615 1013 652 quam
1041 602 1152 640 nobis
1178 602 1334 653 ipsemet
1361 608 1396 641 et
1423 604 1594 654 plurimis
1614 609 1649 643 et
1667 606 1727 643 lu·

199 665 465 703 eulentissimis
501 666 729 716 minimeque
765 666 1009 703 mendacibus
1037 666 1142 704 verbi
1170 667 1228 704 sui
1256 667 1373 705 divini
1409 669 1634 707 testimoniis
1661 683 1727 721 pa-

196 730 334 769 tefecit.
390 731 655 782 Gratularique
701 731 856 768 omnino
903 731 1079 768 debemus
1127 731 1316 770 Ecclesiae
1371 746 1451 770 earn
1502 733 1728 779 libertatem,

193 793 291 844 quod
329 794 431 832 nulla
467 795 633 844 legitima
670 795 812 846 alioqui
848 795 1000 832 Patrum
1037 795 1240 833 autoritate
1276 797 1316 833 in
1352 798 1473 834 forma
1508 811 1552 835 ac
1590 799 1726 836 ritibus

191 858 249 895 sui
282 858 482 896 ministerii
516 860 634 910 premi
667 860 798 910 possit,
835 860 1008 910 quodque
1051 860 1180 898 Patres
1216 860 1285 906 illi,
1319 874 1431 912 qnam
1467 862 1541 900 sibi
1577 863 1727 914 ipsimet

192 923 404 961 libertatem
442 924 511 961 hac
546 924 583 961 in
622 928 727 975 parte
762 924 1039 975 permittebant,
1082 925 1237 962 eandem
1271 929 1357 976 post
1393 939 1431 963 se
1465 926 1577 964 nobis
1613 927 1727 964 etiam

189 988 399 1039 relinquere
434 989 642 1027 voluerunt.
699 989 739 1025 Si
765 989 886 1040 placet
914 989 1065 1026 Patrum
1095 990 1291 1033 autoritas,
1330 1003 1395 1027 eur
1423 1003 1498 1028 non
1526 1004 1593 1042 pro
1623 1005 1725 1029 sum-

190 1052 261 1090 mis
297 1053 472 1091 Patribus
508 1054 648 1091 nostris
684 1053 924 1103 agnoscimus
958 1053 1073 1104 inque
1102 1053 1272 1091 doctrina
1309 1053 1461 1092 illorum
1492 1055 1725 1107 conquiesci-

188 1131 285 1162 mus,
329 1132 424 1169 quos
460 1118 561 1156 Deus
604 1119 683 1169 ipse
720 1118 843 1156 omnis
880 1131 991 1155 sanae
1028 1117 1232 1163 doetrinae,
1268 1122 1351 1156 toto
1390 1119 1481 1157 orbe
1526 1124 1725 1165 terrarum,

188 1183 378 1233 principes
406 1196 571 1220 summos
601 1183 810 1226 constituit,
848 1182 1134 1233 doctrinamque
1168 1182 1322 1220 illorum
1350 1185 1475 1232 (αδδ)
1504 1187 1560 1221 tot
1588 1184 1724 1222 tantis-

190 1261 263 1298 que
291 1248 400 1285 donis
424 1248 610 1299 prodigiis
639 1251 674 1285 et
703 1247 821 1296 signis
851 1247 1115 1284 confirmavit?
1144 1250 1180 1284 et
1219 1247 1358 1298 quibus
1394 1247 1578 1298 imprimis
1615 1248 1725 1286 Chri-

188 1317 268 1350 stus
303 1312 490 1351 Dominus
527 1312 599 1350 hoc
635 1312 780 1358 tribuit,
807 1316 849 1349 ut
876 1325 943 1363 pro
971 1312 1047 1349 illis
1074 1315 1225 1350 tantum
1253 1316 1345 1357 oret,
1371 1312 1436 1363 qui
1462 1326 1528 1363 per
1553 1312 1656 1363 ipsos
1684 1313 1725 1351 in

187 1391 225 1415 se
263 1378 439 1416 credituri
474 1378 624 1415 essent?
679 1378 719 1414 Si
754 1391 824 1415 nos
851 1377 944 1415 fides
972 1377 1168 1415 vetustatis
1197 1391 1344 1415 movere
1380 1377 1524 1422 debeat,
1557 1392 1606 1415 an
1645 1392 1724 1417 non

186 1442 329 1494 priores
357 1442 532 1493 Apostoli
559 1442 735 1479 Patribus
762 1442 801 1479 in
831 1442 1046 1479 universum
1075 1442 1264 1488 omnibus,
1291 1455 1453 1493 quorum
1481 1442 1544 1479 hio
1570 1442 1723 1493 quidem

186 1508 427 1546 autoritatem
462 1507 602 1558 requiri
636 1507 833 1545 videmus?
887 1508 949 1545 An
977 1520 1055 1544 non
1084 1510 1118 1544 et
1146 1507 1229 1544 istis
1257 1520 1406 1544 rursum
1433 1507 1613 1546 vetustius
1642 1521 1724 1546 ver-

187 1574 277 1611 bum
305 1572 388 1618 Dei,
424 1573 530 1610 cuius
556 1577 665 1610 autor
692 1577 760 1618 est,
787 1585 863 1610 non
891 1572 1004 1609 homo
1033 1573 1132 1610 ullus
1159 1576 1223 1609 aut
1252 1573 1434 1622 Angelus,
1470 1573 1534 1611 sed
1561 1573 1724 1611 existens

186 1638 257 1676 Ille
294 1643 466 1676 aeternus
502 1637 542 1674 in
584 1637 689 1675 coelo
725 1637 840 1688 inque
878 1637 960 1687 ipso
998 1636 1121 1674 Patris
1158 1636 1249 1674 adeo
1288 1637 1345 1675 sui
1374 1637 1471 1682 sinu,
1505 1637 1724 1688 unigenitus

185 1703 339 1754 inquam
367 1703 437 1740 Dei
464 1703 562 1740 filius
580 1723 632 1731 —
650 1716 862 1753 quanquam
882 1706 918 1740 et
939 1702 1103 1740 hominis
1117 1702 1216 1740 filius
1229 1724 1280 1731 —-
1299 1702 1485 1741 Dominus
1499 1707 1535 1741 et
1555 1708 1723 1741 servator

186 1774 314 1807 noster
351 1768 522 1806 Christus
559 1768 694 1805 Iesus?
749 1767 789 1803 Si
815 1766 1006 1804 unanimis
1034 1767 1238 1804 multorum
1268 1780 1471 1805 consensus
1509 1767 1724 1818 requiritur,

189 1848 254 1872 eur
291 1847 367 1872 non
403 1834 504 1871 illius
531 1833 719 1871 institutio
749 1837 860 1883 atque
888 1832 1097 1882 exemplum
1125 1831 1236 1869 nobis
1265 1832 1354 1869 satis
1382 1836 1449 1876 est,
1478 1833 1537 1869 cui
1564 1836 1600 1870 et
1626 1833 1720 1870 Pro-

187 1900 319 1950 phetae
355 1903 390 1936 et
426 1898 601 1949 Apostoli
629 1910 770 1943 omnes,
798 1896 958 1947 denique
987 1900 1022 1933 et
1049 1896 1189 1945 Angeli
1217 1899 1252 1933 et
1288 1896 1443 1946 ipsemet
1470 1897 1579 1934 Pater
1607 1896 1722 1941 Deus,

186 1963 362 2001 unanime
396 1962 519 2000 modis
546 1961 721 1999 omnibus
747 1960 1004 1998 testimonium
1032 1960 1331 2011 perhibuerunt?
1361 1960 1438 1998 Hie
1466 1961 1608 1999 scilieet
1635 1962 1719 2012 plus

186 2029 306 2065 valere
335 2027 525 2065 debebunt
551 2026 705 2063 Patrum
733 2025 916 2062 eoncilia?
945 2026 997 2062 At
1024 2037 1110 2062 vero
1140 2024 1230 2062 haee
1259 2024 1452 2062 conciliari
1477 2025 1580 2076 prius
1608 2039 1720 2077 opor-

186 2096 294 2137 teret,
319 2096 361 2129 ut
388 2104 433 2129 ex
460 2090 534 2128 illis
562 2090 676 2127 statui
703 2089 844 2140 aliquid
871 2089 1004 2140 possit.
1058 2088 1153 2126 Esto
1181 2093 1306 2126 autem
1334 2090 1534 2127 statuerint
1561 2103 1723 2129 eonsen-

185 2154 323 2193 tienter
359 2152 451 2191 certi
485 2151 627 2203 aliquid
661 2151 707 2189 de
744 2151 978 2189 observando
1016 2164 1090 2188 uno
1128 2151 1311 2189 duntaxat
1339 2154 1384 2200 (ει
1412 2154 1470 2200 6³)
1498 2152 1624 2203 aliquo
1649 2153 1721 2191 mi-

188 2217 333 2255 nisterii
361 2215 616 2254 Ecclesiastiei
642 2215 729 2261 rim,
757 2214 834 2252 sive
861 2214 989 2252 Patres
1017 2214 1194 2266 privatim
1210 2214 1283 2265 ipsi
1303 2215 1380 2252 sive
1400 2215 1642 2259 eoncilia,—
1660 2230 1723 2262 an,

189 2282 291 2333 quod
334 2282 447 2319 semel
482 2280 712 2326 statuissent,
747 2280 804 2317 vel
839 2279 954 2331 recipi
990 2280 1162 2331 protinus
1199 2280 1279 2318 sine
1313 2280 1590 2318 examinatione
1633 2282 1722 2328 ulla,

191 2348 262 2390 vel,
290 2347 402 2384 semel
429 2352 630 2396 receptum,
658 2345 850 2382 observari
876 2344 951 2382 iam
978 2345 1031 2382 ita
1058 2349 1236 2396 perpetuo
1265 2346 1481 2397 oportebit?
1533 2346 1720 2397 Equidem

189 2415 231 2449 ut
268 2411 307 2448 in
336 2410 439 2447 omni
466 2410 660 2447 doetrinae
694 2409 979 2447 Ecclesiasticae
1005 2423 1141 2458 genere
1167 2409 1340 2460 inprimis
1367 2423 1446 2448 esse
1473 2411 1720 2449 neeessariam

192 2479 340 2514 constat
366 2474 454 2512 fidei
480 2473 705 2522 analogiam,
741 2473 807 2517 ita,
836 2486 919 2510 eum
946 2473 1038 2510 ritus
1067 2487 1196 2511 omnes
1226 2474 1347 2511 cultus
1375 2473 1494 2511 divini
1520 2475 1560 2511 in
1586 2474 1720 2514 Eccle-

187 2541 242 2579 sia
270 2542 471 2590 (quatenus
498 2551 586 2575 sane
614 2542 701 2575 sunt
726 2537 878 2587 mystici
915 2541 1142 2588 externaque
1168 2551 1212 2575 ac
1239 2537 1380 2575 visibili
1399 2538 1607 2576 ceremonia
1628 2551 1719 2577 con·

189 2606 307 2651 stant)
343 2617 428 2654 pars
465 2606 550 2640 sunt
586 2602 769 2652 quaedam
806 2601 998 2639 doctrinae
1032 2606 1144 2652 atque
1177 2602 1250 2639 hoe
1285 2602 1396 2639 etiam
1424 2603 1574 2641 nomine
1613 2604 1720 2642 verbi

189 2668 424 2721 appendices,
450 2668 644 2718 ipsumque
672 2667 762 2704 adeo
791 2666 939 2704 visibile
966 2666 1121 2704 verbum
1148 2681 1192 2704 ae
1221 2667 1378 2704 visibilis
1406 2668 1588 2717 quaedam
1615 2687 1718 2710 κειτ-

190 2738 370 2786 ειγγελὶει
399 2745 478 2769 esse
508 2736 718 2775 censentur,
750 2753 802 2760 —
830 2731 983 2768 dubium
1014 2744 1103 2768 sane
1129 2745 1209 2769 esse
1244 2744 1320 2769 non
1356 2736 1492 2782 potest,
1526 2737 1603 2770 tam
1639 2747 1719 2771 esse

190 2811 332 2849 semper
368 2795 576 2835 necessario
615 2795 855 2846 spectandam
890 2795 930 2833 in
958 2795 1180 2846 recipiendis
1209 2795 1525 2847 observandisque
1551 2798 1721 2847 mysticis

190 2862 366 2899 omnibus
410 2860 528 2898 divini
581 2860 701 2898 cultus
746 2860 787 2897 in
835 2859 1004 2897 Ecclesia
1041 2859 1177 2898 ritibus
1212 2860 1299 2898 fidei
1338 2860 1563 2910 analogiam,
1607 2875 1719 2911 quam
