1830 3147
818 144 886 184 731
1345 150 1410 197 [A.
1439 151 1484 187 D.
1510 151 1625 198 1556]

87 251 150 288 N⁰.
172 253 252 288 121.
885 274 887 277 »
1253 257 1302 304 [Ex
1322 262 1392 296 Aren.
1408 262 1481 296 Elect.
1501 261 1625 308 unsina]

545 376 603 413 Ad
629 377 917 414 LANTGRAva
945 378 1106 415 HAss1An
1134 381 1176 424 ¹).

134 486 203 522 Pro
235 488 334 521 tanta
366 488 446 520 tuae
471 484 694 520 Celsitudinis
720 485 753 520 in
781 497 834 520 mc
859 485 1056 528 clementia,
1084 492 1250 534 quantam
1275 488 1432 536 equidem
1457 501 1527 524 non
1552 501 1620 524 me·

86 559 172 589 reor,
210 559 276 593 ago
305 545 452 593 supplex
484 547 614 593 gratias
649 550 728 582 tuac
761 546 971 582 Celsitudini
997 547 1257 584 illustrissimae
1283 554 1319 584 et
1343 549 1455 584 Deum
1480 561 1554 592 oro,
1583 555 1622 585 ut

84 608 143 655 qui
180 610 233 642 est
264 606 557 654 locupletissimus
583 612 820 642 remunerator
854 608 1019 649 omnium,
1052 620 1125 643 eam
1153 615 1233 644 tuae
1258 609 1482 646 Celsitudinis
1506 610 1541 646 in
1567 623 1620 647 me

81 667 298 705 clementiam
333 667 461 704 Divina
486 680 548 702 sua
573 668 684 714 gratia
719 679 862 715 pensare
903 668 1176 704 cumulatissime
1212 669 1385 716 dignetur,
1411 670 1559 718 mihique
1585 671 1618 706 id

83 727 282 770 concedere,
316 734 356 763 ut
387 728 504 776 aliquo
537 728 775 764 observantiae
810 741 904 764 meae
938 729 1050 765 officio
1084 730 1237 766 studium
1279 744 1392 767 meum
1419 745 1500 780 erga
1525 739 1620 769 tuam

83 790 332 826 Celsitudinem
359 793 393 825 et
419 791 611 825 universam
636 790 774 825 domum
800 791 883 831 eius,
908 791 1083 827 declarare
1106 804 1166 838 pro
1187 804 1260 828 mea
1283 793 1452 828 tenuitate
1474 795 1618 840 possim.

83 852 216 899 Accepi
249 863 367 887 carnes
401 852 538 898 aprinas
573 851 653 886 mihi
678 864 699 886 a
725 858 783 886 tua
811 851 1026 887 Celsitudine
1053 853 1184 894 missas,
1220 865 1280 900 pro
1305 854 1430 901 quibus
1456 855 1615 902 ingentes

83 913 214 959 gratias
250 924 324 957 ago,
374 911 441 947 Sed
477 912 583 946 vicem
612 912 761 947 cursoris
795 911 887 947 illius
913 912 1026 953 doleo,
1051 913 1111 960 qui
1134 914 1216 948 dum
1243 914 1326 950 milii
1349 915 1536 962 gratificari
1561 929 1619 952 vo-

85 973 160 1015 luit,
195 976 288 1007 tuam
329 972 578 1007 Celsitudinem
606 973 653 1007 ita
691 973 928 1014 commoverit,
962 973 1054 1020 quod
1087 974 1199 1009 serius
1236 979 1330 1010 tuam
1367 975 1618 1012 Celsitudinem

83 1033 416 1074 commonefecisset,
455 1045 581 1080 oroque
617 1037 710 1067 tuam
746 1032 993 1068 Celsitudinem
1034 1039 1071 1069 ut
1095 1046 1162 1081 qua
1188 1041 1286 1081 parte
1310 1035 1354 1071 ab
1379 1036 1440 1071 illo
1465 1041 1516 1071 est
1541 1049 1618 1084 pec-

82 1100 209 1135 catum,
235 1095 267 1129 id
301 1093 352 1129 illi
387 1097 446 1128 tua
479 1093 662 1128 Celsitudo
687 1093 874 1128 clementer
898 1094 1079 1140 ignoscere
1104 1094 1276 1141 dignetur.
1325 1096 1538 1132 Commendo
1563 1109 1616 1132 me

80 1156 202 1191 iterum
238 1159 341 1202 atque
367 1155 488 1189 iterum
516 1154 661 1200 supplex
687 1155 871 1202 omniaque
898 1155 1077 1190 tenuitatis
1102 1161 1240 1192 nostrae
1266 1156 1378 1192 officia
1404 1161 1482 1193 tuae
1508 1157 1616 1194 Celsi-

80 1216 193 1252 tudini
220 1215 488 1251 illustrissimae.
539 1215 699 1262 Capellae
726 1216 846 1251 ultima
871 1216 1034 1252 Octobris
1061 1218 1089 1260 ⁶²)
1115 1218 1220 1252 Anno
1246 1217 1350 1253 1556.

993 1277 1160 1313 lomnes
1185 1278 1205 1314 a
1230 1278 1367 1319 LAsco,
1395 1290 1441 1314 m.
1470 1290 1520 1325 pr.

121 1387 147 1426 ¹)
171 1385 221 1417 Cf.
245 1385 283 1417 de
305 1386 365 1418 hac
388 1385 524 1428 epistola
546 1394 615 1416 vox
639 1386 800 1423 Ronmm„
825 1385 957 1427 erntqr.
983 1386 1066 1418 Phil.
1090 1387 1135 1419 ΙΙ.
1159 1387 1229 1419 690.
1253 1388 1279 1428 2)
1304 1389 1349 1420 M.
1367 1388 1397 1420 S.
1424 1388 1615 1422 Novembris.

77 1442 220 1474 Rescrib.
244 1452 312 1473 esse
339 1441 479 1473 Octobris
501 1452 550 1483 ep.
576 1441 637 1473 120
659 1441 763 1474 docet.
785 1441 954 1474 Praeterea
977 1453 1019 1475 m.
1042 1442 1126 1475 Nov.
1149 1442 1168 1474 a
1182 1443 1283 1475 Laseo
1306 1443 1535 1482 lle-acislaviae,
1549 1455 1613 1476 non

77 1501 184 1529 autem
207 1497 347 1540 capellae
370 1500 448 1529 erat.
471 1497 520 1530 Cf.
544 1507 594 1539 ep.
619 1497 690 1529 124.

78 1710 141 1746 N⁰.
168 1708 248 1744 122·
1242 1708 1291 1756 [Ex
1308 1711 1377 1745 Ascli.
1392 1712 1464 1747 Elecl.
1485 1712 1605 1758 nassum]

550 1830 610 1866 Ad
641 1830 929 1866 LANTGRAVIUM
956 1830 1137 1868 Hissmss.

118 1953 358 1989 Illustrissimc
385 1952 549 1998 Princeps
580 1955 615 1986 et
642 1951 800 1993 Domine,
828 1952 973 1988 Domine
998 1952 1280 1990 clementissime!
1307 1953 1608 2002 diligentissimam

70 2014 310 2052 observantiae
335 2025 430 2049 meae
454 2013 796 2050 commendationem.
830 2013 977 2049 Perveni
1002 2013 1068 2051 huc
1092 2015 1216 2056 salvus,
1241 2016 1354 2062 gratia
1377 2017 1425 2052 sit
1438 2017 1604 2054 Domino!

71 2080 106 2113 et
140 2075 250 2111 additi
286 2074 368 2110 mihi
402 2086 461 2120 per
498 2080 591 2109 tuam
627 2073 876 2110 celsitudinem
913 2074 1122 2110 deductores
1147 2076 1252 2122 probe
1277 2076 1426 2113 fideliter
1463 2091 1504 2114 ac
1529 2078 1607 2114 dili-

69 2140 189 2184 genter
213 2149 311 2172 suum
337 2135 485 2171 officium
512 2135 677 2176 fecerunt,
711 2145 779 2181 quo
804 2146 886 2170 sane
912 2135 1048 2170 nomine
1075 2135 1144 2171 illis
1170 2148 1234 2183 ego
1260 2137 1351 2183 apud
1377 2145 1471 2174 tuam
1497 2139 1608 2175 Celsi-

68 2198 223 2233 tudinem
255 2196 383 2242 gratias
409 2208 474 2242 ago
509 2196 655 2241 illosque
691 2199 770 2230 tuae
808 2195 1017 2231 Celsitudiui
1042 2197 1193 2232 officiose
1215 2198 1430 2235 commendo.
1484 2200 1607 2236 Caete-

68 2271 156 2300 rum,
181 2257 417 2293 illustrissime
446 2255 632 2301 Princeps!
658 2255 738 2301 quia
763 2259 822 2290 tua
848 2255 1029 2291 Celsitudo
1054 2257 1178 2298 voluit,
1205 2262 1243 2293 ut
1267 2257 1309 2293 ad
1336 2258 1431 2294 illam
1456 2259 1604 2296 subinde

67 2319 263 2358 scriberem,
305 2321 341 2352 et
379 2317 528 2352 incidere
564 2320 689 2362 potest,
724 2320 765 2351 ut
797 2316 912 2363 aliqua
945 2316 1153 2359 scribantur,
1177 2330 1264 2365 quae
1289 2320 1332 2354 ab
1354 2319 1514 2355 omnibus
1539 2321 1606 2367 legi

68 2391 138 2415 non
171 2378 360 2424 expediret,
399 2389 469 2412 non
504 2375 565 2411 abs
599 2387 634 2411 re
671 2377 741 2412 fore
773 2377 905 2423 putavi,
933 2377 962 2412 si
988 2377 1141 2424 privatas
1165 2378 1330 2425 quasdam
1358 2380 1498 2416 notulas
1525 2384 1604 2417 tuae

66 2438 276 2474 Celsitudini
309 2438 491 2477 mitterem,
532 2436 657 2484 quibus
692 2441 771 2472 tuto
797 2437 912 2472 omnia
937 2438 1108 2473 committi
1134 2441 1277 2484 possint.
1327 2438 1396 2475 Eas
1420 2440 1528 2487 igitur
1551 2440 1604 2476 iu-

68 2499 182 2536 clusas
207 2502 290 2533 tuae
317 2496 526 2532 Celsitudini
552 2497 654 2532 mitto
682 2497 719 2539 ¹).
768 2496 912 2531 Habent
936 2505 1054 2532 autem
1080 2497 1230 2540 vocales,
1258 2502 1296 2533 ut
1322 2504 1459 2541 vocant,
1485 2511 1603 2536 omnes

68 2564 253 2609 quaternas
279 2558 433 2599 notulas,
453 2562 492 2593 ut
511 2570 571 2604 pro
592 2557 733 2593 arbitrio
761 2560 885 2594 mutari
910 2570 1044 2603 semper
1068 2559 1215 2605 possint,
1235 2580 1280 2587 —-
1308 2560 1458 2607 reliquae
1485 2561 1603 2597 literae

65 2629 190 2662 ternas,
215 2621 343 2656 habent
368 2632 506 2667 quoque
530 2620 727 2666 duplicatae
751 2632 832 2655 suas
857 2620 996 2656 notulas
1030 2625 1065 2655 et
1091 2621 1281 2666 particulae
1306 2622 1388 2657 item
1404 2623 1603 2659 nonnullae,

63 2696 150 2731 quae
187 2684 387 2730 frequentes
423 2682 458 2717 in
495 2682 588 2717 omni
624 2682 777 2717 oratione
814 2694 888 2717 esse
923 2683 1049 2723 solent,
1085 2686 1120 2716 et
1154 2681 1282 2718 liabent
1320 2684 1454 2730 integra
1496 2685 1600 2720 etiam

64 2746 229 2792 quaedam
255 2745 394 2780 nomina
419 2755 499 2779 suas
533 2749 635 2778 notas
660 2755 786 2791 easque
813 2744 921 2784 binas,
956 2747 993 2779 ut
1018 2755 1133 2779 earum
1162 2744 1307 2780 variatio
1332 2745 1442 2792 ipsam
1466 2757 1601 2793 quoque

65 2806 313 2841 divinationem
351 2806 386 2840 in
423 2803 568 2851 legendo
600 2804 774 2851 impediat,
808 2805 837 2840 si
873 2805 949 2851 quis
987 2804 1126 2839 notulas
1152 2816 1220 2840 non
1247 2806 1355 2842 novit.
1402 2806 1599 2847 Praeterea,

65 2865 301 2901 illustrissime
334 2865 520 2912 Princeps!
551 2864 699 2900 arbitror
735 2865 840 2901 fllium
885 2870 964 2900 tuae
1005 2863 1244 2907 Celsitudinis,
1277 2866 1473 2914 Principem
1511 2867 1598 2903 Wil-

65 2926 228 2969 hehuum,
268 2927 451 2962 missurum
488 2938 563 2962 esse
600 2925 746 2974 aliquem
774 2926 940 2962 nuncium
966 2925 1010 2961 ad
1037 2938 1175 2962 uxorem
1201 2939 1308 2963 meam
1335 2927 1598 2965 Francofortum
