1830 3147
1534 113 1603 153 107

72 233 255 271 subiicere
282 231 444 275 debebit,
470 230 687 282 priusquam
716 228 936 280 baptizetur.
991 227 1144 265 Etenim
1172 226 1217 264 de
1244 226 1459 264 adultorum
1489 225 1607 263 salute

72 298 240 336 Ecclesia
278 310 323 335 ex
359 295 447 333 fidei
482 294 716 346 potissimum
755 292 991 331 confessione
1035 297 1071 329 et
1098 305 1166 329 usu
1196 290 1414 342 disciplinae
1442 289 1607 327 iudicare

73 367 210 415 potest.

125 429 218 465 Cum
253 426 368 476 igitur
403 424 620 475 Baptismus
656 423 693 461 in
734 422 871 461 nostris
901 421 1079 459 Ecclesiis
1107 420 1428 459 administrandus
1456 422 1524 465 est,
1549 419 1607 457 iu-

74 493 136 531 bet
173 491 416 529 Ecclesiastes
453 489 522 527 sul)
560 490 672 527 finem
712 487 916 532 concionis,
951 487 1168 538 priusquam
1203 487 1373 524 Psalmus
1401 487 1513 534 (120)
1543 484 1607 522 de·

74 561 255 600 cantetur,
291 556 455 593 infantes
493 553 742 605 baptizandos
778 553 944 604 proferre
980 551 1019 588 in
1057 551 1172 589 totius
1210 550 1399 588 Ecclesiae
1429 562 1608 601 conspec-
1656 544 1662 555 '

73 627 153 660 tum
189 634 251 672 per
286 618 459 671 publicos
494 618 580 656 illos
610 617 797 655 Ecclesiae
838 620 962 661 testes,
991 615 1056 666 qui
1084 615 1248 653 infantes
1277 613 1522 665 baptizandos
1550 626 1609 651 se·

75 699 160 724 men
196 688 346 723 nostrae
383 683 573 721 Ecclesiae
610 695 699 728 esse,
727 681 897 732 patribus
925 680 1129 717 infantium
1166 679 1417 723 adstantibus,
1442 677 1610 729 profiteri

76 751 226 789 debent.
281 749 431 788 Quibus
469 749 620 786 demum
658 747 832 784 omnihus
868 746 908 783 in
938 749 1140 796 conspectu
1169 744 1360 782 Ecclesiae
1387 743 1440 781 ita
1468 743 1610 781 consti·

75 815 179 861 tutis,
216 814 461 852 Ecclesiastes
497 814 534 851 in
566 813 666 850 hunc
695 811 846 849 modum
874 811 1097 848 adhortatur
1124 809 1330 847 Ecclesiam
1374 810 1420 847 ad
1450 808 1610 857 diligen-

75 886 149 920 tem
177 879 438 931 mysteriorum
466 879 506 916 in
533 878 726 930 Baptismo
756 883 885 915 nostro
916 876 1277 914 considerationem:

128 1012 415 1052 Admonitio
445 1012 571 1050 circa
598 1010 842 1062 Baptismi
870 1007 1380 1047 administrationem.

130 1160 149 1178 n
161 1143 408 1194 Posteaquam
438 1141 547 1179 nobis
574 1141 793 1192 Baptismus
821 1140 894 1178 iam
922 1139 1244 1178 administrandus
1272 1143 1340 1184 est,
1369 1138 1439 1176 viri
1462 1139 1613 1176 fratres!

78 1208 201 1247 danda
237 1213 291 1245 est
329 1206 437 1244 nobis
476 1219 598 1257 opera,
634 1210 674 1243 ut
702 1205 807 1242 illum
835 1205 940 1242 iuxta
970 1204 1110 1242 Christi
1148 1203 1301 1241 Domini
1337 1203 1614 1241 institutionem

76 1279 112 1311 et
150 1272 419 1323 Apostolorum
456 1270 754 1308 observationem
793 1269 1110 1315 administremus,
1138 1282 1183 1306 ne
1209 1282 1274 1319 per
1303 1272 1472 1306 nostrum
1502 1267 1616 1305 mini-

76 1337 229 1376 sterium
258 1339 495 1374 sacrosancta
524 1335 613 1372 haec
642 1335 783 1373 Christi
811 1334 1000 1372 institutio
1027 1334 1258 1385 profanetur,
1285 1333 1500 1384 praesertim
1531 1346 1613 1370 cum

79 1407 218 1441 certum
255 1402 315 1448 sit,
352 1402 473 1439 Deum
510 1401 665 1438 multam
702 1414 778 1438 non
807 1401 928 1438 sinere
954 1399 1241 1437 institutionum
1264 1399 1303 1436 in
1326 1399 1502 1453 *Ecclesia
1530 1411 1615 1436 sua-

78 1481 160 1506 rum
186 1467 499 1519 profanationem.
528 1466 583 1504 Ut
612 1470 734 1504 autem
762 1465 996 1517 Baptismum
1026 1465 1126 1502 hunc
1153 1464 1258 1503 iuxta
1287 1464 1433 1503 Christi
1461 1463 1616 1502 Domini

78 1532 354 1571 institutionem
383 1545 421 1569 re
450 1545 534 1569 vera
563 1531 880 1575 administremus,
898 1544 1004 1568 mens
1022 1530 1103 1581 ipsa
1122 1543 1166 1568 ac
1184 1530 1359 1567 voluntas
1377 1529 1489 1575 illius,
1505 1530 1616 1577 (121)

80 1597 194 1635 verbo
231 1610 297 1635 suo
326 1597 525 1647 patefacta,
551 1595 730 1633 intuenda
761 1595 870 1633 nobis
897 1595 1138 1646 potisismum
1178 1597 1291 1645 atque
1319 1594 1430 1631 etiam
1459 1606 1616 1644 sequen-

82 1662 128 1699 da
155 1661 239 1706 erit,
264 1674 396 1712 nempe
423 1666 465 1699 ut
490 1661 542 1698 ita
570 1660 807 1711 Baptismum
836 1660 935 1698 hunc
963 1659 1280 1704 administremus,
1302 1659 1616 1710 quemadmodum

81 1726 188 1764 illum
217 1726 265 1763 ab
294 1726 375 1777 ipso
403 1726 626 1777 imperatum
656 1725 848 1763 habemus.
1607 1765 1616 1775 ⁶

131 1791 216 1828 Duo
246 1803 331 1828 vero
360 1790 470 1828 nobis
498 1790 679 1842 praecipit
701 1790 873 1828 Christus
895 1789 1080 1827 Dominus
1100 1789 1139 1827 in
1158 1789 1347 1840 Baptismi
1366 1789 1617 1828 institutione.

80 1857 258 1903 Primum,
296 1860 338 1894 ut
379 1869 474 1906 aqua
505 1856 734 1906 baptizemus
762 1868 837 1899 eos,
864 1868 959 1906 quos
987 1855 1034 1892 ad
1062 1854 1140 1893 eius
1169 1854 1376 1892 Ecclesiam
1406 1858 1507 1893 certo
1535 1868 1620 1906 per-

79 1922 200 1960 tinere
237 1921 388 1960 scimus.
442 1920 599 1967 Deinde,
635 1925 676 1959 ut
715 1933 789 1958 non
828 1921 961 1972 quovis
998 1920 1110 1958 modo
1146 1919 1199 1965 id,
1226 1920 1289 1958 sed
1318 1920 1356 1958 in
1385 1934 1522 1959 nomen
1551 1921 1621 1960 Dei

80 1986 216 2033 Patris,
251 1986 341 2024 Filii
378 1989 413 2024 et
451 1985 610 2037 Spiritus
652 1985 772 2023 sancti
812 1985 993 2022 faciamus
1024 1986 1067 2032 ¹).
1121 1985 1168 2022 In
1197 1984 1299 2022 hisce
1327 1985 1474 2023 duobus
1500 1984 1618 2035 igitur

80 2051 324 2089 observandis
361 2050 548 2102 sequenda
583 2049 692 2087 nobis
728 2050 798 2087 crit
834 2062 939 2087 mens
986 2062 1030 2086 ac
1075 2049 1248 2087 voluntas
1286 2049 1426 2087 Christi
1460 2048 1616 2087 Domini

83 2117 181 2154 circa
210 2116 318 2154 huius
346 2115 532 2166 Baptismi
560 2115 681 2153 nostri
718 2114 1095 2161 administrationem,
1132 2127 1177 2152 ne
1205 2127 1280 2165 quo
1308 2114 1420 2153 modo
1448 2114 1615 2153 divinam

82 2181 359 2221 institutionem
389 2181 643 2231 profanemus.

133 2248 281 2299 Aquam
307 2244 423 2295 igitur
449 2244 524 2282 iam
553 2248 718 2295 paratam
746 2243 895 2288 videtis,
921 2247 963 2282 ut
991 2243 1154 2282 infantes
1182 2243 1275 2282 istos
1302 2248 1479 2295 tanquam
1498 2257 1617 2282 mem-

83 2312 150 2350 bra
177 2315 327 2349 nostrae
355 2309 545 2347 Ecclesiae
572 2315 608 2346 et
637 2308 775 2346 Christi
812 2308 928 2359 ipsius
964 2308 1070 2346 iuxta
1097 2309 1175 2346 eius
1205 2308 1422 2346 mandatum
1452 2309 1618 2360 baptize-

82 2389 178 2415 mus.
235 2376 409 2426 Superest
447 2387 534 2423 ergo
572 2373 643 2410 hoc
679 2378 839 2416 tantum,
875 2377 916 2410 ut
951 2386 1014 2410 eos
1051 2386 1126 2410 non
1164 2373 1297 2424 quovis
1333 2373 1459 2418 modo,
1486 2373 1617 2412 sedin

83 2454 221 2479 nomen
248 2440 318 2478 Dei
346 2440 468 2478 Patris
495 2443 530 2476 et
557 2438 646 2476 Filii
674 2443 711 2476 et
746 2438 907 2489 Spiritus
935 2438 1055 2476 sancti
1092 2451 1175 2476 vere
1201 2442 1238 2477 et
1264 2438 1424 2477 fideliter
1451 2439 1617 2492 baptize-

82 2519 177 2551 mus,
205 2505 278 2557 boc
311 2509 378 2551 est,
418 2508 461 2542 ut
505 2504 698 2555 Baptismo
742 2503 814 2540 hoc
859 2503 1102 2541 testificemur
1136 2506 1173 2541 et
1209 2502 1453 2549 declaremus,
1497 2508 1617 2542 totam

85 2569 225 2608 Christi
261 2569 466 2607 Ecclesiam
496 2581 577 2606 cum
607 2568 784 2605 omnibus
811 2568 989 2605 membris
1017 2567 1133 2618 ipsius
1160 2567 1344 2618 pertinere
1369 2568 1617 2619 proculdubio

81 2633 129 2672 ad
159 2633 278 2671 Deum
307 2633 466 2680 Patrem,
495 2632 634 2670 Filium
663 2636 699 2670 ct
728 2632 1041 2684 spi-(122)1·itu,m
1071 2637 1253 2677 sanctum,
1280 2632 1496 2670 mundatam
1516 2632 1618 2671 vide-

83 2699 170 2738 licet
208 2699 311 2737 omni
347 2712 390 2737 ex
418 2704 521 2750 parte
550 2697 731 2747 sanguine
760 2698 898 2736 Christi
928 2697 1094 2742 Domini,
1120 2702 1163 2734 ut
1189 2697 1229 2735 in
1257 2711 1298 2735 ea
1325 2702 1404 2735 tota
1430 2711 1505 2735 una
1534 2711 1618 2735 cum

83 2762 258 2801 membris
296 2762 373 2800 cius
410 2762 586 2801 omnibus
622 2762 727 2800 nullo
761 2763 917 2800 omnino
944 2762 1089 2800 macula
1117 2766 1181 2800 aut
1226 2775 1318 2812 ruga
1346 2774 1471 2801 coram
1499 2763 1619 2801 oculis

1174 2815 1195 2829 η

128 2890 152 2929 ¹)
177 2889 193 2920 1
218 2888 291 2921 Cor.
315 2888 364 2920 12.
408 2887 490 2930 Eph.
514 2888 542 2920 5.
586 2887 703 2920 Matth.
727 2887 776 2920 28.
820 2888 902 2920 Mar.
927 2887 976 2919 13.
