1830 3147
192 116 239 150 24

193 225 456 277 potuissemus
511 226 568 262 Ac
605 225 649 262 de
684 238 770 274 rege
807 225 957 276 quidem
984 225 1051 263 illo
1081 225 1178 263 nihil
1204 238 1306 262 nunc
1333 225 1468 263 attinet
1494 224 1630 272 dicere,
1656 225 1730 263 nisi

196 290 297 343 quod
325 290 506 342 optimum
533 289 747 341 Principem
775 289 821 328 ab
847 289 1184 342 impudentissimis
1210 289 1461 342 Sycophantis
1479 302 1732 342 praeoccupa-

195 360 275 394 tum
303 368 382 393 esse
409 354 591 393 dolemus.
636 353 738 392 Illud
767 367 855 392 sane
881 354 1008 392 notius
1035 359 1104 399 est,
1131 367 1242 406 quam
1271 359 1312 392 ut
1339 353 1468 404 negari
1495 367 1515 392 a
1544 367 1732 405 quoquam

194 421 326 472 possit,
369 433 439 458 nos
475 424 698 471 nostrosque
741 433 881 465 omnes,
923 432 1001 458 non
1036 424 1113 458 tam
1150 418 1322 471 equidem
1359 422 1489 458 nostra
1529 420 1736 465 voluntate,

196 498 306 535 quam
341 484 447 522 iussu
481 484 599 533 Regio
636 483 762 536 potius
790 484 837 522 ad
875 484 1097 530 Saxonicas,
1122 488 1165 522 ut
1191 497 1292 522 nunc
1319 487 1514 530 vocantur,
1541 483 1733 522 Ecclesias

198 548 340 586 delatos
376 561 469 593 esse,
505 547 643 586 nedum
679 551 721 586 ut
756 548 841 586 illas
867 561 1035 599 unquam
1061 548 1103 586 in
1129 550 1260 586 nostro
1288 560 1333 585 ex
1359 547 1501 597 Anglia
1528 547 1635 586 abitu
1657 559 1729 593 ¹vo-

194 613 373 652 luerimus
399 613 630 664 perturbare.
658 613 741 663 Ego
770 616 867 651 certe
894 616 975 651 toto
1002 625 1085 650 meo
1113 625 1159 650 ex
1186 612 1309 650 Dania
1335 612 1377 650 in
1403 612 1565 651 Frisiam
1588 612 1737 659 itinere,

198 682 381 731 quantum
408 678 526 730 potui,
559 677 687 723 vitavi,
720 691 767 716 ne
806 678 969 715 ullarum
1002 677 1156 715 omnino
1193 676 1385 716 turbarum
1424 691 1579 729 usquam
1612 681 1736 724 autor,

195 759 274 784 non
303 758 420 782 essem
447 743 574 788 modo,
601 744 664 781 sed
686 757 731 781 ne
749 743 866 781 videri
887 742 1037 794 quidem
1056 743 1135 781 ullo
1154 742 1266 780 modo
1285 755 1447 793 possem,
1465 755 1584 793 neque
1603 755 1733 794 quem-

195 812 235 858 (δ
269 809 331 857 4¹³)
367 821 477 860 quam
510 811 590 846 toto
626 807 692 845 illo
726 807 859 846 itinere
885 820 967 845 meo
1005 806 1281 845 controversiae
1306 806 1420 844 ullius
1447 807 1600 845 nomine
1628 819 1731 845 com-

193 874 342 925 pellavi,
374 877 634 925 praeterquam
670 873 839 917 Bremae,
875 875 1118 924 posteaquam
1155 872 1290 909 Pastor
1316 871 1395 909 illic
1421 871 1642 919 Primarius,
1668 871 1733 923 qui

196 953 340 977 mecum
377 938 468 977 alias
505 940 566 986 (ut
601 941 710 975 antea
748 937 888 975 dictum
917 938 990 985 est)
1020 949 1155 974 coenae
1181 935 1403 974 Dominicae
1428 935 1732 987 participaverat,

195 1004 241 1040 ad
277 1016 336 1041 me
370 1016 437 1054 pro
475 1007 598 1040 vetere
633 1006 761 1040 nostra
798 1001 963 1039 amicitia
991 1001 1153 1039 venisset
1180 1015 1382 1053 mensaque
1408 1006 1537 1040 nostra
1566 1002 1732 1040 familia-

193 1068 284 1106 riter
320 1081 393 1105 una
428 1080 512 1104 cum
548 1080 620 1104 uno
658 1080 677 1104 e
705 1066 866 1105 civitatis
902 1066 1004 1104 illius
1033 1066 1251 1104 consulibus
1279 1065 1436 1105 adesset.
1492 1066 1562 1104 Sed
1590 1066 1643 1104 ita
1671 1066 1731 1104 in-

196 1132 304 1170 terim
342 1131 547 1182 colloquuti
581 1131 680 1169 inter
716 1144 785 1168 nos
823 1144 963 1173 sumus.
990 1134 1029 1168 ut
1056 1143 1185 1168 omnes
1213 1135 1380 1168 amanter
1408 1130 1455 1168 ab
1483 1131 1643 1169 invicem
1675 1131 1732 1168 di-

194 1196 433 1246 grederemur
471 1195 549 1233 sine
583 1196 660 1233 ulla
697 1195 850 1233 omnino
888 1195 1084 1246 utriusque
1111 1201 1282 1233 nostrum
1310 1194 1512 1233 offensione
1551 1199 1733 1233 veterem-

195 1274 267 1312 que
303 1260 395 1298 adeo
425 1264 592 1298 nostram
620 1260 719 1298 inter
746 1273 815 1297 nos
857 1259 1062 1297 amicitiam
1089 1259 1197 1298 novis
1225 1259 1384 1297 invicem
1412 1259 1732 1310 gratulationibus

193 1339 236 1363 ac
263 1326 404 1363 mutuis
433 1325 811 1376 comprecationibus,
838 1338 914 1363 non
943 1326 1023 1363 sine
1050 1325 1268 1376 lachrymis,
1296 1326 1495 1363 contestati
1513 1326 1642 1365 simus.
1671 1326 1732 1364 Ita

195 1389 365 1427 videlicet
401 1390 617 1440 perturbare
654 1390 780 1427 conati
807 1403 936 1428 sumus
965 1390 1171 1428 Saxonicas
1200 1390 1403 1436 Ecelesias,
1430 1389 1505 1427 nisi
1531 1390 1632 1443 quod
1660 1404 1730 1428 no-

196 1469 262 1494 vus
300 1455 392 1493 Cato
429 1456 512 1499 iste,
547 1459 790 1506 posteaquam
829 1455 941 1493 semel
975 1454 1115 1506 pudere
1143 1455 1264 1500 desiit,
1302 1468 1451 1493 omnem
1479 1455 1552 1492 sibi
1581 1455 1730 1506 quidvis

198 1519 403 1558 mentiendi
429 1533 473 1557 ac
511 1520 764 1558 calumniandi
800 1520 991 1558 licentiam
1027 1520 1223 1571 permittit,
1259 1524 1295 1558 et
1329 1520 1360 1558 si
1396 1519 1479 1571 quis
1517 1520 1724 1558 calumnias

197 1586 297 1623 illius
334 1585 465 1636 suique
502 1585 679 1623 similium
716 1585 819 1636 pacis
864 1585 988 1623 studio
1025 1585 1198 1629 declinet,
1233 1585 1448 1623 delitescere
1484 1585 1592 1623 illum
1629 1586 1724 1624 velle

196 1652 326 1699 fingat.
362 1650 426 1701 qui
460 1662 544 1687 vero
582 1649 811 1701 colloquium
847 1653 1008 1701 expetat,
1044 1650 1238 1688 turbarum
1275 1650 1447 1701 protinus
1475 1654 1642 1688 accuset:
1669 1651 1729 1688 in-

198 1715 304 1752 terim
341 1718 464 1752 tamen
493 1714 679 1752 mendacii
708 1727 836 1752 omnes
863 1728 952 1766 prae
979 1728 1017 1752 se
1045 1715 1197 1766 suisque
1223 1715 1428 1761 insimulet,
1456 1727 1499 1753 ex
1528 1728 1607 1753 sese
1634 1715 1730 1753 alio-

199 1779 264 1830 qui
299 1791 428 1816 omnes
464 1778 634 1824 metiens,
670 1779 985 1829 quemadmodum
1021 1783 1171 1830 potores
1208 1779 1399 1817 ebrietatis
1454 1792 1582 1816 omnes
1617 1792 1732 1830 quos-

199 1856 343 1893 cunque
378 1843 552 1887 viderint,
577 1856 664 1894 prae
701 1857 751 1888 se,
779 1848 970 1889 accusant,
999 1857 1156 1895 cumque
1183 1844 1389 1882 mendaciis
1418 1844 1574 1894 ipsemet
1602 1846 1641 1893 (Σ
1670 1846 1729 1893 5²2)

198 1920 240 1944 ac
277 1907 472 1945 calumniis
508 1911 610 1945 totus
646 1908 793 1946 madeat
829 1907 977 1959 sibique
1012 1908 1051 1945 in
1089 1908 1161 1945 hoc
1199 1908 1292 1946 mire
1318 1908 1474 1959 placeat,
1500 1908 1547 1946 ad
1574 1908 1731 1947 eundem

199 1986 347 2023 quoque
380 1972 532 2010 modum
568 1973 660 2010 alios
696 1986 824 2011 omnes
860 1973 1011 2011 affectos
1048 1986 1127 2010 esse
1160 1976 1280 2024 putat.
1336 1973 1575 2011 Tantundem
1609 1978 1730 2012 autem

202 2037 338 2075 frontis
366 2036 478 2074 babet
505 2037 544 2075 in
571 2038 821 2088 praetexenda
848 2038 1176 2088 blasphemiarum,
1204 2051 1295 2089 quas
1323 2038 1363 2076 in
1392 2052 1449 2077 me
1476 2043 1641 2086 accusat,
1668 2053 1730 2078 ca-

202 2101 355 2147 lumnia,
387 2101 621 2152 primumque
655 2103 823 2147 affirmat,
859 2116 928 2140 nos
964 2115 1010 2140 ex
1045 2102 1250 2140 mendaciis
1280 2107 1548 2154 corruptaeque
1574 2104 1732 2142 rationis

202 2170 350 2204 nostrae
387 2167 551 2204 vanitate
587 2171 624 2204 et
659 2168 748 2205 mali
777 2168 901 2205 cordis
928 2167 1184 2219 promptuario
1213 2167 1428 2219 depromere
1455 2182 1509 2212 ea,
1536 2182 1629 2219 quae
1655 2169 1735 2220 ipse

203 2231 429 2268 execrandas
473 2230 724 2282 blasphemias
769 2245 848 2269 esse
897 2232 1136 2270 vociferatur.
1191 2231 1337 2270 Deinde
1370 2246 1457 2270 vero
1498 2246 1622 2270 secum
1656 2233 1736 2284 ipse

206 2309 292 2333 mox
328 2309 500 2347 pugnans
527 2297 672 2334 araneis
707 2309 777 2334 nos
813 2297 951 2335 similes
989 2297 1091 2342 facit,
1119 2297 1184 2348 qui
1212 2310 1256 2335 ex
1284 2298 1435 2348 optimis
1463 2297 1636 2335 videlicet
1662 2297 1731 2334 fio-

207 2361 310 2398 ribus
346 2360 506 2411 pessima
542 2373 682 2398 venena
721 2360 954 2410 colligamus.
1010 2361 1086 2398 Hic
1130 2374 1288 2412 namque
1323 2365 1387 2399 aut
1422 2361 1616 2399 mendacia
1653 2374 1734 2398 cor-

209 2428 410 2475 ruptaeque
454 2424 609 2462 rationis
646 2429 795 2462 nostrae
840 2425 1041 2462 vanitatem
1079 2428 1115 2463 et
1159 2426 1296 2463 malum
1343 2438 1406 2462 eor
1441 2425 1538 2462 inter
1572 2425 1734 2476 optimos

207 2489 316 2526 fiores
351 2493 533 2533 numerat,
567 2492 608 2526 ut
646 2502 684 2526 se
719 2502 796 2526 non
832 2492 970 2526 temere
1005 2489 1078 2526 sibi
1112 2489 1151 2526 in
1179 2489 1265 2527 ullis
1293 2489 1437 2540 placere
1464 2489 1647 2534 ostendat,
1675 2494 1737 2527 aut

210 2565 314 2589 suam
340 2551 419 2602 ipse
445 2551 714 2601 impudentiam
742 2552 881 2603 prodit,
909 2552 997 2590 dum
1025 2565 1094 2590 nos
1123 2554 1267 2592 araneis
1296 2553 1434 2591 similes
1454 2553 1558 2591 facit.
1597 2553 1732 2592 Quod-

210 2617 241 2655 si
268 2615 494 2667 optimorum
522 2616 655 2653 florum
683 2616 835 2654 nomine
862 2629 968 2654 suam
996 2616 1169 2666 designat
1196 2616 1485 2673 delitescentiam
1525 2623 1560 2654 et
1580 2617 1737 2668 proinde

207 2680 435 2731 corporalem
469 2692 616 2730 quoque
653 2693 716 2717 ore
753 2680 892 2717 carnali
929 2680 1096 2730 corporis
1136 2681 1277 2719 Christi
1313 2681 1654 2728 manducationem,
1695 2681 1734 2718 id

210 2745 358 2796 quidem
387 2744 478 2781 facit
506 2756 571 2780 suo
599 2756 713 2789 more,
741 2748 782 2781 ut
809 2748 1047 2782 controversa
1075 2758 1142 2795 pro
1172 2745 1358 2783 concessis
1386 2750 1517 2784 sumat.
1566 2746 1640 2783 Sed
1668 2759 1737 2784 nos

211 2810 322 2846 hosce
355 2808 472 2859 ipsius
508 2807 618 2845 flores
655 2820 675 2845 a
704 2808 888 2846 fructibus
915 2808 1094 2859 ipsorum,
1122 2822 1216 2860 quos
1245 2809 1354 2847 nobis
1381 2809 1615 2860 protulerunt
1643 2823 1733 2861 pro-

207 2874 374 2924 ferreque
408 2871 530 2910 adhuc
566 2885 643 2910 non
679 2879 839 2918 cessant,
866 2872 1115 2917 aestimamus,
1143 2886 1274 2924 nempe
1299 2872 1513 2911 idololatria
1540 2878 1577 2911 et
1604 2878 1733 2924 tyran·-
