<?xml version="1.0" encoding="UTF-8"?>
<!DOCTYPE html PUBLIC "-//W3C//DTD XHTML 1.0 Transitional//EN"
    "http://www.w3.org/TR/xhtml1/DTD/xhtml1-transitional.dtd">
<html xmlns="http://www.w3.org/1999/xhtml" xml:lang="en" lang="en">
 <head>
  <title>
</title>
<meta http-equiv="Content-Type" content="text/html;charset=utf-8" />
  <meta name='ocr-system' content='tesseract 3.04.00' />
  <meta name='ocr-capabilities' content='ocr_page ocr_carea ocr_par ocr_line ocrx_word'/>
</head>
<body>
  <div class='ocr_page' id='page_1' title='image "./operatameditaqua02lask_0103.png"; bbox 0 0 1830 3147; ppageno 0'>
   <div class='ocr_carea' id='block_1_1' title="bbox 1604 113 1650 150">
    <p class='ocr_par' dir='ltr' id='par_1_1' title="bbox 1604 113 1650 150">
     <span class='ocr_line' id='line_1_1' title="bbox 1604 113 1650 150; baseline -0.022 0"><span class='ocrx_word' id='word_1_1' title='bbox 1604 113 1650 150; x_wconf 90' lang='lat'>85</span> 
     </span>
    </p>
   </div>
   <div class='ocr_carea' id='block_1_2' title="bbox 160 230 604 338">
    <p class='ocr_par' dir='ltr' id='par_1_2' title="bbox 160 230 604 338">
     <span class='ocr_line' id='line_1_2' title="bbox 164 230 505 271; baseline -0.003 0"><span class='ocrx_word' id='word_1_2' title='bbox 164 235 200 271; x_wconf 89' lang='grc'>6.</span> <span class='ocrx_word' id='word_1_3' title='bbox 255 231 314 270; x_wconf 92' lang='lat' dir='ltr'>Ne</span> <span class='ocrx_word' id='word_1_4' title='bbox 342 230 505 270; x_wconf 85' lang='lat' dir='ltr'>occidas.</span> 
     </span>
     <span class='ocr_line' id='line_1_3' title="bbox 160 294 604 338; baseline -0.011 -1"><span class='ocrx_word' id='word_1_5' title='bbox 160 299 194 338; x_wconf 83' lang='lat'>7.</span> <span class='ocrx_word' id='word_1_6' title='bbox 249 297 308 335; x_wconf 91' lang='lat' dir='ltr'>Ne</span> <span class='ocrx_word' id='word_1_7' title='bbox 336 295 386 334; x_wconf 90' lang='lat' dir='ltr'>sis</span> <span class='ocrx_word' id='word_1_8' title='bbox 413 294 604 333; x_wconf 89' lang='lat' dir='ltr'>moechus.</span> 
     </span>
    </p>
   </div>
   <div class='ocr_carea' id='block_1_3' title="bbox 109 361 1641 669">
    <p class='ocr_par' dir='ltr' id='par_1_3' title="bbox 160 361 602 410">
     <span class='ocr_line' id='line_1_4' title="bbox 160 361 602 410; baseline -0.009 -8"><span class='ocrx_word' id='word_1_9' title='bbox 160 365 197 402; x_wconf 91' lang='lat'>8.</span> <span class='ocrx_word' id='word_1_10' title='bbox 252 362 311 400; x_wconf 90' lang='lat' dir='ltr'>Ne</span> <span class='ocrx_word' id='word_1_11' title='bbox 337 361 486 399; x_wconf 85' lang='lat' dir='ltr'>fureris.</span> <span class='ocrx_word' id='word_1_12' title='bbox 515 362 602 410; x_wconf 88' lang='grc'>(66)</span> 
     </span>
    </p>

    <p class='ocr_par' dir='ltr' id='par_1_4' title="bbox 155 422 1210 473">
     <span class='ocr_line' id='line_1_5' title="bbox 155 422 1210 473; baseline -0.007 -7"><span class='ocrx_word' id='word_1_13' title='bbox 155 430 191 466; x_wconf 88' lang='grc'>9.</span> <span class='ocrx_word' id='word_1_14' title='bbox 246 427 306 465; x_wconf 92' lang='lat' dir='ltr'>Ne</span> <span class='ocrx_word' id='word_1_15' title='bbox 331 424 541 464; x_wconf 79' lang='lat' dir='ltr'>testificeris</span> <span class='ocrx_word' id='word_1_16' title='bbox 569 424 665 462; x_wconf 85' lang='lat' dir='ltr'>falso</span> <span class='ocrx_word' id='word_1_17' title='bbox 694 428 825 461; x_wconf 89' lang='lat' dir='ltr'>contra</span> <span class='ocrx_word' id='word_1_18' title='bbox 852 422 1062 473; x_wconf 88' lang='lat' dir='ltr'>proximum</span> <span class='ocrx_word' id='word_1_19' title='bbox 1093 427 1210 460; x_wconf 89' lang='lat' dir='ltr'>tuum.</span> 
     </span>
    </p>

    <p class='ocr_par' dir='ltr' id='par_1_5' title="bbox 109 486 1641 669">
     <span class='ocr_line' id='line_1_6' title="bbox 134 486 1641 542; baseline -0.005 -12"><span class='ocrx_word' id='word_1_20' title='bbox 134 494 194 531; x_wconf 82' lang='lat'>10.</span> <span class='ocrx_word' id='word_1_21' title='bbox 247 491 307 530; x_wconf 92' lang='lat' dir='ltr'>Ne</span> <span class='ocrx_word' id='word_1_22' title='bbox 334 490 579 542; x_wconf 83' lang='lat' dir='ltr'>concupiscas</span> <span class='ocrx_word' id='word_1_23' title='bbox 607 490 761 527; x_wconf 88' lang='lat' dir='ltr'>domum</span> <span class='ocrx_word' id='word_1_24' title='bbox 786 487 949 539; x_wconf 85' lang='lat' dir='ltr'>proximi</span> <span class='ocrx_word' id='word_1_25' title='bbox 976 487 1042 526; x_wconf 91' lang='lat' dir='ltr'>tui.</span> <span class='ocrx_word' id='word_1_26' title='bbox 1097 487 1157 525; x_wconf 91' lang='lat' dir='ltr'>Ne</span> <span class='ocrx_word' id='word_1_27' title='bbox 1186 487 1440 538; x_wconf 82' lang='lat' dir='ltr'>concupiscas,</span> <span class='ocrx_word' id='word_1_28' title='bbox 1474 486 1641 537; x_wconf 88' lang='lat' dir='ltr'>inquam,</span> 
     </span>
     <span class='ocr_line' id='line_1_7' title="bbox 111 550 1641 607; baseline -0.005 -13"><span class='ocrx_word' id='word_1_29' title='bbox 111 569 267 594; x_wconf 91' lang='lat' dir='ltr'>uxorem</span> <span class='ocrx_word' id='word_1_30' title='bbox 293 555 457 607; x_wconf 85' lang='lat' dir='ltr'>proximi</span> <span class='ocrx_word' id='word_1_31' title='bbox 491 554 558 601; x_wconf 91' lang='lat' dir='ltr'>tui,</span> <span class='ocrx_word' id='word_1_32' title='bbox 594 560 657 592; x_wconf 89' lang='lat' dir='ltr'>aut</span> <span class='ocrx_word' id='word_1_33' title='bbox 693 566 841 592; x_wconf 89' lang='lat' dir='ltr'>servum</span> <span class='ocrx_word' id='word_1_34' title='bbox 876 553 967 598; x_wconf 89' lang='lat' dir='ltr'>eius,</span> <span class='ocrx_word' id='word_1_35' title='bbox 1002 556 1067 590; x_wconf 90' lang='lat' dir='ltr'>aut</span> <span class='ocrx_word' id='word_1_36' title='bbox 1094 551 1269 589; x_wconf 82' lang='lat' dir='ltr'>ancillam</span> <span class='ocrx_word' id='word_1_37' title='bbox 1297 551 1390 594; x_wconf 86' lang='lat' dir='ltr'>eius,</span> <span class='ocrx_word' id='word_1_38' title='bbox 1415 554 1480 588; x_wconf 86' lang='lat' dir='ltr'>aut</span> <span class='ocrx_word' id='word_1_39' title='bbox 1508 550 1641 588; x_wconf 89' lang='lat' dir='ltr'>bovem</span> 
     </span>
     <span class='ocr_line' id='line_1_8' title="bbox 109 615 1616 669; baseline -0.003 -9"><span class='ocrx_word' id='word_1_40' title='bbox 109 621 200 666; x_wconf 88' lang='lat' dir='ltr'>eius,</span> <span class='ocrx_word' id='word_1_41' title='bbox 226 625 290 659; x_wconf 90' lang='lat' dir='ltr'>aut</span> <span class='ocrx_word' id='word_1_42' title='bbox 317 620 464 658; x_wconf 89' lang='lat' dir='ltr'>asinum</span> <span class='ocrx_word' id='word_1_43' title='bbox 495 620 586 665; x_wconf 93' lang='lat' dir='ltr'>eius,</span> <span class='ocrx_word' id='word_1_44' title='bbox 614 618 773 669; x_wconf 85' lang='lat' dir='ltr'>denique</span> <span class='ocrx_word' id='word_1_45' title='bbox 800 618 896 656; x_wconf 90' lang='lat' dir='ltr'>nihil</span> <span class='ocrx_word' id='word_1_46' title='bbox 923 617 1092 663; x_wconf 86' lang='lat' dir='ltr'>omnino,</span> <span class='ocrx_word' id='word_1_47' title='bbox 1119 617 1222 668; x_wconf 90' lang='lat' dir='ltr'>quod</span> <span class='ocrx_word' id='word_1_48' title='bbox 1249 620 1304 654; x_wconf 90' lang='lat' dir='ltr'>est</span> <span class='ocrx_word' id='word_1_49' title='bbox 1331 615 1493 668; x_wconf 82' lang='lat' dir='ltr'>proximi</span> <span class='ocrx_word' id='word_1_50' title='bbox 1519 615 1616 655; x_wconf 89' lang='lat' dir='ltr'>tui.”</span> 
     </span>
    </p>
   </div>
   <div class='ocr_carea' id='block_1_4' title="bbox 99 744 1642 924">
    <p class='ocr_par' dir='ltr' id='par_1_6' title="bbox 99 744 1642 924">
     <span class='ocr_line' id='line_1_9' title="bbox 151 744 1639 796; baseline -0.003 -10"><span class='ocrx_word' id='word_1_51' title='bbox 151 748 242 786; x_wconf 90' lang='lat' dir='ltr'>Post</span> <span class='ocrx_word' id='word_1_52' title='bbox 269 747 407 786; x_wconf 90' lang='lat' dir='ltr'>lectum</span> <span class='ocrx_word' id='word_1_53' title='bbox 436 747 659 796; x_wconf 86' lang='lat' dir='ltr'>dacalogum</span> <span class='ocrx_word' id='word_1_54' title='bbox 697 746 811 784; x_wconf 89' lang='lat' dir='ltr'>sumit</span> <span class='ocrx_word' id='word_1_55' title='bbox 839 745 927 783; x_wconf 89' lang='lat' dir='ltr'>inde</span> <span class='ocrx_word' id='word_1_56' title='bbox 967 744 1141 783; x_wconf 77' lang='lat' dir='ltr'>Minister</span> <span class='ocrx_word' id='word_1_57' title='bbox 1169 745 1384 782; x_wconf 76' lang='lat' dir='ltr'>occasiones</span> <span class='ocrx_word' id='word_1_58' title='bbox 1413 744 1639 782; x_wconf 87' lang='lat' dir='ltr'>admonendi</span> 
     </span>
     <span class='ocr_line' id='line_1_10' title="bbox 99 809 1642 863; baseline -0.003 -13"><span class='ocrx_word' id='word_1_59' title='bbox 99 811 309 850; x_wconf 79' lang='lat' dir='ltr'>Ecclesiam</span> <span class='ocrx_word' id='word_1_60' title='bbox 346 812 391 849; x_wconf 87' lang='lat' dir='ltr'>de</span> <span class='ocrx_word' id='word_1_61' title='bbox 427 811 589 863; x_wconf 86' lang='lat' dir='ltr'>peccatis</span> <span class='ocrx_word' id='word_1_62' title='bbox 624 810 755 862; x_wconf 89' lang='lat' dir='ltr'>ipsius,</span> <span class='ocrx_word' id='word_1_63' title='bbox 791 823 944 861; x_wconf 89' lang='lat' dir='ltr'>eamque</span> <span class='ocrx_word' id='word_1_64' title='bbox 981 809 1028 847; x_wconf 91' lang='lat' dir='ltr'>ad</span> <span class='ocrx_word' id='word_1_65' title='bbox 1063 809 1215 847; x_wconf 87' lang='lat' dir='ltr'>illorum</span> <span class='ocrx_word' id='word_1_66' title='bbox 1250 809 1482 859; x_wconf 76' lang='lat' dir='ltr'>agnitionem</span> <span class='ocrx_word' id='word_1_67' title='bbox 1522 814 1557 846; x_wconf 89' lang='lat' dir='ltr'>et</span> <span class='ocrx_word' id='word_1_68' title='bbox 1586 809 1642 846; x_wconf 87' lang='lat' dir='ltr'>sui</span> 
     </span>
     <span class='ocr_line' id='line_1_11' title="bbox 101 872 1641 924; baseline -0.001 -11"><span class='ocrx_word' id='word_1_69' title='bbox 101 875 173 914; x_wconf 91' lang='lat' dir='ltr'>hoc</span> <span class='ocrx_word' id='word_1_70' title='bbox 219 875 368 913; x_wconf 88' lang='lat' dir='ltr'>nomine</span> <span class='ocrx_word' id='word_1_71' title='bbox 403 875 680 913; x_wconf 81' lang='lat' dir='ltr'>accusationem</span> <span class='ocrx_word' id='word_1_72' title='bbox 718 874 920 924; x_wconf 81' lang='lat' dir='ltr'>veniaeque</span> <span class='ocrx_word' id='word_1_73' title='bbox 957 873 1105 912; x_wconf 85' lang='lat' dir='ltr'>divinae</span> <span class='ocrx_word' id='word_1_74' title='bbox 1150 873 1452 924; x_wconf 81' lang='lat' dir='ltr'>implorationem</span> <span class='ocrx_word' id='word_1_75' title='bbox 1481 872 1641 922; x_wconf 82' lang='lat' dir='ltr'>diligen-</span> 
     </span>
    </p>
   </div>
   <div class='ocr_carea' id='block_1_5' title="bbox 99 937 1643 1052">
    <p class='ocr_par' dir='ltr' id='par_1_7' title="bbox 99 937 1643 1052">
     <span class='ocr_line' id='line_1_12' title="bbox 99 937 812 978; baseline -0.001 -1"><span class='ocrx_word' id='word_1_76' title='bbox 99 942 155 978; x_wconf 92' lang='lat' dir='ltr'>ter</span> <span class='ocrx_word' id='word_1_77' title='bbox 183 939 404 977; x_wconf 80' lang='lat' dir='ltr'>exhortatur</span> <span class='ocrx_word' id='word_1_78' title='bbox 431 938 475 977; x_wconf 87' lang='lat' dir='ltr'>ad</span> <span class='ocrx_word' id='word_1_79' title='bbox 507 938 607 976; x_wconf 92' lang='lat' dir='ltr'>hunc</span> <span class='ocrx_word' id='word_1_80' title='bbox 634 937 812 976; x_wconf 89' lang='lat' dir='ltr'>modum:</span> 
     </span>
     <span class='ocr_line' id='line_1_13' title="bbox 156 1001 1643 1052; baseline 0.001 -15"><span class='ocrx_word' id='word_1_81' title='bbox 156 1003 369 1041; x_wconf 77' lang='lat' dir='ltr'>uVidemus</span> <span class='ocrx_word' id='word_1_82' title='bbox 398 1002 524 1040; x_wconf 89' lang='lat' dir='ltr'>divina</span> <span class='ocrx_word' id='word_1_83' title='bbox 552 1002 622 1040; x_wconf 90' lang='lat' dir='ltr'>hac</span> <span class='ocrx_word' id='word_1_84' title='bbox 649 1003 731 1052; x_wconf 86' lang='lat' dir='ltr'>lege</span> <span class='ocrx_word' id='word_1_85' title='bbox 768 1001 985 1039; x_wconf 83' lang='lat' dir='ltr'>horribilem</span> <span class='ocrx_word' id='word_1_86' title='bbox 1015 1001 1125 1039; x_wconf 89' lang='lat' dir='ltr'>nobis</span> <span class='ocrx_word' id='word_1_87' title='bbox 1153 1004 1307 1039; x_wconf 89' lang='lat' dir='ltr'>naturae</span> <span class='ocrx_word' id='word_1_88' title='bbox 1335 1004 1485 1038; x_wconf 85' lang='lat' dir='ltr'>nostrae</span> <span class='ocrx_word' id='word_1_89' title='bbox 1514 1013 1643 1039; x_wconf 87' lang='lat' dir='ltr'>corru-</span> 
     </span>
    </p>
   </div>
   <div class='ocr_carea' id='block_1_6' title="bbox 98 1066 1643 1510">
    <p class='ocr_par' dir='ltr' id='par_1_8' title="bbox 98 1066 1643 1510">
     <span class='ocr_line' id='line_1_14' title="bbox 101 1066 1641 1119; baseline -0.001 -14"><span class='ocrx_word' id='word_1_90' title='bbox 101 1068 252 1119; x_wconf 82' lang='lat' dir='ltr'>ptelam,</span> <span class='ocrx_word' id='word_1_91' title='bbox 288 1068 387 1106; x_wconf 92' lang='lat' dir='ltr'>velut</span> <span class='ocrx_word' id='word_1_92' title='bbox 426 1067 575 1118; x_wconf 84' lang='lat' dir='ltr'>speculo</span> <span class='ocrx_word' id='word_1_93' title='bbox 613 1067 777 1118; x_wconf 85' lang='lat' dir='ltr'>quodam</span> <span class='ocrx_word' id='word_1_94' title='bbox 816 1067 937 1105; x_wconf 86' lang='lat' dir='ltr'>nostri</span> <span class='ocrx_word' id='word_1_95' title='bbox 965 1066 1075 1105; x_wconf 90' lang='lat' dir='ltr'>nobis</span> <span class='ocrx_word' id='word_1_96' title='bbox 1102 1066 1310 1118; x_wconf 71' lang='lat' dir='ltr'>proposito,</span> <span class='ocrx_word' id='word_1_97' title='bbox 1337 1066 1385 1104; x_wconf 93' lang='lat' dir='ltr'>ob</span> <span class='ocrx_word' id='word_1_98' title='bbox 1414 1066 1544 1104; x_wconf 92' lang='lat' dir='ltr'>oculos</span> <span class='ocrx_word' id='word_1_99' title='bbox 1571 1080 1641 1104; x_wconf 89' lang='lat' dir='ltr'>no-</span> 
     </span>
     <span class='ocr_line' id='line_1_15' title="bbox 101 1131 1643 1184; baseline -0.001 -13"><span class='ocrx_word' id='word_1_100' title='bbox 101 1136 197 1171; x_wconf 87' lang='lat' dir='ltr'>stros</span> <span class='ocrx_word' id='word_1_101' title='bbox 238 1133 340 1184; x_wconf 87' lang='lat' dir='ltr'>poni.</span> <span class='ocrx_word' id='word_1_102' title='bbox 395 1132 551 1170; x_wconf 79' lang='lat' dir='ltr'>Frustra</span> <span class='ocrx_word' id='word_1_103' title='bbox 597 1132 695 1170; x_wconf 89' lang='lat' dir='ltr'>enim</span> <span class='ocrx_word' id='word_1_104' title='bbox 732 1131 842 1170; x_wconf 82' lang='lat' dir='ltr'>nobis</span> <span class='ocrx_word' id='word_1_105' title='bbox 878 1132 1180 1183; x_wconf 79' lang='lat' dir='ltr'>prohiberentur,</span> <span class='ocrx_word' id='word_1_106' title='bbox 1215 1145 1308 1183; x_wconf 91' lang='lat' dir='ltr'>quae</span> <span class='ocrx_word' id='word_1_107' title='bbox 1345 1136 1478 1170; x_wconf 86' lang='lat' dir='ltr'>natura</span> <span class='ocrx_word' id='word_1_108' title='bbox 1515 1136 1643 1170; x_wconf 88' lang='lat' dir='ltr'>nostra</span> 
     </span>
     <span class='ocr_line' id='line_1_16' title="bbox 100 1197 1641 1250; baseline -0.001 -14"><span class='ocrx_word' id='word_1_109' title='bbox 100 1211 176 1236; x_wconf 87' lang='lat' dir='ltr'>non</span> <span class='ocrx_word' id='word_1_110' title='bbox 218 1202 487 1250; x_wconf 79' lang='lat' dir='ltr'>appeteremus.</span> <span class='ocrx_word' id='word_1_111' title='bbox 541 1197 653 1236; x_wconf 87' lang='lat' dir='ltr'>Unde</span> <span class='ocrx_word' id='word_1_112' title='bbox 702 1211 785 1235; x_wconf 89' lang='lat' dir='ltr'>cum</span> <span class='ocrx_word' id='word_1_113' title='bbox 823 1211 892 1235; x_wconf 89' lang='lat' dir='ltr'>nos</span> <span class='ocrx_word' id='word_1_114' title='bbox 929 1211 970 1235; x_wconf 89' lang='lat' dir='ltr'>ea</span> <span class='ocrx_word' id='word_1_115' title='bbox 1009 1198 1133 1236; x_wconf 88' lang='lat' dir='ltr'>omnia</span> <span class='ocrx_word' id='word_1_116' title='bbox 1177 1202 1346 1249; x_wconf 88' lang='lat' dir='ltr'>appetere</span> <span class='ocrx_word' id='word_1_117' title='bbox 1392 1197 1641 1249; x_wconf 87' lang='lat' dir='ltr'>omnibusque</span> 
     </span>
     <span class='ocr_line' id='line_1_17' title="bbox 101 1262 1641 1312; baseline -0.001 -12"><span class='ocrx_word' id='word_1_118' title='bbox 101 1263 202 1302; x_wconf 91' lang='lat' dir='ltr'>hisce</span> <span class='ocrx_word' id='word_1_119' title='bbox 228 1264 338 1302; x_wconf 89' lang='lat' dir='ltr'>molis</span> <span class='ocrx_word' id='word_1_120' title='bbox 366 1262 522 1301; x_wconf 87' lang='lat' dir='ltr'>obnoxii</span> <span class='ocrx_word' id='word_1_121' title='bbox 551 1276 631 1301; x_wconf 88' lang='lat' dir='ltr'>esse</span> <span class='ocrx_word' id='word_1_122' title='bbox 659 1262 928 1307; x_wconf 85' lang='lat' dir='ltr'>convincimur,</span> <span class='ocrx_word' id='word_1_123' title='bbox 957 1262 1065 1301; x_wconf 87' lang='lat' dir='ltr'>datae</span> <span class='ocrx_word' id='word_1_124' title='bbox 1091 1262 1202 1301; x_wconf 88' lang='lat' dir='ltr'>nobis</span> <span class='ocrx_word' id='word_1_125' title='bbox 1229 1263 1325 1312; x_wconf 83' lang='lat' dir='ltr'>legis</span> <span class='ocrx_word' id='word_1_126' title='bbox 1355 1262 1465 1300; x_wconf 91' lang='lat' dir='ltr'>huius</span> <span class='ocrx_word' id='word_1_127' title='bbox 1492 1262 1641 1300; x_wconf 87' lang='lat' dir='ltr'>divinae</span> 
     </span>
     <span class='ocr_line' id='line_1_18' title="bbox 100 1327 1637 1379; baseline -0.001 -13"><span class='ocrx_word' id='word_1_128' title='bbox 100 1327 329 1373; x_wconf 79' lang='lat' dir='ltr'>testimonio,</span> <span class='ocrx_word' id='word_1_129' title='bbox 365 1340 614 1378; x_wconf 82' lang='lat' dir='ltr'>agnoscamus</span> <span class='ocrx_word' id='word_1_130' title='bbox 652 1333 781 1366; x_wconf 87' lang='lat' dir='ltr'>nostra</span> <span class='ocrx_word' id='word_1_131' title='bbox 816 1328 984 1379; x_wconf 89' lang='lat' dir='ltr'>ipsorum</span> <span class='ocrx_word' id='word_1_132' title='bbox 1012 1332 1164 1379; x_wconf 86' lang='lat' dir='ltr'>peccata</span> <span class='ocrx_word' id='word_1_133' title='bbox 1192 1341 1317 1365; x_wconf 89' lang='lat' dir='ltr'>coram</span> <span class='ocrx_word' id='word_1_134' title='bbox 1344 1327 1523 1374; x_wconf 91' lang='lat' dir='ltr'>Domino,</span> <span class='ocrx_word' id='word_1_135' title='bbox 1551 1328 1637 1365; x_wconf 92' lang='lat' dir='ltr'>illo-</span> 
     </span>
     <span class='ocr_line' id='line_1_19' title="bbox 98 1393 1639 1444; baseline -0.001 -12"><span class='ocrx_word' id='word_1_136' title='bbox 98 1406 254 1444; x_wconf 89' lang='lat' dir='ltr'>rumque</span> <span class='ocrx_word' id='word_1_137' title='bbox 282 1393 433 1431; x_wconf 90' lang='lat' dir='ltr'>nomine</span> <span class='ocrx_word' id='word_1_138' title='bbox 461 1406 529 1431; x_wconf 91' lang='lat' dir='ltr'>nos</span> <span class='ocrx_word' id='word_1_139' title='bbox 558 1393 785 1431; x_wconf 89' lang='lat' dir='ltr'>unanimiter</span> <span class='ocrx_word' id='word_1_140' title='bbox 813 1406 942 1432; x_wconf 82' lang='lat' dir='ltr'>omnes</span> <span class='ocrx_word' id='word_1_141' title='bbox 969 1407 1185 1432; x_wconf 84' lang='lat' dir='ltr'>accusemus</span> <span class='ocrx_word' id='word_1_142' title='bbox 1227 1399 1263 1432; x_wconf 90' lang='lat' dir='ltr'>et</span> <span class='ocrx_word' id='word_1_143' title='bbox 1288 1407 1419 1432; x_wconf 88' lang='lat' dir='ltr'>eorum</span> <span class='ocrx_word' id='word_1_144' title='bbox 1448 1393 1639 1432; x_wconf 83' lang='lat' dir='ltr'>condona-</span> 
     </span>
     <span class='ocr_line' id='line_1_20' title="bbox 100 1457 1504 1510; baseline -0.001 -13"><span class='ocrx_word' id='word_1_145' title='bbox 100 1458 242 1497; x_wconf 87' lang='lat' dir='ltr'>tionem</span> <span class='ocrx_word' id='word_1_146' title='bbox 269 1458 472 1508; x_wconf 82' lang='lat' dir='ltr'>gratuitam</span> <span class='ocrx_word' id='word_1_147' title='bbox 501 1462 651 1510; x_wconf 88' lang='lat' dir='ltr'>propter</span> <span class='ocrx_word' id='word_1_148' title='bbox 680 1458 870 1496; x_wconf 89' lang='lat' dir='ltr'>Christum</span> <span class='ocrx_word' id='word_1_149' title='bbox 900 1459 1194 1510; x_wconf 78' lang='lat' dir='ltr'>sup-(67)plices</span> <span class='ocrx_word' id='word_1_150' title='bbox 1220 1457 1504 1510; x_wconf 88' lang='lat' dir='ltr'>imploremus.&#39;&#39;</span> 
     </span>
    </p>
   </div>
   <div class='ocr_carea' id='block_1_7' title="bbox 147 1588 1143 1639">
    <p class='ocr_par' dir='ltr' id='par_1_9' title="bbox 147 1588 1143 1639">
     <span class='ocr_line' id='line_1_21' title="bbox 147 1588 1143 1639; baseline 0.002 -13"><span class='ocrx_word' id='word_1_151' title='bbox 147 1588 374 1627; x_wconf 87' lang='lat' dir='ltr'>Precatio</span> <span class='ocrx_word' id='word_1_152' title='bbox 404 1588 734 1639; x_wconf 87' lang='lat' dir='ltr'>complectens</span> <span class='ocrx_word' id='word_1_153' title='bbox 764 1588 1143 1628; x_wconf 86' lang='lat' dir='ltr'>confessionem.</span> 
     </span>
    </p>
   </div>
   <div class='ocr_carea' id='block_1_8' title="bbox 92 1717 1641 2805">
    <p class='ocr_par' dir='ltr' id='par_1_10' title="bbox 92 1717 1641 2805">
     <span class='ocr_line' id='line_1_22' title="bbox 151 1717 1637 1771; baseline 0.002 -17"><span class='ocrx_word' id='word_1_154' title='bbox 151 1735 170 1753; x_wconf 73' lang='lat' dir='ltr'>a</span> <span class='ocrx_word' id='word_1_155' title='bbox 184 1717 434 1770; x_wconf 88' lang='lat' dir='ltr'>Omnipotens</span> <span class='ocrx_word' id='word_1_156' title='bbox 462 1721 610 1757; x_wconf 86' lang='lat' dir='ltr'>aeterne</span> <span class='ocrx_word' id='word_1_157' title='bbox 630 1718 749 1757; x_wconf 88' lang='lat' dir='ltr'>Deus!</span> <span class='ocrx_word' id='word_1_158' title='bbox 779 1719 991 1757; x_wconf 89' lang='lat' dir='ltr'>misericors</span> <span class='ocrx_word' id='word_1_159' title='bbox 1011 1719 1140 1758; x_wconf 87' lang='lat' dir='ltr'>Pater!</span> <span class='ocrx_word' id='word_1_160' title='bbox 1167 1719 1439 1770; x_wconf 83' lang='lat' dir='ltr'>prosternimus</span> <span class='ocrx_word' id='word_1_161' title='bbox 1461 1732 1529 1757; x_wconf 92' lang='lat' dir='ltr'>nos</span> <span class='ocrx_word' id='word_1_162' title='bbox 1550 1732 1637 1771; x_wconf 92' lang='lat' dir='ltr'>sup-</span> 
     </span>
     <span class='ocr_line' id='line_1_23' title="bbox 99 1783 1639 1835; baseline 0.001 -15"><span class='ocrx_word' id='word_1_163' title='bbox 99 1783 215 1834; x_wconf 85' lang='lat' dir='ltr'>plices</span> <span class='ocrx_word' id='word_1_164' title='bbox 252 1796 377 1821; x_wconf 90' lang='lat' dir='ltr'>coram</span> <span class='ocrx_word' id='word_1_165' title='bbox 413 1787 478 1822; x_wconf 89' lang='lat' dir='ltr'>tua</span> <span class='ocrx_word' id='word_1_166' title='bbox 507 1783 706 1821; x_wconf 86' lang='lat' dir='ltr'>Maiestate</span> <span class='ocrx_word' id='word_1_167' title='bbox 736 1783 885 1829; x_wconf 87' lang='lat' dir='ltr'>Divina,</span> <span class='ocrx_word' id='word_1_168' title='bbox 913 1787 1044 1821; x_wconf 88' lang='lat' dir='ltr'>contra</span> <span class='ocrx_word' id='word_1_169' title='bbox 1072 1797 1182 1834; x_wconf 90' lang='lat' dir='ltr'>quam</span> <span class='ocrx_word' id='word_1_170' title='bbox 1210 1797 1278 1821; x_wconf 88' lang='lat' dir='ltr'>nos</span> <span class='ocrx_word' id='word_1_171' title='bbox 1305 1783 1526 1832; x_wconf 80' lang='lat' dir='ltr'>gravissime</span> <span class='ocrx_word' id='word_1_172' title='bbox 1552 1798 1639 1835; x_wconf 89' lang='lat' dir='ltr'>pec-</span> 
     </span>
     <span class='ocr_line' id='line_1_24' title="bbox 97 1847 1640 1899; baseline 0.001 -14"><span class='ocrx_word' id='word_1_173' title='bbox 97 1860 199 1886; x_wconf 85' lang='lat' dir='ltr'>casse</span> <span class='ocrx_word' id='word_1_174' title='bbox 226 1847 448 1899; x_wconf 84' lang='lat' dir='ltr'>assidueque</span> <span class='ocrx_word' id='word_1_175' title='bbox 475 1847 596 1885; x_wconf 87' lang='lat' dir='ltr'>indies</span> <span class='ocrx_word' id='word_1_176' title='bbox 625 1847 734 1886; x_wconf 88' lang='lat' dir='ltr'>etiam</span> <span class='ocrx_word' id='word_1_177' title='bbox 763 1861 926 1899; x_wconf 85' lang='lat' dir='ltr'>peecare,</span> <span class='ocrx_word' id='word_1_178' title='bbox 952 1852 1078 1899; x_wconf 89' lang='lat' dir='ltr'>aperte</span> <span class='ocrx_word' id='word_1_179' title='bbox 1104 1851 1140 1886; x_wconf 90' lang='lat' dir='ltr'>et</span> <span class='ocrx_word' id='word_1_180' title='bbox 1163 1848 1242 1886; x_wconf 89' lang='lat' dir='ltr'>sine</span> <span class='ocrx_word' id='word_1_181' title='bbox 1269 1848 1461 1899; x_wconf 83' lang='lat' dir='ltr'>hypocrisi</span> <span class='ocrx_word' id='word_1_182' title='bbox 1487 1850 1640 1899; x_wconf 87' lang='lat' dir='ltr'>profite-</span> 
     </span>
     <span class='ocr_line' id='line_1_25' title="bbox 95 1911 1641 1965; baseline 0.003 -17"><span class='ocrx_word' id='word_1_183' title='bbox 95 1924 188 1957; x_wconf 91' lang='lat' dir='ltr'>mur,</span> <span class='ocrx_word' id='word_1_184' title='bbox 223 1911 315 1949; x_wconf 87' lang='lat' dir='ltr'>adeo</span> <span class='ocrx_word' id='word_1_185' title='bbox 345 1915 385 1950; x_wconf 92' lang='lat' dir='ltr'>ut</span> <span class='ocrx_word' id='word_1_186' title='bbox 412 1917 565 1963; x_wconf 88' lang='lat' dir='ltr'>aspectu</span> <span class='ocrx_word' id='word_1_187' title='bbox 593 1912 675 1963; x_wconf 89' lang='lat' dir='ltr'>ipso</span> <span class='ocrx_word' id='word_1_188' title='bbox 696 1916 788 1950; x_wconf 89' lang='lat' dir='ltr'>tuae</span> <span class='ocrx_word' id='word_1_189' title='bbox 819 1912 1030 1951; x_wconf 86' lang='lat' dir='ltr'>Maiestatis</span> <span class='ocrx_word' id='word_1_190' title='bbox 1059 1913 1348 1965; x_wconf 86' lang='lat' dir='ltr'>haudquaquam</span> <span class='ocrx_word' id='word_1_191' title='bbox 1377 1913 1481 1963; x_wconf 86' lang='lat' dir='ltr'>digni</span> <span class='ocrx_word' id='word_1_192' title='bbox 1509 1914 1641 1960; x_wconf 88' lang='lat' dir='ltr'>simus,</span> 
     </span>
     <span class='ocr_line' id='line_1_26' title="bbox 95 1973 1636 2029; baseline 0.002 -15"><span class='ocrx_word' id='word_1_193' title='bbox 95 1974 232 2014; x_wconf 90' lang='lat' dir='ltr'>nedum</span> <span class='ocrx_word' id='word_1_194' title='bbox 262 1979 302 2014; x_wconf 89' lang='lat' dir='ltr'>ut</span> <span class='ocrx_word' id='word_1_195' title='bbox 330 1976 428 2013; x_wconf 88' lang='lat' dir='ltr'>inter</span> <span class='ocrx_word' id='word_1_196' title='bbox 454 1977 553 2014; x_wconf 89' lang='lat' dir='ltr'>filios</span> <span class='ocrx_word' id='word_1_197' title='bbox 583 1980 669 2014; x_wconf 90' lang='lat' dir='ltr'>tuos</span> <span class='ocrx_word' id='word_1_198' title='bbox 699 1973 925 2016; x_wconf 79' lang='lat' dir='ltr'>censeamur.</span> <span class='ocrx_word' id='word_1_199' title='bbox 980 1978 1143 2023; x_wconf 84' lang='lat' dir='ltr'>Etenim,</span> <span class='ocrx_word' id='word_1_200' title='bbox 1177 1982 1433 2029; x_wconf 85' lang='lat' dir='ltr'>praeterquam</span> <span class='ocrx_word' id='word_1_201' title='bbox 1469 1979 1568 2029; x_wconf 90' lang='lat' dir='ltr'>quod</span> <span class='ocrx_word' id='word_1_202' title='bbox 1597 1979 1636 2017; x_wconf 90' lang='lat' dir='ltr'>in</span> 
     </span>
     <span class='ocr_line' id='line_1_27' title="bbox 96 2041 1639 2094; baseline 0.001 -16"><span class='ocrx_word' id='word_1_203' title='bbox 96 2045 249 2091; x_wconf 86' lang='lat' dir='ltr'>peccato</span> <span class='ocrx_word' id='word_1_204' title='bbox 288 2041 458 2092; x_wconf 85' lang='lat' dir='ltr'>concepti</span> <span class='ocrx_word' id='word_1_205' title='bbox 493 2054 536 2079; x_wconf 89' lang='lat' dir='ltr'>ac</span> <span class='ocrx_word' id='word_1_206' title='bbox 575 2042 666 2087; x_wconf 88' lang='lat' dir='ltr'>nati,</span> <span class='ocrx_word' id='word_1_207' title='bbox 702 2041 823 2079; x_wconf 87' lang='lat' dir='ltr'>omnis</span> <span class='ocrx_word' id='word_1_208' title='bbox 860 2042 950 2080; x_wconf 89' lang='lat' dir='ltr'>boni</span> <span class='ocrx_word' id='word_1_209' title='bbox 988 2055 1140 2093; x_wconf 90' lang='lat' dir='ltr'>prorsus</span> <span class='ocrx_word' id='word_1_210' title='bbox 1177 2047 1357 2093; x_wconf 85' lang='lat' dir='ltr'>expertes,</span> <span class='ocrx_word' id='word_1_211' title='bbox 1399 2043 1500 2094; x_wconf 87' lang='lat' dir='ltr'>pleni</span> <span class='ocrx_word' id='word_1_212' title='bbox 1535 2042 1639 2080; x_wconf 89' lang='lat' dir='ltr'>omni</span> 
     </span>
     <span class='ocr_line' id='line_1_28' title="bbox 94 2103 1640 2158; baseline 0.002 -16"><span class='ocrx_word' id='word_1_213' title='bbox 94 2103 294 2154; x_wconf 86' lang='lat' dir='ltr'>iniquitate</span> <span class='ocrx_word' id='word_1_214' title='bbox 330 2118 468 2150; x_wconf 86' lang='lat' dir='ltr'>sumus,</span> <span class='ocrx_word' id='word_1_215' title='bbox 507 2105 667 2142; x_wconf 89' lang='lat' dir='ltr'>infinitis</span> <span class='ocrx_word' id='word_1_216' title='bbox 705 2105 816 2143; x_wconf 88' lang='lat' dir='ltr'>etiam</span> <span class='ocrx_word' id='word_1_217' title='bbox 854 2106 976 2144; x_wconf 90' lang='lat' dir='ltr'>modis</span> <span class='ocrx_word' id='word_1_218' title='bbox 1011 2112 1075 2144; x_wconf 90' lang='lat' dir='ltr'>tua</span> <span class='ocrx_word' id='word_1_219' title='bbox 1102 2111 1298 2158; x_wconf 85' lang='lat' dir='ltr'>praecepta</span> <span class='ocrx_word' id='word_1_220' title='bbox 1326 2107 1495 2158; x_wconf 87' lang='lat' dir='ltr'>quotidie</span> <span class='ocrx_word' id='word_1_221' title='bbox 1521 2108 1640 2145; x_wconf 87' lang='lat' dir='ltr'>viola-</span> 
     </span>
     <span class='ocr_line' id='line_1_29' title="bbox 96 2168 1637 2222; baseline 0.004 -17"><span class='ocrx_word' id='word_1_222' title='bbox 96 2181 193 2214; x_wconf 91' lang='lat' dir='ltr'>mus,</span> <span class='ocrx_word' id='word_1_223' title='bbox 221 2168 309 2206; x_wconf 90' lang='lat' dir='ltr'>dum</span> <span class='ocrx_word' id='word_1_224' title='bbox 337 2181 456 2219; x_wconf 92' lang='lat' dir='ltr'>neque</span> <span class='ocrx_word' id='word_1_225' title='bbox 483 2173 531 2215; x_wconf 89' lang='lat' dir='ltr'>te,</span> <span class='ocrx_word' id='word_1_226' title='bbox 559 2173 599 2207; x_wconf 90' lang='lat' dir='ltr'>ut</span> <span class='ocrx_word' id='word_1_227' title='bbox 626 2169 816 2215; x_wconf 84' lang='lat' dir='ltr'>debemus,</span> <span class='ocrx_word' id='word_1_228' title='bbox 844 2171 1002 2208; x_wconf 89' lang='lat' dir='ltr'>colimus</span> <span class='ocrx_word' id='word_1_229' title='bbox 1044 2184 1111 2222; x_wconf 89' lang='lat' dir='ltr'>pro</span> <span class='ocrx_word' id='word_1_230' title='bbox 1139 2176 1223 2210; x_wconf 91' lang='lat' dir='ltr'>tuae</span> <span class='ocrx_word' id='word_1_231' title='bbox 1246 2171 1454 2210; x_wconf 87' lang='lat' dir='ltr'>Maiestatis</span> <span class='ocrx_word' id='word_1_232' title='bbox 1477 2172 1637 2211; x_wconf 89' lang='lat' dir='ltr'>Divinae</span> 
     </span>
     <span class='ocr_line' id='line_1_30' title="bbox 96 2233 1637 2287; baseline 0.004 -17"><span class='ocrx_word' id='word_1_233' title='bbox 96 2233 317 2271; x_wconf 85' lang='lat' dir='ltr'>excellentia</span> <span class='ocrx_word' id='word_1_234' title='bbox 360 2246 516 2284; x_wconf 88' lang='lat' dir='ltr'>vereque</span> <span class='ocrx_word' id='word_1_235' title='bbox 543 2239 697 2285; x_wconf 87' lang='lat' dir='ltr'>paterna</span> <span class='ocrx_word' id='word_1_236' title='bbox 723 2235 762 2272; x_wconf 91' lang='lat' dir='ltr'>in</span> <span class='ocrx_word' id='word_1_237' title='bbox 792 2249 861 2272; x_wconf 89' lang='lat' dir='ltr'>nos</span> <span class='ocrx_word' id='word_1_238' title='bbox 890 2235 1148 2281; x_wconf 85' lang='lat' dir='ltr'>beneficentia,</span> <span class='ocrx_word' id='word_1_239' title='bbox 1174 2240 1210 2274; x_wconf 90' lang='lat' dir='ltr'>et</span> <span class='ocrx_word' id='word_1_240' title='bbox 1236 2236 1449 2287; x_wconf 89' lang='lat' dir='ltr'>proximum</span> <span class='ocrx_word' id='word_1_241' title='bbox 1465 2242 1637 2276; x_wconf 86' lang='lat' dir='ltr'>nostrum</span> 
     </span>
     <span class='ocr_line' id='line_1_31' title="bbox 95 2298 1636 2354; baseline 0.004 -19"><span class='ocrx_word' id='word_1_242' title='bbox 95 2301 228 2336; x_wconf 89' lang='lat' dir='ltr'>contra</span> <span class='ocrx_word' id='word_1_243' title='bbox 254 2298 473 2336; x_wconf 81' lang='lat' dir='ltr'>mandatum</span> <span class='ocrx_word' id='word_1_244' title='bbox 500 2303 607 2336; x_wconf 86' lang='lat' dir='ltr'>tuum</span> <span class='ocrx_word' id='word_1_245' title='bbox 636 2299 775 2337; x_wconf 88' lang='lat' dir='ltr'>nostris</span> <span class='ocrx_word' id='word_1_246' title='bbox 802 2313 890 2348; x_wconf 82' lang='lat' dir='ltr'>erga</span> <span class='ocrx_word' id='word_1_247' title='bbox 916 2300 1024 2338; x_wconf 91' lang='lat' dir='ltr'>illum</span> <span class='ocrx_word' id='word_1_248' title='bbox 1052 2300 1180 2338; x_wconf 90' lang='lat' dir='ltr'>officiis</span> <span class='ocrx_word' id='word_1_249' title='bbox 1199 2301 1416 2339; x_wconf 89' lang='lat' dir='ltr'>fraudamus</span> <span class='ocrx_word' id='word_1_250' title='bbox 1439 2302 1482 2350; x_wconf 86' lang='lat'>¹).</span> <span class='ocrx_word' id='word_1_251' title='bbox 1511 2304 1636 2354; x_wconf 89' lang='lat' dir='ltr'>Atque</span> 
     </span>
     <span class='ocr_line' id='line_1_32' title="bbox 94 2363 1635 2410; baseline 0.001 -8"><span class='ocrx_word' id='word_1_252' title='bbox 94 2363 148 2402; x_wconf 88' lang='lat' dir='ltr'>ita</span> <span class='ocrx_word' id='word_1_253' title='bbox 196 2363 467 2410; x_wconf 88' lang='lat' dir='ltr'>convincimur,</span> <span class='ocrx_word' id='word_1_254' title='bbox 516 2377 585 2401; x_wconf 88' lang='lat' dir='ltr'>nos</span> <span class='ocrx_word' id='word_1_255' title='bbox 621 2364 720 2402; x_wconf 89' lang='lat' dir='ltr'>iusto</span> <span class='ocrx_word' id='word_1_256' title='bbox 757 2369 822 2402; x_wconf 91' lang='lat' dir='ltr'>tuo</span> <span class='ocrx_word' id='word_1_257' title='bbox 860 2364 1000 2402; x_wconf 87' lang='lat' dir='ltr'>iudicio</span> <span class='ocrx_word' id='word_1_258' title='bbox 1039 2378 1118 2403; x_wconf 90' lang='lat' dir='ltr'>esse</span> <span class='ocrx_word' id='word_1_259' title='bbox 1154 2366 1310 2403; x_wconf 88' lang='lat' dir='ltr'>omnino</span> <span class='ocrx_word' id='word_1_260' title='bbox 1346 2379 1429 2403; x_wconf 89' lang='lat' dir='ltr'>reos</span> <span class='ocrx_word' id='word_1_261' title='bbox 1465 2370 1635 2404; x_wconf 87' lang='lat' dir='ltr'>aeternae</span> 
     </span>
     <span class='ocr_line' id='line_1_33' title="bbox 96 2426 1636 2478; baseline 0.003 -14"><span class='ocrx_word' id='word_1_262' title='bbox 96 2426 423 2465; x_wconf 87' lang='lat' dir='ltr'>condemnationis</span> <span class='ocrx_word' id='word_1_263' title='bbox 459 2427 641 2478; x_wconf 90' lang='lat' dir='ltr'>planeque</span> <span class='ocrx_word' id='word_1_264' title='bbox 680 2428 724 2465; x_wconf 88' lang='lat' dir='ltr'>de</span> <span class='ocrx_word' id='word_1_265' title='bbox 763 2428 872 2466; x_wconf 90' lang='lat' dir='ltr'>nobis</span> <span class='ocrx_word' id='word_1_266' title='bbox 909 2433 1031 2466; x_wconf 87' lang='lat' dir='ltr'>actum</span> <span class='ocrx_word' id='word_1_267' title='bbox 1069 2442 1160 2473; x_wconf 89' lang='lat' dir='ltr'>esse,</span> <span class='ocrx_word' id='word_1_268' title='bbox 1201 2429 1274 2467; x_wconf 85' lang='lat' dir='ltr'>nisi</span> <span class='ocrx_word' id='word_1_269' title='bbox 1301 2430 1478 2468; x_wconf 85' lang='lat' dir='ltr'>adversus</span> <span class='ocrx_word' id='word_1_270' title='bbox 1505 2431 1636 2469; x_wconf 87' lang='lat' dir='ltr'>iudicii</span> 
     </span>
     <span class='ocr_line' id='line_1_34' title="bbox 93 2491 1633 2543; baseline 0.004 -14"><span class='ocrx_word' id='word_1_271' title='bbox 93 2492 150 2530; x_wconf 90' lang='lat' dir='ltr'>tui</span> <span class='ocrx_word' id='word_1_272' title='bbox 186 2491 324 2530; x_wconf 89' lang='lat' dir='ltr'>iustam</span> <span class='ocrx_word' id='word_1_273' title='bbox 359 2492 610 2543; x_wconf 85' lang='lat' dir='ltr'>alio-(68)qui</span> <span class='ocrx_word' id='word_1_274' title='bbox 647 2494 878 2532; x_wconf 85' lang='lat' dir='ltr'>severitatem</span> <span class='ocrx_word' id='word_1_275' title='bbox 916 2494 1099 2532; x_wconf 89' lang='lat' dir='ltr'>immensa</span> <span class='ocrx_word' id='word_1_276' title='bbox 1132 2494 1409 2534; x_wconf 90' lang='lat' dir='ltr'>misericordiae</span> <span class='ocrx_word' id='word_1_277' title='bbox 1442 2500 1527 2534; x_wconf 90' lang='lat' dir='ltr'>tuae</span> <span class='ocrx_word' id='word_1_278' title='bbox 1553 2511 1633 2535; x_wconf 89' lang='lat' dir='ltr'>ma-</span> 
     </span>
     <span class='ocr_line' id='line_1_35' title="bbox 92 2546 1633 2611; baseline 0.003 -16"><span class='ocrx_word' id='word_1_279' title='bbox 92 2557 253 2608; x_wconf 85' lang='lat' dir='ltr'>gnitudo</span> <span class='ocrx_word' id='word_1_280' title='bbox 299 2558 456 2607; x_wconf 78' lang='lat' dir='ltr'>dignum</span> <span class='ocrx_word' id='word_1_281' title='bbox 501 2546 566 2596; x_wconf 82' lang='lat' dir='ltr'>tua</span> <span class='ocrx_word' id='word_1_282' title='bbox 604 2559 795 2597; x_wconf 80' lang='lat' dir='ltr'>clementia</span> <span class='ocrx_word' id='word_1_283' title='bbox 845 2559 1077 2610; x_wconf 89' lang='lat' dir='ltr'>triumphum</span> <span class='ocrx_word' id='word_1_284' title='bbox 1123 2559 1163 2597; x_wconf 89' lang='lat' dir='ltr'>in</span> <span class='ocrx_word' id='word_1_285' title='bbox 1205 2560 1283 2597; x_wconf 86' lang='lat' dir='ltr'>filio</span> <span class='ocrx_word' id='word_1_286' title='bbox 1333 2564 1399 2598; x_wconf 91' lang='lat' dir='ltr'>tuo</span> <span class='ocrx_word' id='word_1_287' title='bbox 1438 2562 1633 2611; x_wconf 80' lang='lat' dir='ltr'>unigenito</span> 
     </span>
     <span class='ocr_line' id='line_1_36' title="bbox 92 2623 1634 2677; baseline 0.003 -16"><span class='ocrx_word' id='word_1_288' title='bbox 92 2623 241 2673; x_wconf 86' lang='lat' dir='ltr'>egisset.</span> <span class='ocrx_word' id='word_1_289' title='bbox 297 2623 344 2661; x_wconf 90' lang='lat' dir='ltr'>In</span> <span class='ocrx_word' id='word_1_290' title='bbox 381 2637 455 2675; x_wconf 90' lang='lat' dir='ltr'>quo</span> <span class='ocrx_word' id='word_1_291' title='bbox 485 2623 663 2661; x_wconf 89' lang='lat' dir='ltr'>nimirum</span> <span class='ocrx_word' id='word_1_292' title='bbox 690 2624 742 2662; x_wconf 89' lang='lat' dir='ltr'>ita</span> <span class='ocrx_word' id='word_1_293' title='bbox 771 2637 840 2663; x_wconf 90' lang='lat' dir='ltr'>nos</span> <span class='ocrx_word' id='word_1_294' title='bbox 868 2629 1059 2676; x_wconf 88' lang='lat' dir='ltr'>acceptare</span> <span class='ocrx_word' id='word_1_295' title='bbox 1088 2624 1265 2674; x_wconf 84' lang='lat' dir='ltr'>dignatus</span> <span class='ocrx_word' id='word_1_296' title='bbox 1293 2639 1344 2670; x_wconf 83' lang='lat' dir='ltr'>es,</span> <span class='ocrx_word' id='word_1_297' title='bbox 1372 2631 1411 2664; x_wconf 89' lang='lat' dir='ltr'>ut</span> <span class='ocrx_word' id='word_1_298' title='bbox 1438 2627 1634 2677; x_wconf 89' lang='lat' dir='ltr'>poeniten·</span> 
     </span>
     <span class='ocr_line' id='line_1_37' title="bbox 92 2688 1630 2739; baseline 0.003 -13"><span class='ocrx_word' id='word_1_299' title='bbox 92 2688 195 2726; x_wconf 89' lang='lat' dir='ltr'>tibus</span> <span class='ocrx_word' id='word_1_300' title='bbox 223 2689 412 2730; x_wconf 84' lang='lat' dir='ltr'>omnibus.</span> <span class='ocrx_word' id='word_1_301' title='bbox 439 2688 584 2726; x_wconf 88' lang='lat' dir='ltr'>etiamsi</span> <span class='ocrx_word' id='word_1_302' title='bbox 613 2689 743 2739; x_wconf 90' lang='lat' dir='ltr'>procul</span> <span class='ocrx_word' id='word_1_303' title='bbox 772 2689 898 2728; x_wconf 90' lang='lat' dir='ltr'>absint</span> <span class='ocrx_word' id='word_1_304' title='bbox 926 2690 1060 2734; x_wconf 82' lang='lat' dir='ltr'>adhuc,</span> <span class='ocrx_word' id='word_1_305' title='bbox 1089 2703 1233 2728; x_wconf 89' lang='lat' dir='ltr'>summa</span> <span class='ocrx_word' id='word_1_306' title='bbox 1259 2695 1384 2730; x_wconf 89' lang='lat' dir='ltr'>tamen</span> <span class='ocrx_word' id='word_1_307' title='bbox 1413 2704 1497 2729; x_wconf 89' lang='lat' dir='ltr'>cum</span> <span class='ocrx_word' id='word_1_308' title='bbox 1525 2693 1630 2730; x_wconf 88' lang='lat' dir='ltr'>testi-</span> 
     </span>
     <span class='ocr_line' id='line_1_38' title="bbox 94 2752 1637 2805; baseline 0.002 -14"><span class='ocrx_word' id='word_1_309' title='bbox 94 2752 269 2791; x_wconf 88' lang='lat' dir='ltr'>ficatione</span> <span class='ocrx_word' id='word_1_310' title='bbox 299 2754 446 2792; x_wconf 82' lang='lat' dir='ltr'>divinae</span> <span class='ocrx_word' id='word_1_311' title='bbox 474 2766 517 2791; x_wconf 87' lang='lat' dir='ltr'>ac</span> <span class='ocrx_word' id='word_1_312' title='bbox 554 2766 638 2791; x_wconf 90' lang='lat' dir='ltr'>vere</span> <span class='ocrx_word' id='word_1_313' title='bbox 665 2760 841 2805; x_wconf 87' lang='lat' dir='ltr'>paternae</span> <span class='ocrx_word' id='word_1_314' title='bbox 869 2754 1116 2805; x_wconf 84' lang='lat' dir='ltr'>benignitatis</span> <span class='ocrx_word' id='word_1_315' title='bbox 1151 2758 1238 2793; x_wconf 90' lang='lat' dir='ltr'>tuae</span> <span class='ocrx_word' id='word_1_316' title='bbox 1265 2756 1362 2794; x_wconf 86' lang='lat' dir='ltr'>ultro</span> <span class='ocrx_word' id='word_1_317' title='bbox 1391 2768 1563 2794; x_wconf 90' lang='lat' dir='ltr'>occurras</span> <span class='ocrx_word' id='word_1_318' title='bbox 1591 2758 1637 2805; x_wconf 80' lang='lat'>²),</span> 
     </span>
    </p>
   </div>
   <div class='ocr_carea' id='block_1_9' title="bbox 137 2891 1258 2937">
    <p class='ocr_par' dir='ltr' id='par_1_11' title="bbox 137 2891 1258 2937">
     <span class='ocr_line' id='line_1_39' title="bbox 137 2891 1258 2937; baseline 0.007 -14"><span class='ocrx_word' id='word_1_319' title='bbox 137 2892 161 2932; x_wconf 86' lang='lat'>¹)</span> <span class='ocrx_word' id='word_1_320' title='bbox 186 2891 292 2924; x_wconf 83' lang='lat' dir='ltr'>Lucae</span> <span class='ocrx_word' id='word_1_321' title='bbox 316 2892 365 2925; x_wconf 87' lang='lat'>15.</span> <span class='ocrx_word' id='word_1_322' title='bbox 389 2893 473 2927; x_wconf 88' lang='lat' dir='ltr'>Psal.</span> <span class='ocrx_word' id='word_1_323' title='bbox 498 2894 546 2927; x_wconf 87' lang='lat'>51.</span> <span class='ocrx_word' id='word_1_324' title='bbox 571 2894 668 2928; x_wconf 86' lang='lat' dir='ltr'>Gene.</span> <span class='ocrx_word' id='word_1_325' title='bbox 693 2895 723 2934; x_wconf 84' lang='lat'>6,</span> <span class='ocrx_word' id='word_1_326' title='bbox 746 2895 776 2928; x_wconf 92' lang='grc'>8.</span> <span class='ocrx_word' id='word_1_327' title='bbox 1031 2898 1058 2937; x_wconf 79' lang='lat'>²)</span> <span class='ocrx_word' id='word_1_328' title='bbox 1081 2896 1185 2930; x_wconf 80' lang='lat' dir='ltr'>Lucae</span> <span class='ocrx_word' id='word_1_329' title='bbox 1210 2897 1258 2931; x_wconf 91' lang='lat'>15.</span> 
     </span>
    </p>
   </div>
  </div>
 </body>
</html>
