1830 3147
187 107 254 154 [A.
280 107 327 143 D.
356 108 469 154 1551]
922 108 991 143 666

182 216 277 253 aliud
302 220 452 263 tempus.
478 216 674 253 Interim
699 217 846 252 tamen
871 227 964 252 eum
989 215 1117 263 optima
1142 228 1202 263 spe
1230 217 1264 253 in
1290 229 1357 264 qua
1380 228 1445 264 ego
1469 216 1554 253 nihil
1577 218 1716 254 omnino

179 277 363 319 dubito,
394 289 488 313 nam
519 277 666 324 ipsemet
699 288 758 312 rex
792 276 941 324 Angliae
977 279 1156 323 promovet
1186 280 1222 313 et
1246 277 1414 314 sollicitat
1437 290 1576 315 causam
1601 282 1710 314 totam

180 342 215 375 et
238 339 359 385 incipit
391 337 552 373 habere
577 349 650 373 eam
676 338 911 380 autoritatem,
938 341 975 373 ut
999 350 1085 385 quae
1109 337 1167 374 ille
1191 339 1281 374 serio
1305 350 1343 374 se
1368 338 1456 375 velle
1481 338 1715 382 ostendit,

180 399 296 446 negari
320 399 350 435 ei
375 410 445 434 non
470 398 612 444 possint.
660 397 745 434 Sed
776 398 885 434 haec
912 397 1060 433 tacenda
1084 402 1177 434 sunt.
1224 399 1280 435 Et
1314 403 1421 446 puto
1445 402 1547 435 tuae
1573 399 1716 435 celsi-

180 460 329 496 tudini
354 459 496 495 omnia
520 463 631 494 nota
656 460 765 494 fore.
813 459 907 494 Iam
934 470 1040 494 vero
1066 460 1213 495 turbatis
1238 460 1287 495 ila
1311 471 1404 496 nunc
1428 459 1530 495 rebus
1556 464 1591 496 et
1612 472 1717 496 causa

179 520 326 557 foederis
359 521 407 555 ita
441 532 609 567 suspensa
643 519 727 555 nihil
751 518 852 565 plane
885 519 1021 555 video
1055 532 1131 556 nos
1171 533 1303 567 posse
1341 521 1473 556 efficere
1499 520 1571 556 ullo
1596 520 1717 563 modo,

179 581 314 617 etiamsi
347 581 493 616 maxime
527 580 705 622 vellemus,
737 585 772 615 et
796 580 1058 616 Cantuariensis
1083 593 1152 616 non
1178 585 1278 627 putat
1301 581 1485 629 quidquam
1510 582 1716 617 tentandum

178 655 255 678 esse
289 643 325 678 in
358 654 463 678 causa
493 641 811 677 Celsitudinis
849 646 957 677 tuae
992 644 1073 677 ante
1100 641 1223 678 foedus
1246 644 1453 684 confectum,
1486 655 1539 678 ne
1576 647 1619 678 et
1651 655 1715 678 nos

178 704 263 740 nihil
297 704 516 750 impetremus
553 707 589 738 et
628 703 750 738 foedus
785 707 945 749 coeptum
985 702 1223 747 impediamus.
1274 704 1421 742 Quare
1459 704 1601 740 visum
1643 707 1715 740 est

177 777 249 800 rem
292 768 399 799 totam
437 763 571 799 differre
608 763 642 799 in
680 763 774 798 aliud
811 766 948 809 tempus
986 767 1069 799 etc.
1118 764 1353 800 Libellum
1393 764 1716 800 confessionis

177 830 365 861 nostrae
404 829 577 871 gratum
625 824 912 860 Celsitudini
949 828 1057 860 tuae
1100 825 1240 860 fuisse
1282 825 1414 861 valde
1456 825 1634 873 gaudeo
1659 827 1713 870 ⁷),

179 898 297 923 nunc
334 886 415 921 sub
451 886 578 932 prelo
614 889 684 921 est
721 886 948 921 tractatio
981 884 1032 920 de
1066 887 1403 928 Sacramentis,
1428 899 1554 934 quam
1581 887 1716 922 etiam

178 947 280 979 tuae
315 943 600 978 Celsitudini
627 943 822 984 mittam,
847 942 983 978 simul
1009 947 1147 989 atque
1173 943 1451 980 absolvetur.
1500 944 1716 980 Ecclesia

175 1010 352 1045 nostra,
375 1003 521 1050 gratia
558 1002 622 1038 sit
656 1002 768 1038 Deo!
803 1002 1166 1048 multiplicatur,
1201 1005 1243 1039 in
1269 1016 1351 1052 qua
1378 1004 1603 1051 publicam
1628 1005 1713 1040 iam

174 1065 479 1101 instituimus
516 1064 835 1111 disciplinam,
871 1076 957 1100 non
994 1064 1090 1100 sine
1128 1066 1315 1101 niaximo
1351 1066 1505 1101 fructu
1548 1066 1714 1101 multo-

176 1136 280 1159 rum.
330 1124 633 1160 Vehementer
658 1129 806 1160 autem
832 1125 951 1161 scire
976 1136 1203 1171 cuperem,
1231 1137 1452 1171 quaenam
1479 1126 1591 1162 istic
1618 1130 1713 1161 tur·

177 1184 256 1220 bae
293 1185 389 1220 sint
421 1188 608 1221 exortae
640 1185 684 1220 in
720 1185 938 1221 doctrina
972 1185 1267 1232 Theologica.
1319 1184 1469 1222 Multa
1502 1186 1612 1222 enim
1646 1186 1715 1221 di-

176 1248 342 1282 cuntur
378 1250 420 1280 et
454 1246 724 1282 scribuntur
762 1247 942 1293 passim,
969 1247 1136 1294 quibus
1171 1260 1252 1294 ego
1286 1247 1474 1283 credere
1500 1260 1585 1283 non
1612 1259 1714 1293 pos—

175 1318 280 1341 sum.
314 1306 639 1353 Interrogatus
674 1309 820 1342 tamen
846 1319 866 1342 a
890 1307 1072 1348 multis,
1098 1320 1181 1343 non
1216 1307 1354 1344 habeo
1380 1309 1501 1355 quod
1527 1321 1713 1355 respon·

175 1367 309 1402 deam.
349 1366 553 1402 Doslerem
578 1372 723 1409 certe,
754 1379 856 1403 vera
881 1380 1000 1408 esse,
1025 1380 1136 1416 quae
1161 1368 1390 1406 dicuntur.
1425 1370 1478 1406 Et
1504 1369 1714 1416 proinde,

175 1439 344 1463 summo
366 1439 458 1463 cum
484 1427 719 1464 desiderio
746 1432 940 1475 expecto
965 1429 1026 1470 id,
1051 1430 1169 1476 quod
1195 1433 1270 1466 tua
1295 1430 1546 1466 Celsitudo
1571 1431 1612 1466 in
1634 1430 1713 1466 lit-

178 1489 293 1524 teris
340 1489 612 1535 pollicetur,
661 1501 815 1536 nempe
865 1494 910 1525 ut
961 1502 1019 1525 me
1058 1491 1296 1526 certiorem
1335 1503 1412 1538 pro
1449 1491 1600 1538 gratia
1635 1505 1713 1527 sua

177 1550 358 1592 reddat,
396 1563 478 1598 quo
516 1551 557 1586 in
594 1551 781 1586 cardine
823 1563 891 1586 res
927 1551 1040 1587 istic
1076 1551 1340 1598 theologica
1367 1557 1589 1589 versetur.
1639 1554 1714 1589 In·

175 1623 283 1658 gens
315 1611 431 1646 fama
467 1615 537 1646 est
577 1616 619 1646 et
643 1611 793 1647 indies
829 1611 973 1658 magis
1012 1624 1063 1649 ac
1089 1613 1227 1658 magis
1254 1612 1440 1649 litteris
1465 1614 1712 1650 multorum

177 1673 499 1713 confirmatur,
539 1672 819 1708 Osiandrum
865 1685 979 1708 nova
1023 1673 1129 1709 istie
1174 1674 1392 1720 quaedam
1439 1685 1716 1722 prorsusque

175 1733 403 1780 paradoxa
439 1732 649 1781 dogmata
688 1745 863 1773 serere,
901 1746 1013 1781 quae
1052 1747 1163 1769 nova
1198 1746 1373 1770 rursum
1410 1734 1608 1771 dissidia
1642 1749 1714 1782 pa·

175 1795 308 1831 riant.
357 1795 474 1833 Quin
500 1800 543 1830 et
571 1800 687 1829 tuam
715 1807 897 1842 quoquc
923 1794 1254 1830 celsitudinem
1282 1808 1365 1830 non
1391 1796 1504 1831 omni
1531 1808 1711 1842 prorsus

175 1867 227 1890 ex
264 1858 407 1901 parte,
432 1859 480 1891 ut
516 1867 666 1890 verum
701 1856 868 1896 fatear,
905 1854 1127 1894 liberant,
1162 1855 1278 1902 quod
1305 1859 1452 1891 tamen
1477 1868 1572 1892 cum
1600 1856 1713 1892 bona

176 1919 284 1951 tuae
319 1915 628 1951 celsitudinis
664 1915 820 1962 gratia
846 1915 1022 1951 dictum
1050 1919 1162 1951 esto.
1214 1916 1375 1951 Putavi
1402 1916 1574 1951 veroid
1601 1920 1710 1952 tuae

176 1976 456 2013 celsitudini
493 1975 858 2022 significandum
905 1988 1004 2011 esse
1061 1989 1135 2023 pro
1182 1989 1272 2011 mea
1310 1976 1354 2012 in
1392 1976 1517 2012 illam
1563 1976 1714 2013 obser-

175 2038 332 2072 vantia
366 2042 408 2072 et
441 2036 554 2077 fide,
592 2036 953 2083 quandoquidem
988 2036 1123 2072 video
1149 2049 1306 2072 nomen
1335 2041 1438 2072 tuae
1464 2036 1712 2073 celsitudi-

173 2098 243 2133 nis
285 2098 328 2133 in
368 2098 522 2134 nescio
560 2109 669 2144 quas
709 2098 1007 2143 suspiciones
1044 2097 1222 2139 vocari,
1265 2110 1284 2133 a
1320 2097 1485 2144 quibus
1529 2089 1710 2134 interim

176 2164 297 2194 tuam
333 2157 662 2193 celsitudinem
702 2157 888 2193 liberam
928 2170 1025 2193 esse
1061 2158 1241 2193 omnino
1277 2162 1321 2193 et
1354 2169 1487 2204 spero
1523 2161 1566 2193 ct
1591 2163 1711 2205 opto.
1763 2206 1765 2208 Ι

175 2220 236 2254 De
272 2217 496 2254 Osiandri
532 2218 795 2254 eruditione
831 2218 949 2254 nihil
986 2218 1148 2259 dicam,
1184 2219 1262 2265 qui
1288 2230 1419 2254 meam
1447 2219 1542 2264 ipse
1568 2219 1711 2255 insci—

176 2280 281 2315 tiam
320 2279 439 2315 satis
476 2290 694 2325 agnosco,
728 2279 808 2314 sed
844 2279 1076 2324 ingenium
1113 2279 1311 2314 hominis
1342 2279 1498 2314 multis
1536 2283 1580 2314 et
1621 2279 1710 2325 piis

174 2347 219 2376 et
244 2340 397 2376 doctis
422 2339 537 2375 viris
568 2343 833 2386 suspectum
859 2340 942 2375 iam
979 2339 1085 2375 olim
1122 2339 1266 2375 fuisse
1292 2352 1379 2375 non
1404 2340 1576 2385 ignoro.
1615 2341 1712 2377 Non

175 2405 406 2449 putassem
434 2403 602 2442 tamen,
638 2400 763 2436 illum
797 2401 876 2436 hoc
910 2402 1182 2447 praesertim
1207 2401 1273 2436 ita
1298 2400 1578 2437 turbulento
1603 2409 1712 2437 tem-

176 2474 279 2508 pore
323 2474 462 2497 novos
500 2460 550 2496 de
585 2460 797 2497 doctrina
834 2465 979 2496 motus
1017 2462 1336 2498 excitaturum
1373 2474 1486 2503 esse,
1526 2475 1611 2498 non
1635 2462 1711 2497 ad-

176 2522 365 2559 monitis
422 2522 638 2569 privatim
689 2521 887 2568 reliquis
936 2523 1179 2566 Eeclesiis,
1236 2535 1347 2570 quas
1407 2523 1706 2569 Evangelium

174 2583 351 2619 Christi
387 2583 604 2631 profiteri
646 2587 688 2619 et
727 2583 807 2619 hoc
851 2584 1030 2619 nomine
1071 2584 1216 2619 multa
1257 2584 1350 2625 jann
1387 2596 1548 2629 passas
1587 2596 1708 2626 esse,

175 2655 259 2679 non
297 2644 488 2689 ignorat.
547 2644 605 2679 Ut
643 2647 689 2678 ut
726 2646 875 2678 autem
916 2643 960 2678 id
1004 2656 1048 2679 se
1088 2643 1269 2684 habeat,
1320 2644 1516 2690 optarim
1550 2656 1707 2678 nomeu

176 2705 281 2738 tuae
326 2703 632 2739 celsitudinis
683 2702 941 2749 tragoediis
989 2703 1263 2739 istiusmodi
1309 2716 1395 2738 non
1442 2704 1710 2749 praetendi,

176 2776 257 2812 pro
300 2775 390 2798 mea
426 2763 468 2798 in
509 2763 636 2799 illam
674 2763 993 2804 observantia,
1033 2764 1149 2811 quod
1197 2762 1374 2811 quidem
1414 2763 1457 2798 in
1497 2763 1708 2809 optimam

177 2829 348 2873 partem
385 2835 404 2859 a
440 2828 517 2860 tua
553 2823 841 2860 celsitudine
866 2822 1013 2871 accipi
1037 2824 1248 2870 postulo,
1273 2826 1321 2858 ut
1344 2822 1417 2870 qui
1443 2822 1560 2858 nihil
1584 2823 1710 2860 aliud

176 2886 248 2922 hic
287 2886 494 2932 spectem
533 2883 589 2926 (id
632 2884 762 2919 novit
809 2883 1047 2927 Dominus)
1091 2894 1216 2930 quam
1264 2885 1366 2918 tuae
1403 2881 1713 2920 celsitudinis
