1830 3147
99 123 174 161 142

97 234 362 286 pndefactione
396 233 444 271 ad
479 232 777 284 resipiscentiam
811 236 1047 279 revocentur,
1084 237 1160 281 aut,
1187 234 1261 273 nisi
1288 234 1520 286 resipiscant,
1545 238 1632 274 tan-

99 300 182 339 dem
209 301 322 349 (200)
350 311 435 336 cum
461 298 614 350 publico
640 296 833 336 Ecclesiae
857 299 961 336 luctu
985 300 1369 340 excommunicentur.

151 365 193 403 Si
227 377 315 403 vero
351 376 462 402 nemo
498 364 559 411 sit,
594 363 661 415 qui
694 377 716 402 a
753 364 900 402 Coenae
937 377 1006 402 usu
1031 365 1229 403 Seniorum
1255 365 1398 404 iudicio
1423 365 1543 403 arceri
1570 364 1635 403 de-

97 431 196 477 beat,
231 429 490 475 Ecclesiastes‚
524 428 743 480 priusquam
769 429 942 467 Psalmus
970 433 1155 468 extremus
1185 430 1415 477 decantetur,
1451 434 1535 480 aget
1561 430 1634 468 1100

98 496 252 535 1101111110
288 494 430 545 gratias
465 493 546 533 Deo
581 498 619 533 et
651 494 881 546 precabitur,
918 499 958 532 ut
992 493 1031 532 id
1073 494 1126 532 ita
1152 500 1372 547 perpetuum
1398 495 1439 533 in
1466 494 1637 532 Ecclesia

97 573 178 600 0330
211 560 344 611 possit.
398 558 589 597 Admonet
616 565 742 597 tamen
779 558 824 597 de
861 558 1052 610 hypocrisi
1085 562 1205 597 totam
1237 559 1458 606 Ecclesiam,
1492 564 1535 597 ut
1562 558 1637 597 sibi

99 625 258 678 quisque
283 624 333 663 ab
358 624 425 662 illa
453 630 593 663 caveat.
630 624 742 662 Nihil
768 623 869 662 enim
897 623 1074 674 prodesse
1101 623 1321 675 hypocritis,
1346 624 1448 676 quod
1475 624 1522 662 ad
1543 623 1638 662 Coe-

99 703 169 729 nae
211 703 318 728 nsum
355 688 496 727 iudicio
535 688 800 727 Ministromm
837 688 1028 726 Ecclesiae
1061 688 1320 728 admittantur.
1374 689 1440 726 Illi
1475 702 1638 740 namque

100 768 178 794 non
213 759 366 798 norunt,
399 753 491 805 quid
525 753 566 791 in
594 753 747 791 homine
773 754 900 798 lateat,
927 752 992 791 sed
1018 753 1124 791 iuxta
1151 753 1192 791 id
1220 753 1414 800 duntaxat,
1440 753 1543 804 quod
1568 766 1637 791 au-

101 820 212 859 diunt
242 825 280 858 et
310 818 450 864 vident,
485 818 667 857 iudicant.
722 820 775 856 At
811 830 899 856 vero
938 817 1058 855 Deum
1096 830 1173 856 non
1201 817 1379 867 effugient
1407 818 1637 869 hypocritae,

99 886 165 938 qui
191 885 332 929 omnia,
357 897 452 935 quae
478 888 565 922 sunt
589 883 631 920 in
657 883 822 929 homine,
860 882 1008 934 penitus
1036 882 1141 921 novit
1167 888 1204 921 et
1232 881 1447 933 hypocritas
1473 896 1495 921 a
1521 895 1638 933 regno

100 963 169 989 suo
196 948 436 988 exclusurum
464 960 502 986 se
528 960 609 986 esse
634 952 808 986 testatur.
863 946 1048 998 Oportere
1074 946 1226 998 quidem
1251 946 1378 985 tritico
1406 960 1549 999 semper
1577 946 1639 985 hic

99 1017 140 1056 in
174 1016 252 1055 vita
287 1014 358 1053 hac
384 1013 569 1052 admixtas
597 1025 677 1051 esse
702 1013 842 1063 paleas,
869 1012 934 1051 sed
962 1012 1008 1051 ad
1037 1018 1245 1051 extremum
1271 1013 1396 1064 paleas
1423 1012 1528 1051 reiici
1555 1025 1637 1051 om·

100 1095 180 1128 nes,
207 1081 330 1120 solum
356 1084 479 1119 autem
507 1078 672 1117 triticum
701 1078 742 1115 in
770 1077 946 1114 horreum
972 1076 1117 1128 reponi.

155 1150 282 1199 Atque
305 1146 360 1184 ita
386 1144 505 1183 finitis
532 1142 750 1182 istiusmodi
776 1141 1103 1180 admonitionibus
1133 1142 1280 1180 canitur
1307 1141 1480 1180 Psalmus
1502 1141 1638 1193 aliquis

102 1212 347 1263 Ecclesiaque
373 1210 522 1248 demum
550 1207 758 1247 demittitur
785 1207 825 1244 111
853 1219 943 1258 pace
971 1220 1056 1244 cum
1084 1206 1348 1244 benedictione
1375 1210 1410 1244 et
1435 1219 1637 1258 pauperum

102 1275 438 1320 commendatione,
463 1271 781 1325 quemadmodum
806 1271 847 1309 in
874 1271 1130 1323 superioribus
1158 1275 1215 1310 est
1242 1271 1395 1310 dictum.
1423 1272 1536 1320 (201)

155 1405 290 1444 Quae
313 1403 423 1455 ipso
450 1401 636 1440 Coenae
662 1398 953 1438 Dominicae
980 1398 1056 1437 die
1081 1398 1221 1437 fiant.

153 1532 213 1571 Eo
239 1532 322 1584 ipso
349 1531 421 1578 die,
447 1543 522 1582 quo
552 1529 677 1567 Coena
704 1527 859 1566 Domini
885 1525 1139 1565 administrari
1168 1525 1290 1572 debet,
1313 1524 1532 1576 priusquam
1548 1537 1640 1562 con-

103 1597 228 1635 veniat
263 1594 444 1639 Ecclesia,
473 1605 612 1637 mensa,
639 1604 734 1643 quae
761 1596 817 1629 est
844 1591 884 1628 111
912 1589 1028 1627 totius
1056 1588 1248 1626 Ecclesiae
1274 1594 1487 1640 prospectu,
1514 1600 1640 1639 panno

102 1661 203 1699 lineo
231 1657 373 1697 mundo
398 1657 621 1694 insternitur
646 1660 740 1700 tota,
766 1655 805 1692 in
835 1653 940 1692 cuius
969 1652 1177 1691 meditullio
1205 1659 1366 1703 quatuor
1385 1652 1480 1690 vitra
1503 1652 1641 1689 circum

103 1728 179 1762 tres
221 1722 348 1760 lances
392 1726 568 1758 stanneas
613 1718 964 1768 circumponuntur.
1019 1715 1067 1753 In
1106 1728 1181 1753 una
1217 1727 1304 1752 vero
1340 1714 1456 1752 trium
1488 1714 1641 1751 illarum

101 1787 270 1826 lancium
305 1784 469 1824 cibarius
503 1783 612 1835 panis
649 1782 757 1820 albus
792 1782 833 1820 in
870 1794 979 1819 usum
1018 1781 1166 1818 Coenae
1199 1780 1392 1831 reponitur
1419 1793 1463 1817 ac
1500 1779 1642 1818 mundo

103 1853 221 1902 linteo
250 1850 475 1899 contegitur.
529 1848 635 1887 Duae
655 1860 740 1886 vero
769 1847 896 1885 lances
924 1846 1089 1884 minores
1117 1845 1163 1883 ab
1192 1851 1351 1896 utroque
1378 1845 1531 1883 maioris
1558 1847 1643 1883 lan·

106 1917 172 1965 cis,
210 1917 252 1955 in
286 1929 360 1968 qua
395 1914 504 1966 panis
537 1913 724 1965 repositus
761 1917 828 1958 est,
862 1912 978 1950 latere
1010 1915 1205 1962 ponuntur
1240 1923 1388 1956 vacuae,
1424 1914 1464 1949 ut
1491 1911 1531 1949 in
1558 1910 1644 1948 illas

105 1988 235 2035 postea
270 1982 308 2020 in
346 1981 427 2032 ipso
465 1980 611 2018 Coenae
644 1991 714 2017 usu
753 1977 861 2029 panis
898 1977 1042 2015 fractus
1078 1990 1143 2027 per
1181 1976 1400 2014 Ministrum
1441 1980 1645 2027 reponatur

106 2052 142 2087 et
169 2047 218 2086 ad
243 2059 393 2084 mensae
429 2044 577 2082 demum
613 2044 726 2081 finem
764 2042 942 2093 utrinque
975 2041 1016 2079 in
1045 2041 1170 2079 cibum
1207 2040 1275 2087 1113,
1313 2040 1379 2092 qui
1405 2041 1646 2088 accumbunt,

106 2110 362 2164 protrudatur.
416 2108 550 2147 Mensa
584 2120 698 2159 porro
735 2106 781 2145 ad
810 2106 912 2144 hunc
946 2105 1100 2143 modum
1135 2105 1335 2149 instructa,
1363 2106 1540 2144 convenit
1566 2106 1643 2144 Ec·

109 2177 220 2216 clesia
257 2175 356 2214 circa
393 2174 525 2212 horam
561 2178 733 2211 octavam
768 2171 1007 2217 matutinam,
1042 2170 1285 2222 Ministrique
1320 2183 1364 2209 ac
1399 2171 1573 2209 Seniores
1610 2174 1648 2209 et

108 2244 271 2284 Diaconi
307 2255 436 2281 omnes
472 2241 577 2279 iuxta
615 2252 702 2278 suos
739 2238 892 2277 ordines
921 2237 1118 2275 consident
1145 2250 1187 2275 eo
1215 2237 1311 2282 loco,
1340 2237 1404 2275 ubi
1431 2250 1558 2275 mensa
1585 2237 1645 2275 in-

108 2313 250 2348 structa
286 2307 457 2352 habetur,
491 2310 533 2344 ut
569 2319 590 2343 a
623 2309 704 2343 tota
739 2303 908 2341 Ecclesia
947 2302 1114 2353 conspici
1149 2302 1310 2353 possint.
1363 2302 1460 2339 Tum
1498 2301 1645 2339 demum

108 2386 196 2413 vero
234 2376 453 2422 suggestum
490 2369 712 2408 conscendit
747 2381 846 2406 unus
883 2380 928 2405 ex
966 2367 1156 2405 Ministris
1204 2371 1240 2405 et
1274 2366 1464 2418 publicam
1502 2365 1648 2403 orditur

110 2437 343 2481 concionem,
386 2437 425 2474 in
473 2449 547 2487 qua
601 2432 906 2485 expo-(202)nit,
950 2432 1130 2483 quidnam
1174 2431 1414 2483 potissimum
1450 2430 1562 2469 nobis
1598 2429 1648 2468 sit

111 2501 423 2541 considerandum
458 2500 498 2538 in
536 2512 640 2538 sacra
678 2499 825 2536 Coenae
862 2497 1085 2535 Dominicae
1120 2497 1280 2541 actione,
1307 2500 1550 2547 posteaquam
1577 2507 1647 2532 nos

108 2569 197 2614 iam,
233 2571 275 2605 ut
305 2571 426 2604 -antea
455 2565 595 2603 dictum
624 2568 693 2609 est,
729 2562 1021 2614 exploravimus,
1054 2567 1131 2600 tam
1161 2563 1200 2600 in
1225 2561 1300 2600 Dei
1327 2560 1520 2611 nostrique
1546 2559 1649 2611 pari-

109 2638 166 2673 ter
194 2630 423 2681 cognitione,
449 2643 559 2681 quam
587 2629 699 2667 etiam
726 2628 764 2667 in
794 2626 881 2666 fidei
910 2633 1061 2666 nostrae
1087 2627 1187 2665 intra
1215 2639 1286 2664 nos
1313 2625 1416 2678 ipsos
1442 2624 1647 2674 investiga-

110 2698 227 2745 tione,
253 2696 300 2734 ad
329 2695 429 2733 hunc
455 2694 619 2733 modum.
1317 2722 1331 2737 ,
1390 2732 1399 2740 ⁸
