1830 3147
64 578 181 611 Matth.
206 578 255 610 18.

349 141 420 177 582
876 146 969 174 cm.
1000 146 1107 174 ECGL.
1138 146 1237 175 ΕΜυ.

721 258 773 285 DE
802 257 911 285 mse]
918 256 1036 285 PLINA
1069 257 1391 286 EchESIAsTch.

981 375 1031 414 Q.
1061 377 1122 417 70.

401 442 553 482 Quibus
592 441 715 480 verbis
745 440 932 479 Dominus
961 440 1200 492 disciplinam
1230 440 1536 480 Ecclesiasticam
1562 441 1754 481 instituit?

1030 505 1077 544 R.

399 571 439 609 Si
475 572 698 623 peccaverit,
724 570 863 621 inquit,
899 569 940 607 in
977 573 1013 607 te
1050 569 1167 607 frater
1203 574 1302 618 tuus,
1330 570 1423 609 vade
1458 574 1494 609 et
1521 583 1634 621 argue
1669 584 1753 609 eum

285 646 287 652 ’
347 635 445 673 inter
479 640 526 681 te,
562 640 597 673 et
631 635 753 686 ipsum
793 634 932 678 solum,
967 632 1000 671 si
1037 637 1073 671 te
1109 633 1283 679 audierit,
1320 634 1487 673 lucratus
1524 648 1562 673 es
1599 635 1752 673 tratrem

57 1365 175 1398 Matth.
200 1366 250 1399 18.

57 1408 72 1438 1
99 1408 244 1442 Corinth.
269 1411 298 1443 5.

58 1450 139 1482 Heb.
164 1451 192 1484 3.

56 2001 65 2029 l
95 1998 240 2031 Corinth.
265 2001 293 2032 ὅ.

54 2042 171 2073 Mutth.
197 2042 245 2075 lb'.

51 2083 70 2113 2
93 2083 180 2115 Tess.
203 2085 233 2119 3.

54 2124 171 2156 Matth.
197 2127 225 2159 5.

53 2167 129 2198 LUC.
156 2167 203 2200 17.

55 2210 74 2240 2
97 2210 171 2242 Cor.
194 2211 223 2244 2.

53 2583 71 2615 2
96 2583 242 2618 Corinth.
265 2584 294 2618 2.

54 2626 171 2657 Matth.
198 2628 246 2659 18,

53 2667 69 2698 1
95 2668 240 2700 Corinth.
265 2670 294 2701 5.

346 705 464 740 tuum.
495 700 561 738 Sin
591 713 676 738 vero
705 703 742 737 te
769 712 847 737 non
875 697 1047 742 audierit,
1075 697 1213 736 adhibe
1240 698 1365 737 adhuc
1390 703 1516 738 tecum
1543 712 1659 738 unum
1688 702 1753 738 aut

348 766 454 810 duos,
482 771 523 803 ut
550 765 589 803 in
618 778 681 803 ore
710 765 869 802 duorum
899 768 963 801 aut
989 763 1103 801 trium
1132 763 1286 801 testium
1325 764 1506 802 consistat
1533 777 1643 803 omne
1670 778 1752 803 ver-

348 831 448 868 bum.
507 829 658 868 Quodsi
685 842 762 867 non
791 828 953 866 audierit
981 840 1056 870 eos.
1085 827 1146 865 dic
1173 827 1377 868 Ecclesiae.
1440 828 1591 867 Quodsi
1617 829 1752 867 Eccle-

347 894 439 931 siam
469 906 543 931 non
573 893 744 937 audierit,
773 893 821 930 sit
849 892 920 930 tibi
949 892 1049 930 velut
1077 891 1266 929 Ethnicus
1294 896 1329 931 et
1357 892 1599 931 Publicanus.
1629 894 1752 931 Amen

346 958 430 996 dico
469 958 590 1002 vobis,
625 970 868 1009 quaecunque
904 956 1150 1006 alligaveritis
1179 970 1290 1008 super
1317 961 1467 1002 terram,
1494 960 1606 996 erunt
1634 958 1752 1008 ligata

344 1023 384 1061 in
413 1023 528 1071 coelo,
557 1027 592 1061 et
620 1035 864 1074 quaecunque
893 1021 1082 1060 solveritis
1111 1034 1221 1073 super
1249 1026 1400 1068 terram,
1426 1025 1536 1061 erunt
1563 1021 1684 1061 soluta
1710 1022 1751 1061 in

345 1089 462 1128 coele.

983 1151 1033 1190 Q.
1065 1153 1124 1192 71.

396 1216 502 1256 Quid
529 1220 584 1256 est
612 1219 766 1255 externa
794 1214 986 1254 Ecclesiae
1015 1215 1244 1267 disciplina?

394 1348 464 1386 Est
498 1346 691 1385 institutio
731 1346 886 1391 Christi,
922 1358 996 1397 qua
1035 1344 1181 1394 singula
1216 1344 1334 1383 totius
1361 1343 1554 1382 Ecclesiae
1581 1343 1748 1382 membra

341 1413 467 1464 lapsos
496 1412 631 1449 fratres
660 1410 794 1447 ordine
820 1409 928 1447 iuxta
957 1408 1111 1446 verbum
1140 1407 1210 1446 Dei
1238 1420 1389 1446 monere
1417 1412 1529 1459 atque
1546 1407 1748 1457 obiurgare

341 1480 528 1514 tenentur.
558 1475 606 1512 Et
634 1487 677 1512 ex
706 1473 863 1511 adverso
894 1472 989 1523 lapsi
1016 1471 1327 1526 admonitionem,
1356 1471 1748 1522 obiurgationemque‚

339 1538 546 1592 poenitenti
583 1537 724 1583 animo,
767 1536 923 1575 minime
958 1539 1224 1586 repugnanter,
1264 1535 1312 1573 ad
1350 1534 1408 1574 sui
1446 1534 1746 1573 emendationem

339 1605 519 1657 accipere.

940 1756 943 1761 ·
974 1729 1025 1768 Q.
1056 1731 1114 1770 72.

390 1799 427 1836 Si
459 1798 542 1850 quis
570 1795 721 1835 interim
749 1794 875 1833 animo
905 1793 1096 1845 poenitere
1125 1792 1265 1840 nescio,
1295 1805 1424 1830 omnes
1443 1791 1744 1831 admonitionum

336 1864 475 1914 gradus
504 1866 732 1908 contemnat,
760 1858 949 1911 quomodo
977 1862 1069 1897 tunc
1097 1857 1283 1908 agendum
1312 1858 1394 1896 est?

1014 1922 1061 1961 R.

387 1993 485 2030 Eum
525 1989 692 2029 Ministri
730 1992 812 2026 eum
851 1986 1084 2031 Senioribus,
1122 1985 1294 2024 adhibito
1324 1985 1515 2024 Ecclesiae
1544 1998 1744 2030 consensu,

338 2061 516 2108 tanquam
554 2053 833 2092 inobedientem
862 2056 899 2089 et
933 2051 1184 2102 praefractum
1215 2049 1405 2087 hominem
1432 2063 1453 2096 a
1483 2050 1745 2087 communione

338 2134 465 2159 arcere
492 2124 604 2170 atque
631 2116 954 2156 excommunicare
983 2115 1133 2154 debent.
1178 2115 1230 2152 Ea
1259 2119 1384 2152 tamen
1414 2115 1506 2164 lege,
1532 2118 1573 2152 ut
1602 2114 1633 2151 si
1659 2117 1744 2165 post

339 2182 777 2236 [excommunicationem]
807 2180 1024 2219 admonitus
1051 2179 1247 2230 resipiscat
1276 2179 1346 2229 [ad
1369 2179 1582 2227 Dominum]
1611 2178 1743 2216 Eccle-

338 2251 487 2301 siaeque
514 2248 646 2298 (faciat
675 2245 794 2295 satis,)
821 2245 1068 2295 [satisfacere
1090 2247 1254 2293 parabus
1283 2243 1354 2293 sit]
1382 2243 1422 2281 in
1447 2242 1607 2292 gratiam
1635 2242 1743 2280 illum

338 2315 538 2366 accipiant.

963 2373 1013 2412 Q.
1045 2374 1103 2413 73.

390 2445 585 2484 Quorsum
613 2441 713 2480 hanc
740 2438 983 2490 disciplinam
1010 2435 1177 2475 instituit
1206 2435 1407 2474 Christus?

1004 2502 1051 2543 R.

387 2573 442 2612 Ut
478 2572 569 2622 (hoc
604 2569 712 2622 quasi
739 2569 888 2616 fraeno)
918 2565 1030 2604 miser
1056 2568 1231 2617 peccator
1260 2563 1465 2613 (domitus)
1490 2562 1530 2600 in
1557 2562 1654 2601 viam
1682 2575 1741 2601 re-

338 2638 434 2683 deat,
471 2637 597 2675 omnia
625 2632 849 2673 offendicula
876 2631 1008 2682 procul
1035 2630 1083 2668 ab
1113 2628 1282 2667 Ecclesia
1310 2631 1519 2673 arceantur,
1546 2632 1580 2664 et
1609 2626 1740 2665 Eccle-

337 2703 391 2741 sia
419 2707 499 2740 tum
526 2702 565 2740 in
594 2699 799 2743 doctrinae,
826 2700 909 2734 tum
936 2696 976 2732 in
1005 2694 1108 2733 vitae
1135 2706 1286 2746 quoque
1304 2691 1475 2730 sanitate
1501 2692 1621 2742 possit
1650 2704 1740 2730 con-

336 2767 461 2812 tineri,
488 2770 675 2817 praeterea
704 2776 749 2801 ne
776 2760 875 2813 apud
904 2760 1002 2804 illos,
1031 2759 1096 2810 qui
1124 2762 1213 2798 sunt
1240 2761 1345 2797 extra
1362 2756 1585 2804 Ecclesiam,
1614 2755 1740 2807 aliqua

335 2831 375 2871 in
404 2830 474 2869 Dei
503 2842 640 2870 nomen
667 2826 825 2867 infamia
852 2822 1049 2862 redundet.
