1830 3147
1533 131 1606 171 267

123 244 251 284 Finita
296 242 511 296 precatione
556 246 668 282 vertit
704 256 741 281 se
781 241 955 281 Minister
991 241 1037 280 ad
1075 255 1194 281 novos
1231 241 1424 292 coniuges,
1458 240 1610 293 illisque

69 310 306 349 auscultante
333 307 504 348 Ecclesia
532 307 722 346 benedicit
749 308 788 346 in
819 307 920 345 hunc
945 307 1121 346 modum:

126 456 145 473 n
160 438 262 477 Deus
290 437 468 489 Optimus
498 436 703 482 Maximus,
731 436 846 475 vestri
866 436 976 474 huius
997 436 1164 487 coniugii
1184 442 1306 483 autor,
1325 437 1522 477 benedicat
1542 450 1609 475 vo-

71 503 129 542 bis
163 503 206 542 in
242 501 434 551 coniugali
473 501 542 540 hac
581 501 760 539 societate
797 506 931 548 vestra,
959 507 1000 540 ut
1027 515 1094 540 vos
1121 502 1224 554 ipsos
1251 502 1289 541 in
1317 506 1440 541 vestro
1468 503 1611 541 semine

72 567 322 618 multiplicare
366 579 431 617 per
473 565 637 615 gratiam
680 565 798 617 ipsius
842 566 1012 617 illudque
1047 566 1087 604 in
1124 567 1260 604 timore
1294 567 1414 618 ipsius
1451 567 1611 606 educare

70 631 236 682 possitis,
270 634 455 682 quatenus
491 629 530 667 id
567 629 632 668 ille
669 630 854 681 pertinere
890 630 998 668 novit
1026 630 1071 668 ad
1099 633 1211 680 (619)
1239 631 1399 681 gloriam
1426 631 1611 671 adorandi

71 695 129 734 sui
158 694 334 740 nominis,
354 690 407 733 ‘ad
439 700 597 732 vestram
626 694 793 746 ipsorum
822 685 978 734 salutem
1008 700 1044 734 et
1072 696 1263 734 Ecclesiae
1291 710 1379 734 suae
1410 710 1610 736 ornamen-

70 766 150 799 tum
187 765 299 812 atque
335 759 649 799 aedificationem.
703 760 743 798 Is
779 760 897 810 igitur
926 761 1034 799 vobis
1062 766 1098 798 et
1126 761 1236 800 nobis
1266 761 1404 813 pariter
1432 762 1610 801 omnibus

69 825 212 863 adesse·
229 825 419 874 dignetur.
451 824 615 864 Amen.''

123 957 256 996 Postea
294 957 442 996 canitur
476 957 649 996 Psalmus
685 970 706 995 a
743 961 824 996 tota
864 957 1050 997 Ecclesia:
1090 958 1196 996 Beati
1225 971 1355 996 omnes
1383 958 1448 1010 qui
1474 959 1611 998 timent

71 1022 291 1067 Dominum,
333 1024 419 1069 128,
455 1027 519 1061 aut
555 1023 725 1061 Psalmus
764 1025 858 1064 127:
905 1023 992 1061 Nisi
1030 1023 1216 1062 Dominus
1251 1024 1505 1063 aedificaverit
1541 1025 1610 1062 do·

71 1101 185 1135 mum,
221 1110 272 1119 —
309 1088 582 1140 decantatoque
618 1089 767 1126 Psalmo
806 1089 1011 1127 dimittitur
1048 1089 1215 1127 Ecclesia
1245 1103 1327 1127 cum
1359 1090 1468 1128 solita
1499 1090 1611 1128 bene-

70 1153 251 1201 dictione,
276 1157 313 1191 et
339 1166 545 1202 egenorum
574 1153 910 1192 commendatione.

342 1294 393 1321 DE
431 1294 715 1322 AEGROTORUM
755 1294 1024 1322 vlsrrA'rloNE
1062 1294 1104 1321 ΙΝ
1145 1295 1335 1323 BCCLESIA

691 1359 997 1387 GERMANORUM.

122 1545 443 1597 Quandoquidem
482 1546 664 1584 Germani
702 1551 851 1584 nostrae
884 1546 1080 1584 Ecclesiae
1115 1559 1244 1585 omnes
1273 1547 1430 1598 sparsim
1459 1561 1524 1600 per
1551 1555 1609 1586 to-

70 1615 147 1648 tam
183 1609 372 1648 civitatem
411 1610 692 1648 Londinensem
730 1609 913 1657 habitant,
951 1610 1006 1647 sic
1042 1614 1082 1648 ut
1118 1610 1285 1649 ministri
1321 1624 1396 1649 non
1426 1612 1537 1651 facile
1566 1613 1611 1651 de

70 1676 212 1714 morbis
248 1676 418 1714 omnium
454 1689 598 1728 semper
635 1676 730 1713 scire
766 1675 926 1727 possint,
961 1680 1138 1714 monetur
1174 1676 1335 1714 subinde
1373 1677 1542 1716 Ecclesia
1569 1679 1609 1716 in

68 1741 231 1792 publicis
260 1741 520 1785 concionibus,
547 1745 602 1787 ut,
630 1741 661 1778 si
689 1741 773 1792 quis
800 1741 839 1778 in
868 1741 1043 1778 morbum
1071 1742 1170 1779 sorte
1197 1741 1359 1793 aliquem
1388 1742 1545 1789 incidat,
1570 1744 1610 1782 id

68 1811 111 1844 ut
137 1807 196 1844 vel
222 1819 332 1856 aeger
358 1807 439 1858 ipse
465 1820 531 1858 per
558 1819 658 1853 suos,
687 1807 745 1844 vel
773 1806 890 1845 vicini
915 1806 1047 1858 ipsius.
1075 1807 1106 1844 si
1133 1807 1199 1858 qui
1226 1807 1302 1846 sint
1331 1821 1350 1845 e
1379 1813 1507 1846 nostra
1535 1809 1608 1847 Ec-

68 1871 192 1918 clesia,
228 1871 411 1910 continuo
446 1871 616 1910 indicent
653 1871 843 1911 Ministris
879 1876 945 1910 aut
972 1872 1195 1910 Senioribus
1225 1872 1429 1912 Ecclesiae.
1485 1875 1611 1926 Atque

68 1941 147 1975 tum
193 1937 368 1988 protinus
405 1937 660 1987 designantur,
698 1937 762 1989 qui
797 1940 1132 1988 ae—(620)grotum
1170 1938 1324 1977 fratrem
1362 1938 1515 1977 visitent
1543 1940 1610 1978 ad-

69 2005 248 2038 moneant
291 2005 327 2039 et
373 2002 618 2039 consolentur
652 2015 697 2040 ex
736 2002 850 2039 verbo
886 2002 968 2049 Dei,
1005 2016 1075 2054 pro
1111 2016 1154 2040 eo
1192 2016 1236 2041 ac
1273 2003 1451 2055 cuiusque
1487 2018 1609 2042 mores

68 2065 108 2102 id
136 2069 248 2116 atque
276 2066 484 2115 ingenium,
512 2066 646 2103 deinde
676 2079 761 2104 vero
789 2066 869 2117 ipse
895 2067 1050 2104 morbus
1075 2067 1185 2105 etiam
1205 2068 1398 2118 postulare
1423 2068 1610 2107 videntur.

70 2130 125 2168 Ut
160 2130 260 2168 enim
299 2136 386 2169 sunt
414 2131 516 2169 varia
549 2131 744 2169 hominum
771 2132 937 2181 ingenia,
967 2133 1060 2170 varii
1087 2132 1178 2171 item
1206 2133 1244 2170 in
1272 2134 1416 2171 morbis
1445 2133 1610 2180 affectus,

66 2199 104 2233 et
139 2195 231 2233 alias
271 2195 408 2240 minus.
445 2196 537 2234 alias
576 2209 662 2234 vero
692 2196 812 2234 maius
838 2197 879 2234 in
907 2197 1040 2234 morbo
1072 2197 1171 2235 vitae
1197 2198 1421 2249 periculum,
1450 2197 1501 2235 ita
1531 2212 1609 2237 non

68 2264 192 2312 potest
231 2261 344 2298 etiam
382 2274 456 2298 una
485 2267 595 2312 atque
621 2262 750 2299 eadem
778 2262 1079 2300 admonitionum
1108 2276 1154 2300 ex
1183 2263 1297 2300 verbo
1327 2263 1396 2301 Dei
1425 2269 1488 2302 aut
1517 2277 1609 2302 con·

69 2324 298 2363 solationum
326 2326 447 2363 forma
477 2326 599 2375 aegris
628 2339 673 2363 ex
701 2339 818 2377 aequo
848 2326 1026 2364 omnibus
1054 2327 1278 2366 subservire.
1327 2328 1373 2365 In
1404 2328 1473 2366 hoc
1493 2329 1609 2376 igitur

69 2394 124 2428 est
161 2389 350 2433 minister,
374 2395 414 2428 ut
441 2389 481 2428 in
511 2390 688 2428 omnibus
716 2391 812 2442 apud
843 2397 1017 2440 aegrotos
1044 2391 1372 2430 admonitionibus
1401 2405 1444 2430 ae
1473 2405 1609 2432 conso-

66 2454 274 2492 lationibus
309 2468 432 2493 mores
468 2454 654 2506 imprimis
691 2459 804 2507 atque
839 2456 1032 2506 ingenium
1061 2456 1336 2503 decumbentis,
1365 2457 1442 2495 sive
1471 2459 1611 2505 fratris,

68 2519 148 2556 sive
175 2519 330 2565 sororis,
358 2519 556 2570 morbique
581 2520 880 2569 magnitudinem
910 2521 1095 2567 observet,
1124 2525 1160 2559 et
1188 2521 1391 2559 remedium
1420 2522 1612 2569 adhibeat,

68 2597 143 2634 qua
177 2589 284 2634 parte
317 2583 385 2621 illo
421 2584 584 2622 maxime
620 2597 714 2635 opus
751 2598 831 2623 esse
869 2585 983 2632 videt,
1019 2591 1132 2637 atque
1169 2586 1248 2637 ipsa
1276 2587 1389 2625 etiam
1416 2589 1540 2626 morbi
1568 2590 1608 2627 id

70 2648 165 2686 ratio
192 2648 491 2700 magnitudoque
516 2649 715 2700 permittit.
759 2650 893 2701 Neque
922 2651 1035 2688 ullam
1064 2664 1152 2689 sane
1180 2656 1318 2689 certam
1349 2653 1410 2690 hic
1436 2654 1609 2692 admoni-

68 2712 216 2751 tionum
256 2719 321 2752 aut
349 2714 655 2752 consolationum
683 2715 842 2753 formam
870 2716 1139 2767 praescriptam
1169 2716 1350 2756 habemus
1378 2718 1609 2757 habendam·

69 2790 112 2815 ve
149 2791 229 2816 esse
254 2783 442 2829 putamus,
471 2779 548 2825 sed,
576 2792 670 2831 quae
698 2780 737 2818 in
763 2781 943 2819 omnibus
972 2781 1115 2832 alioqui
1143 2782 1285 2820 morbis
1314 2796 1357 2820 ac
1385 2784 1610 2822 calamitati-

69 2841 140 2880 bus
176 2842 370 2880 observari
405 2856 549 2895 semper
586 2844 625 2881 in
661 2857 797 2894 genere
832 2850 993 2896 oportet,
1030 2846 1076 2883 de
1112 2846 1182 2892 his,
1216 2860 1283 2898 pro
1321 2861 1364 2886 eo
1401 2861 1444 2886 ac
1480 2861 1538 2887 res
1566 2862 1609 2886 ac

66 2908 213 2957 tempus
240 2908 477 2958 permittunt,
505 2908 648 2958 aegroti
676 2909 715 2948 in
742 2923 824 2948 eam
853 2911 929 2949 fere
957 2911 1183 2950 seutentiam
1210 2912 1475 2952 admonentur.
1495 2915 1608 2963 (621)
