1830 3147
58 251 161 284 Exod,
183 252 234 283 20.

61 294 77 324 1
101 293 187 326 Petr.
210 295 239 326 2.

60 335 171 368 Roma.
197 337 245 368 13.

60 378 180 420 Philip.
204 380 234 410 2.

63 421 79 451 1
104 421 234 452 Thessa.
258 421 287 452 5.

60 462 177 494 Hebre.
202 464 250 494 13.

61 505 77 536 l
101 505 203 538 Timo.
226 506 254 539 5.

56 967 175 1009 Ephes.
198 967 226 1004 1,
250 968 280 1000 6.

59 1009 163 1041 Levit.
186 1010 236 1041 20.

57 1051 154 1083 Deut.
176 1051 227 1084 27.

57 1093 191 1125 Prover.
214 1094 264 1125 30.

60 1136 78 1166 1
103 1136 187 1167 Sam.
211 1136 239 1174 3,
263 1138 292 1168 4.

58 1177 154 1211 Dent.
176 1178 227 1209 21.

57 1928 76 1958 :2
100 1928 183 1959 Sam.
209 1928 256 1958 19.

57 1969 162 2001 Math.
188 1970 236 2000 10.

58 2011 139 2043 Dan.
160 2012 192 2049 2,
216 2012 245 2043 6.

57 2320 151 2349 Aeta.
174 2318 202 2348 5.

57 2361 162 2392 Math.
184 2359 235 2392 27.

60 2404 155 2433 Exod.
179 2402 228 2432 22.

57 2445 173 2477 I'salm.
197 2445 245 2475 852.

348 119 419 159 378
822 127 994 156 CATEOH.
1026 129 1132 158 acon.
1162 128 1278 158 LoNn.

344 243 432 281 item
470 241 714 292 magistratus
741 246 881 291 noster,
917 243 1109 281 Ecclesiae
1142 245 1318 290 ministri,
1352 246 1464 283 herus
1492 245 1654 297 denique
1682 259 1752 284 no·

346 310 420 345 ster
456 311 492 344 et
529 307 681 344 domina
719 311 860 354 nostra,
894 307 971 344 imo
1010 321 1139 347 omnes
1177 309 1360 357 homines,
1387 324 1406 348 a
1435 309 1572 361 quibus
1599 311 1752 362 aliquod

346 370 567 408 beneficium
602 370 816 422 accipimus,
853 372 917 423 qui
954 385 1022 409 nos
1059 373 1097 410 in
1135 378 1306 412 nostrum
1336 375 1576 412 commodum
1605 374 1754 420 docent,

346 435 513 473 consiliis
559 436 670 473 nobis
716 436 866 481 adsunt,
907 437 1154 475 exhortantur
1191 451 1273 484 nos,
1311 439 1498 488 castigant
1534 444 1569 478 et
1605 439 1754 491 inopiae

343 504 492 536 nostrae
539 499 778 545 subveniunt,
821 500 982 550 denique
1027 500 1075 537 ab
1119 500 1257 539 iniuria
1303 515 1371 540 nos
1417 506 1581 547 tuentur,
1615 503 1753 554 quibus

343 564 519 602 omnibus
546 565 805 609 reverentiam,
833 565 1085 603 obedientiam
1114 570 1224 617 atque
1252 567 1411 605 officium
1442 567 1620 606 debemus
1648 568 1753 606 iuxta

342 628 412 667 Dei
440 629 719 667 ordinationem
749 633 861 680 atque
887 629 1120 668 mandatum.

861 694 998 733 Interr.
1028 697 1090 734 52.
1120 695 1227 744 (191³)

396 759 501 799 Quid
529 758 718 809 significat
745 758 875 797 addita
903 759 968 797 illa
985 760 1188 811 promissio
1207 761 1344 811 longae
1362 774 1635 813 prosperaeque
1656 763 1753 801 vitae

341 824 383 862 in
410 824 481 861 hoc
509 824 738 875 praecepto?

988 889 1102 940 Resp.

394 952 467 989 Fas
510 965 602 997 esse,
637 964 701 989 eos
739 952 805 989 sub
843 951 957 998 bono,
996 952 1210 990 Christiano
1247 953 1430 1002 regimine
1464 967 1508 991 ac
1542 967 1633 1006 pace
1670 967 1752 993 cum

345 1016 488 1053 honore
524 1020 560 1054 et
596 1015 696 1053 bona
733 1016 947 1055 valetudine
983 1017 1047 1054 diu
1084 1017 1209 1054 vivere
1245 1021 1281 1055 et
1308 1017 1503 1056 honestam
1533 1019 1754 1070 beatamque

344 1080 481 1117 habere
509 1079 801 1125 senectudinem,
829 1081 895 1131 qui
922 1094 943 1118 a
970 1081 1129 1132 pueritia
1157 1081 1244 1119 inde
1265 1082 1528 1120 consueverint
1547 1083 1754 1134 unicuique

343 1144 552 1181 modestum
581 1157 630 1188 se,
657 1144 803 1189 utilem,
832 1144 1025 1182 subditum
1054 1149 1090 1182 et
1119 1145 1356 1183 obedientem
1379 1146 1568 1197 praebere.
1607 1146 1751 1185 Quem-

343 1207 547 1245 admodum
576 1207 805 1245 contrarium
841 1221 989 1259 quoque
1017 1209 1055 1246 in
1084 1209 1371 1247 contumacibus
1398 1210 1593 1261 reperitur,
1620 1210 1685 1261 qui
1712 1210 1752 1247 in

344 1273 419 1310 vita
456 1286 521 1310 sna
558 1277 645 1309 ante
680 1272 818 1310 iustum
851 1273 947 1310 diem
976 1274 1197 1311 auferuntur
1224 1277 1260 1311 et
1287 1274 1513 1319 moriuntur,
1539 1276 1645 1313 iuxta
1673 1275 1752 1312 vul-

342 1349 431 1386 gare
464 1336 725 1387 proverbium:
763 1336 842 1375 Qui
878 1337 976 1388 patri
1005 1350 1072 1375 suo
1103 1337 1255 1375 obedire
1282 1339 1386 1386 (20³)
1413 1347 1572 1386 recusat,
1600 1339 1752 1378 obediat

344 1400 523 1440 carnifici.

927 1594 1065 1632 Interr.
1097 1597 1157 1633 53.

395 1659 495 1696 Num
525 1659 641 1708 igitur
668 1659 766 1709 patri
794 1662 829 1696 ct
856 1658 967 1695 matri
995 1662 1030 1696 et
1058 1660 1121 1709 qui
1152 1660 1221 1696 sub
1250 1673 1376 1697 eorum
1408 1660 1559 1698 nomine
1581 1673 1749 1711 compre-

343 1723 571 1768 henduntur‚
597 1724 637 1761 in
666 1723 841 1761 omnibus
870 1722 970 1760 dicto
1000 1724 1194 1762 audientes
1223 1725 1374 1771 erimuS,
1402 1738 1650 1776 quaecunque
1680 1739 1747 1763 no·

343 1788 401 1826 bis
427 1788 656 1838 iniungant?

989 1852 1101 1903 Resp.

396 1916 484 1953 Non
522 1916 586 1954 ita.
643 1917 742 1954 Nam
781 1915 811 1953 si
848 1915 936 1966 quid
978 1916 1086 1953 nobis
1124 1916 1308 1967 imperent
1346 1919 1478 1954 contra
1514 1917 1667 1954 verbum
1705 1930 1749 1955 ac

341 1981 572 2018 voluntatem
610 1980 692 2025 Dei,
727 1981 764 2018 in
802 1983 1001 2032 praecepto
1030 1980 1074 2018 de
1100 1986 1297 2031 parentum
1326 1981 1541 2019 obedientia
1571 1981 1642 2019 hoc
1671 1995 1747 2020 non

342 2044 688 2096 comprehenditur.

923 2108 1061 2147 Interr.
1092 2111 1153 2146 54.

394 2174 498 2212 Quid
531 2170 631 2211 hocP'

983 2237 1094 2288 Resp.

393 2301 584 2339 Nimirum
627 2302 733 2338 iuxta
771 2301 982 2352 exemplum
1019 2302 1288 2352 Apostolorum
1325 2301 1403 2339 Deo
1440 2302 1561 2350 magis
1595 2302 1746 2340 obedi-re

341 2377 411 2403 nos
447 2369 592 2416 oportet
628 2378 738 2416 quam
776 2365 1007 2409 hominibus,
1041 2365 1186 2402 etiamsi
1215 2366 1320 2413 (20¹³)
1357 2378 1422 2416 per
1459 2370 1626 2403 nostram
1655 2365 1744 2402 obe-

342 2431 519 2468 dientiam
561 2443 694 2479 magna
727 2429 889 2467 tristitia
931 2443 1142 2481 magnoque
1179 2431 1306 2467 dolore
1343 2431 1585 2468 afficerentur.
1643 2430 1743 2468 Deus

340 2495 440 2532 enim
469 2495 637 2532 omnium
667 2507 860 2545 supremus
889 2495 1000 2531 Pater
1028 2499 1083 2532 est
1111 2507 1154 2532 ac
1190 2494 1389 2538 Dominus,
1419 2495 1477 2531 cui
1506 2495 1628 2531 omnis
1658 2507 1742 2532 caro

342 2560 507 2597 subiecta
544 2563 614 2603 est,
641 2559 704 2609 qui
731 2559 842 2595 etiam
867 2558 941 2596 >hac
969 2562 1115 2596 tantum
1142 2560 1217 2596 fine
1245 2572 1374 2596 omnes
1401 2563 1523 2609 patres
1551 2571 1594 2595 ac
1623 2558 1739 2595 domi-

341 2637 411 2662 nos
439 2638 526 2674 prae
553 2624 683 2662 ceteris
710 2623 929 2661 hominibus
957 2624 1101 2670 extulit,
1130 2637 1341 2674 nomenque
1369 2636 1475 2660 suum
1506 2635 1586 2660 cum
1616 2624 1675 2666 iis,
1702 2629 1744 2661 ut

343 2689 413 2726 Dei
440 2689 727 2738 appellarentur,
755 2687 1019 2732 communicat,
1046 2692 1085 2725 ut
1112 2701 1235 2725 veram
1266 2688 1322 2725 sui
1341 2686 1593 2747 obedientiam
1615 2700 1742 2725 suum·

342 2765 413 2804 que
442 2753 584 2789 cultum
610 2755 867 2802 promoveant,
895 2764 970 2788 non
999 2755 1122 2789 autem
1148 2751 1421 2802 impediant-
1443 2750 1490 2787 ob
1511 2750 1608 2788 hanc
1626 2751 1742 2800 igitur

344 2830 490 2856 causam
520 2816 605 2853 talis
634 2821 762 2854 contra
795 2816 912 2855 Deum
942 2815 1155 2854 obedientia
1186 2829 1260 2853 non
1289 2815 1439 2853 iubetur
1465 2814 1526 2853 scd
1557 2819 1714 2854 vetatur.
