1830 3147
1525 142 1597 179 129

63 266 150 291 vero
187 267 328 299 omnes,
364 253 462 305 quod
501 253 540 290 in
577 252 689 290 nobis
725 255 793 298 est,
840 252 1006 289 carnales
1045 265 1185 299 sumus,
1221 257 1257 290 et
1293 251 1452 304 proinde
1486 252 1596 290 etiam

61 318 122 355 lex
157 318 238 369 ipsa
273 318 313 356 in
341 321 471 356 nostra
498 330 608 356 carne
635 318 785 355 infirma
812 330 892 355 esse
920 316 1087 356 docetur.
1140 317 1211 355 Est
1236 323 1362 355 tamen
1389 318 1427 355 in
1456 317 1528 368 piis
1556 330 1600 355 ac

62 382 369 432 fide-(172)libus
397 382 571 420 omnibus
598 381 750 420 initium
779 380 968 433 quoddam
998 381 1240 432 studiumque
1260 381 1495 419 obedientiae
1513 394 1601 430 erga

61 447 179 497 legem
228 447 308 494 Dei,
355 447 417 485 sed
457 447 661 498 perfectam
702 446 951 484 obedientiam
999 459 1109 483 nemo
1147 446 1232 492 sibi,
1266 449 1522 497 praeterquam
1561 445 1602 483 in

65 511 227 559 Christo,
255 525 429 562 arrogare
456 515 591 563 potest,
620 525 714 562 quae
741 511 960 563 praesertim
988 510 1168 548 subsistat
1193 511 1232 548 in
1260 510 1403 549 iudicio
1432 511 1501 549 Dei
1522 512 1566 559 ¹).

117 581 152 616 9.
180 577 343 615 Interro.
398 577 485 615 Quo
513 581 623 628 pacto
651 590 741 627 ergo
769 577 908 615 servari
934 577 1178 628 possumus?

118 641 282 693 Respon.
338 641 479 688 Gratis,
506 655 570 693 per
599 641 790 679 Christum
819 642 959 680 Iesum.
1014 641 1159 692 Nempe
1188 653 1272 678 cum
1298 640 1338 678 in
1367 641 1504 678 animis
1529 654 1602 678 no-

64 705 163 753 stris,
191 719 256 757 per
285 706 466 758 Spiritum
496 712 668 744 sanctum
698 706 882 749 excitatis,
911 709 1013 743 certo
1032 708 1143 756 atque
1159 704 1375 743 indubitato
1391 705 1606 752 statuimus,

63 769 184 808 Deum
222 771 368 809 Patrem
396 775 568 808 nostrum
609 770 806 808 coelestem
844 770 954 808 nobis
991 773 1144 821 propter
1172 769 1347 807 meritum
1374 770 1506 808 mortis
1534 769 1603 807 filii

64 834 122 872 sui
149 835 335 886 placatum
364 848 516 887 prorsus
543 835 823 886 propitiumque
849 848 929 872 esse
956 836 1001 884 ⁹).

118 901 178 938 10.
208 900 368 939 Interro.
399 900 558 952 Oportet
586 900 702 950 igitur
740 899 852 937 bonis
881 884 1021 937 nostris
1057 898 1234 950 operibus
1272 899 1448 936 omnibus
1490 898 1602 937 fidem

64 978 213 1017 quoque
240 966 456 1004 adiunctam
484 966 590 1003 esse?
871 958 874 959 ⁷

113 1030 278 1081 Respon.
315 1030 399 1068 Imo
419 1043 506 1068 vero
534 1033 620 1068 ante
648 1028 774 1067 omnia
803 1028 952 1066 eredere
979 1041 1049 1066 nos
1069 1031 1217 1079 oportet
1236 1028 1283 1076 ³),
1309 1031 1350 1066 ut
1369 1028 1470 1065 bona
1490 1040 1602 1078 opera

13 1123 18 1128 .
65 1094 190 1142 omnia
227 1108 272 1133 ex
308 1095 388 1145 ipsa
425 1095 498 1132 fide
534 1094 736 1145 profluant,
763 1094 898 1131 etenim
929 1093 1009 1131 sine
1043 1093 1117 1130 fide
1153 1092 1388 1143 impossibile
1422 1096 1478 1130 est
1518 1093 1601 1143 pla-

64 1172 144 1197 cere
179 1159 272 1204 Deo,
294 1163 347 1206 ut,
383 1159 563 1211 quidquid
603 1157 756 1196 aliunde
783 1171 893 1209 quam
921 1171 967 1195 ex
995 1157 1077 1208 ipso
1105 1157 1193 1194 fidei
1221 1158 1326 1195 fonte
1351 1156 1519 1208 profluit,
1546 1161 1602 1195 est

62 1228 256 1275 peecatum
292 1224 459 1271 omnino,
487 1223 634 1262 etiamsi
660 1223 764 1261 iuxta
793 1223 952 1261 rationis
979 1227 1131 1261 nostrae
1158 1223 1340 1260 iudicium
1369 1221 1602 1273 speciosissi-

64 1301 167 1327 mum
194 1303 275 1328 esse
301 1289 470 1328 videatur
497 1291 543 1338 4).

116 1356 177 1393 11.
205 1354 368 1393 Interro.
425 1354 527 1394 Quid
557 1358 612 1393 est
639 1354 759 1392 fides}>

115 1418 279 1470 Respon.
334 1419 446 1457 Fides
482 1423 538 1457 est
573 1423 697 1457 motus
734 1417 856 1457 nostri
893 1418 1010 1456 animi
1037 1431 1102 1470 per
1130 1418 1309 1470 Spiritum
1339 1421 1510 1456 sanctum
1537 1429 1603 1455 ex-

67 1483 185 1529 citati,
220 1497 295 1535 quo
324 1486 435 1533 (173)
463 1484 622 1536 proditis
650 1485 762 1522 nobis
790 1484 830 1522 in
858 1484 972 1522 verbo
1000 1483 1071 1521 Dei
1099 1484 1229 1521 salutis
1257 1487 1408 1521 nostrae
1435 1495 1479 1520 ac
1506 1483 1604 1520 vitae

64 1553 234 1588 aeternae
279 1550 321 1588 in
368 1550 518 1588 Christo
557 1549 874 1601 promissionibus
911 1549 1140 1587 assentimur
1183 1549 1332 1599 illisque
1370 1548 1606 1591 confidimus,

65 1613 143 1651 illis
172 1627 240 1651 nos
269 1614 507 1651 consolamur
534 1620 570 1651 ct
597 1614 636 1651 in
664 1614 740 1652 illis
769 1614 839 1651 toti
870 1614 1167 1665 conquiescimus
1196 1613 1352 1650 omnino
1381 1614 1426 1659 ⁵).

119 1681 178 1717 12.
202 1678 365 1717 Interro.
379 1679 571 1717 Quidnam
584 1678 699 1728 igitur
719 1679 828 1716 nobis
846 1684 900 1716 est
922 1678 1160 1725 credendum,
1179 1682 1219 1716 ut
1239 1678 1603 1729 servaripossimus?

115 1743 279 1796 Respon.
333 1744 379 1782 Id
415 1748 535 1782 totum
574 1748 609 1782 et
645 1743 683 1781 id
721 1745 853 1790 solum,
906 1745 1007 1795 quod
1044 1744 1155 1782 nobis
1192 1745 1376 1795 scriptura
1405 1747 1533 1781 sancta
1560 1742 1606 1780 de

63 1807 164 1846 bona
192 1808 261 1846 Dei
289 1808 408 1846 Patris
437 1822 524 1858 erga
552 1821 621 1846 nos
647 1807 687 1846 in
717 1808 867 1846 Christo
895 1809 1089 1847 voluntate
1117 1812 1286 1846 testatur.
1316 1807 1362 1845 Id
1391 1820 1477 1844 vero
1499 1819 1602 1843 com-

63 1873 199 1925 pendio
227 1874 337 1912 nobis
365 1874 405 1911 in
435 1877 532 1911 certa
562 1873 743 1925 quaedam
774 1874 894 1925 capita
925 1874 1121 1912 collectum
1151 1873 1191 1911 in
1220 1886 1262 1911 eo
1285 1873 1464 1924 Symbolo
1485 1872 1603 1909 habe-

65 1950 159 1985 mus,
188 1938 289 1989 quod
318 1938 577 1989 Apostolicum
607 1942 756 1977 vocant.

118 2004 179 2042 13.
207 2002 368 2041 Interro.
424 2002 555 2040 Recita
586 2003 808 2053 Symbolum
834 2002 957 2040 illud?

117 2067 281 2118 Respon.
337 2066 455 2104 Credo
483 2068 522 2105 in
552 2066 673 2104 Deum
701 2068 846 2105 Patrem
877 2066 1186 2118 omnipotentem,
1214 2070 1284 2106 etc.
1317 2067 1392 2105 Hie
1417 2066 1604 2105 recitatur

72 2135 187 2169 totum
215 2134 431 2181 Symbolum.
461 2133 556 2181 Paq.
586 2134 647 2172 72.

120 2198 167 2234 14
196 2196 371 2235 .Interro.
427 2197 529 2234 Quid
559 2196 677 2234 credis
712 2197 749 2235 in
780 2197 899 2248 prima
928 2198 992 2235 illa
1022 2197 1133 2235 huius
1163 2197 1333 2248 Symboli
1360 2200 1479 2248 parte,
1506 2210 1602 2248 quae

68 2260 113 2300 de
141 2261 220 2299 Deo
248 2262 358 2300 Patre
395 2261 570 2299 disserit?

119 2325 282 2377 Respon.
337 2326 456 2363 Credo
484 2326 523 2364 in
552 2326 670 2364 Deum
698 2326 861 2366 Patrem.
890 2325 979 2364 Hoc
1006 2329 1073 2370 est,
1099 2339 1248 2365 omnem
1275 2340 1395 2365 meam
1423 2327 1599 2366 fiduciam

67 2390 108 2427 in
144 2394 295 2428 aeterno
330 2390 395 2427 illo
433 2394 468 2428 ct
504 2403 590 2428 vero
628 2390 707 2428 Deo
745 2391 854 2428 Patre
890 2404 972 2428 meo
1001 2391 1158 2436 colloco,
1186 2395 1286 2429 certo
1315 2392 1354 2429 in
1382 2391 1492 2429 corde
1519 2405 1602 2430 meo

66 2468 277 2506 persuasus,
311 2455 418 2492 illum
454 2455 549 2493 mihi
584 2456 623 2494 in
661 2455 836 2494 omnibus
883 2457 1030 2494 animae
1064 2460 1100 2495 et
1136 2457 1302 2508 corporis
1330 2457 1402 2495 mei
1428 2457 1604 2508 periculis

66 2532 110 2557 ac
137 2519 423 2557 necessitatibus
451 2520 737 2571 haudquaquam
765 2534 845 2559 esse
873 2521 1100 2566 defuturum,
1120 2534 1202 2559 cum
1233 2521 1281 2559 sit
1308 2522 1419 2560 simul
1454 2526 1492 2561 et
1518 2535 1600 2560 om-

63 2584 238 2635 nipotens
267 2590 302 2623 et
330 2584 841 2633 beneficentissi·(174³)mus
868 2590 972 2637 pater
1000 2599 1088 2636 erga
1115 2599 1184 2624 nos
1213 2599 1341 2627 omnes
1369 2590 1415 2637 ⁶).

120 2652 180 2688 15.
210 2650 368 2688 Interro.
400 2650 503 2688 Quid
533 2649 600 2687 sub
628 2649 705 2687 illis
733 2651 856 2688 verbis
885 2651 1022 2688 credis:
1057 2668 1074 2685 u
1088 2650 1137 2688 Et
1165 2651 1203 2689 in
1239 2652 1364 2691 Iesum
1396 2653 1600 2697 Christum,

65 2714 182 2752 filium
211 2714 289 2752 eius
316 2715 480 2758 unicum.
506 2714 709 2752 Dominum
741 2719 909 2754 nostrum
922 2715 965 2753 ?''

113 2856 136 2895 ¹)
162 2856 245 2888 Psal.
268 2856 338 2894 143,
362 2856 432 2888 130.
456 2856 573 2898 Philip.
598 2857 626 2888 3.
682 2858 707 2896 Ξ)
732 2858 824 2890 Rom.
848 2859 876 2896 3,
896 2859 924 2896 5,
941 2858 970 2891 8.
995 2858 1064 2890 Gal.
1082 2859 1110 2891 3.
1135 2859 1162 2890 1.
1179 2859 1267 2891 Ioan.
1284 2859 1312 2898 2,
1332 2861 1359 2891 5.
1404 2859 1430 2899 3)
1456 2860 1536 2891 Hel).
1554 2860 1603 2891 11.

109 2910 136 2949 ⁴)
160 2911 252 2942 Rom.
278 2911 327 2942 10.
579 2912 605 2951 ⁵)
630 2912 729 2944 Hebr.
753 2913 803 2946 11.
1054 2914 1081 2953 6)
1107 2915 1186 2946 Gen.
1210 2915 1259 2949 17.

120 2965 177 3006 ΙΙ.
1427 2973 1448 3009 9
