1830 3147
832 84 898 118 039
1359 83 1424 129 [A.
1447 82 1493 119 D.
1520 82 1632 130 1550]

101 195 259 232 ditant
292 193 602 241 argumentum
641 191 878 228 scribendi
913 191 967 228 ad
1004 195 1124 227 tuam
1149 191 1510 233 Celsitudinem‚
1543 191 1635 227 nisi

103 256 219 305 quod
257 254 475 292 valetudo
519 253 666 290 multa
712 255 917 290 seribere
953 265 1039 292 non
1078 253 1206 289 sinit.
1254 251 1343 289 Sed
1385 253 1635 300 antequam

100 318 152 353 ad
183 317 277 354 alia
306 316 476 351 veniam
512 315 700 361 primum
732 314 954 360 gratulor
988 317 1093 349 tuae
1126 312 1404 349 celsitudini
1429 311 1481 348 de
1505 313 1634 348 novis

102 379 281 425 nuptiis
309 377 352 418 ¹).
390 381 434 413 et
467 376 603 412 Deum
640 387 798 422 precor
822 375 948 411 votis
972 374 1337 415 ardentissimis,
1365 376 1414 409 ut
1438 384 1512 408 eas
1535 373 1636 408 fau·

101 442 197 476 stas
234 450 283 475 ac
321 437 511 473 foeliees
553 447 655 472 esse
693 435 832 477 velit.
870 435 1193 483 largiaturque
1229 441 1332 470 tuae
1365 433 1636 471 eelsitudini

99 513 192 536 eam
227 499 598 535 benedictionem
627 502 672 533 ut
697 497 855 533 videas
879 497 1066 544 genitos
1092 507 1143 531 ex
1169 495 1336 531 lumbis
1362 496 1459 531 tuis
1483 494 1637 530 haere-

78 560 182 597 ,des
207 566 323 602 tuos,
350 558 606 594 senectutis
631 558 799 594 demum
826 560 925 593 tuae
950 556 1251 593 dulcissimos
1279 556 1462 593 baculos
1488 558 1637 592 Amen.

105 620 246 657 Porro
278 618 394 668 quod
428 618 480 655 ad
513 618 739 655 Gallicum
766 617 1011 665 Anglicum
1037 621 1083 653 et
1108 616 1348 653 scoticum
1375 616 1543 653 bellum
1569 619 1637 652 at-

76 681 243 724 tinet,
277 679 320 716 id
352 680 585 716 scribitur
619 683 746 716 certo
772 677 1080 725 compositum
1109 689 1217 713 esse.
1270 677 1378 724 Optio
1402 681 1456 713 est
1479 676 1571 725 apud
1599 677 1638 713 fi·

103 742 182 778 liam
209 741 360 784 Scotiae,
384 744 425 777 ut
448 751 527 776 cum
552 740 744 776 adoleverit
769 741 879 786 pessit
903 738 1033 775 nubere
1057 739 1129 775 sive
1155 739 1246 786 Regi
1271 738 1433 785 AngHae,
1458 739 1530 774 sive
1555 738 1639 775 Del-

105 802 222 850 phino.
273 802 404 840 Quod
428 801 467 837 si
496 800 605 836 nubet
632 801 817 848 Delphino,
854 803 945 836 tum
972 800 1161 836 dabitur
1186 800 1250 848 ipsi
1275 800 1368 847 Regi
1400 799 1553 847 Angliae
1577 802 1639 836 aut

105 862 177 897 filia
210 866 273 897 aut
296 861 502 898 consobrina
528 862 635 908 Regis
662 862 808 899 Galliae.
833 861 1022 897 Interim
1048 861 1159 908 Angli
1184 860 1329 898 tradunt
1355 861 1548 897 Bononiam
1572 860 1637 908 ipsi

104 923 194 969 Regi
218 923 352 958 Galliae
377 927 412 959 et
435 922 611 969 accipiunt
637 934 697 958 sex
721 926 824 958 centa
850 922 955 958 millia
981 926 1234 964 coronatorum,
1267 926 1312 958 ut
1344 921 1638 969 publicatum

103 989 186 1019 est.
233 983 301 1018 Sed
338 994 374 1018 re
409 995 490 1018 vera
525 995 595 1018 non
621 983 767 1030 amplius
793 994 894 1030 quam
920 986 1059 1019 centum
1088 982 1180 1018 milia
1205 985 1248 1026 2).
1298 982 1532 1018 Caeterum
1559 983 1637 1019 Rex

105 1043 240 1080 Galliae
270 1044 412 1080 molitur
437 1047 533 1079 cerlo
557 1043 686 1090 aliquid
714 1044 750 1079 in
776 1043 960 1079 Germania
987 1055 1047 1090 per
1071 1043 1195 1079 ducem
1219 1043 1561 1091 wirtembergensem
1586 1043 1638 1079 iu-

103 1104 247 1146 niorem,
281 1104 399 1152 quod
437 1103 617 1151 quidem
657 1107 766 1151 puto
803 1107 908 1139 tuae
946 1103 1234 1140 Celsitudini
1260 1105 1492 1151 cognitum
1521 1116 1637 1140 esse.

103 1166 165 1202 De
198 1166 280 1202 hoc
314 1166 448 1201 etiam
487 1169 665 1201 conventu
701 1166 808 1212 Regis
832 1165 966 1201 Daniae
992 1177 1071 1201 cum
1097 1165 1299 1202 Marchione
1323 1165 1638 1212 Brandenburgen-

104 1227 134 1262 si
160 1225 189 1273 ³)
224 1229 260 1262 et
284 1226 458 1262 nonnullis
483 1225 561 1262 aliis
587 1237 672 1261 non
697 1225 873 1261 attinet
897 1225 1119 1262 seribere.
1169 1226 1315 1272 Ligna
1340 1225 1567 1262 videlicet
1591 1227 1638 1262 in

103 1287 266 1324 silvam
303 1286 544 1327 ducerem,
577 1285 694 1333 quod
733 1285 876 1322 aiunt.
924 1285 1007 1321 Sed
1041 1286 1339 1322 invadendus
1374 1289 1473 1322 erat
1509 1289 1639 1322 certo

104 1348 199 1384 Rex
234 1346 411 1383 Daniae
445 1347 536 1382 nisi
562 1347 682 1382 Deus
708 1346 854 1382 classem
880 1346 1105 1394 Hispanicam
1131 1347 1267 1383 Cesaris
1293 1346 1496 1383 mirabiliter
1520 1347 1640 1394 dispu-

106 1408 204 1444 lisset
228 1413 275 1450 ⁴),
301 1419 387 1456 qua
411 1407 461 1443 de
487 1419 532 1442 re
557 1411 665 1443 ante
690 1407 891 1455 hyemem
918 1407 1066 1444 adhuc
1092 1408 1387 1444 Celsitudini
1414 1411 1526 1444 tuae
1551 1420 1639 1444 non

105 1468 218 1506 nihil
242 1480 319 1515 per
344 1468 594 1504 Bomelium
621 1471 650 1513 ⁵)
676 1468 1011 1515 significaram.
1047 1469 1126 1504 Rex
1151 1468 1318 1505 Poloniae
1342 1469 1386 1504 ad
1411 1481 1464 1505 me
1489 1469 1641 1516 scripsit,

105 1530 181 1566 sed
207 1528 333 1566 aliud
360 1528 500 1570 nihil,
524 1540 653 1576 quam
680 1529 799 1575 quod
823 1532 985 1571 testatur,
1011 1541 1062 1565 me
1088 1529 1173 1565 nihil
1201 1541 1351 1578 unquam
1377 1530 1470 1577 apud
1495 1543 1531 1566 se
1556 1542 1641 1566 con-

103 1594 156 1626 tra
181 1591 340 1626 Cesarem
367 1589 477 1637 egisse
504 1592 547 1633 ⁶).
581 1589 706 1625 Noluit
729 1594 758 1634 ⁷)
787 1593 902 1625 tamen
927 1602 1038 1637 neque
1063 1590 1256 1637 episcopus,
1281 1602 1392 1638 neque
1416 1590 1638 1628 Castellanns

103 1650 345 1686 cracoviensis
381 1663 437 1686 eas
463 1650 552 1697 ipsas
579 1649 713 1685 litteras
739 1650 876 1685 mittere
910 1650 957 1684 ad
984 1650 1133 1686 aulam
1165 1650 1484 1687 Celsitudinis
1510 1654 1637 1694 tuae,

105 1711 222 1760 quod
257 1712 362 1747 mihi
403 1712 563 1747 nescio
585 1711 694 1758 quid
720 1711 997 1758 portendere
1024 1712 1236 1753 videtur,
1261 1711 1377 1759 quod
1402 1712 1638 1749 celsitudo

105 1777 186 1809 tua
223 1773 368 1808 facile
406 1784 559 1808 secum
600 1775 824 1818 reputare
851 1774 1023 1819 potest.
1073 1772 1126 1808 Et
1153 1771 1288 1808 video
1313 1773 1446 1820 Regem
1471 1773 1639 1810 Poloniae

105 1833 189 1869 nihil
222 1833 436 1880 significasse
475 1844 592 1868 eorum
630 1833 793 1880 episcopo
830 1833 1068 1875 Cracoviensi,
1104 1845 1190 1880 quae
1215 1833 1298 1869 milii
1323 1846 1383 1880 per
1406 1834 1636 1870 Boianovium

105 1895 300 1942 scripserat,
326 1894 470 1942 vultque
495 1898 535 1929 ut
559 1893 672 1930 adhuc
698 1897 874 1941 expectem
901 1896 944 1939 9).
980 1893 1110 1930 Unde
1137 1893 1329 1930 nondum
1357 1906 1545 1942 prorsus
1570 1895 1638 1933 de·

105 1967 250 2002 spero,
291 1954 363 1991 sed
397 1959 549 1991 tamen
581 1955 668 1991 iter
694 1967 831 1991 meum
858 1967 1111 2003 prosequar
1135 1959 1166 2001 ⁹)
1192 1955 1388 1992 volente
1413 1956 1632 2001 Domino,

108 2016 179 2051 ubi
217 2016 397 2062 paulum
435 2015 564 2052 modo
602 2016 726 2052 vires
761 2016 1025 2063 collegero,
1060 2028 1169 2064 quas
1205 2017 1287 2052 iam
1317 2017 1494 2064 (gratia
1518 2017 1634 2063 Deo)

109 2087 286 2111 rursum
323 2075 540 2122 colligere
577 2075 763 2123 incipio.
811 2075 952 2111 Plura
986 2076 1070 2111 iam
1098 2088 1182 2111 non
1207 2088 1388 2122 possum
1413 2089 1492 2124 per
1517 2078 1637 2114 vale-

109 2136 325 2172 tudinem.
351 2136 544 2173 'rantum
572 2148 633 2171 me
657 2137 836 2184 gratiae
861 2136 1174 2172 Celsitudinis
1202 2140 1303 2173 tuae
1327 2136 1518 2174 Domino
1544 2151 1638 2175 meo

107 2198 473 2236 clementissimo
510 2209 676 2234 summa
715 2209 807 2234 cum
845 2197 1142 2234 observantia
1179 2198 1447 2236 commendo.
1508 2200 1636 2236 Ham-

108 2260 244 2307 burgi
271 2261 314 2296 25
341 2258 520 2307 Aprilis
546 2259 677 2295 Anno
703 2260 806 2295 1550.

691 2318 1054 2355 Illustrissimae
1091 2318 1413 2356 Celsitudinis
1452 2323 1565 2357 tuae

831 2379 1183 2416 addictissimus
1226 2381 1427 2417 servitor

951 2439 1010 2476 10.
1034 2441 1054 2476 ἐι
1078 2441 1202 2477 LASCO
1227 2453 1272 2477 m.
1299 2454 1350 2488 pr.

147 2553 174 2594 ¹)
198 2553 358 2590 Albertus,
382 2550 531 2583 Prussiae
554 2551 637 2590 Dux,
660 2550 721 2582 hoc
744 2550 814 2594 ipso
833 2562 915 2583 anno
931 2551 964 2582 in
982 2550 1224 2582 matrimonium
1241 2551 1333 2583 duxit
1349 2553 1474 2585 Annam
1488 2554 1638 2595 Mariam,

106 2610 206 2641 filiam
228 2608 334 2640 Ericis
356 2607 614 2640 Brunsvieensis.
638 2607 688 2640 Cf.
712 2608 870 2646 Humum,
897 2607 973 2640 Gen.
1001 2607 1070 2640 Tao'.
1095 2607 1123 2640 1.
1147 2607 1211 2640 tab.
1235 2608 1307 2640 180.
1329 2608 1637 2650 ²)Cf.Scnrossr:R‚

110 2676 138 2700 v.
168 2666 200 2699 b.
229 2666 320 2698 XIII.
353 2664 404 2698 79.
449 2665 475 2705 3)
499 2664 538 2696 In
571 2664 618 2696 M.
645 2664 677 2696 S.
705 2667 790 2696 tecto
824 2664 953 2696 nomine
976 2654 1128 2695 scribitur
1149 2664 1256 2705 bepla.
1278 2664 1402 2704 Dicam,
1426 2676 1488 2707 quo
1511 2666 1580 2699 iure
1603 2668 1636 2699 in

108 2724 197 2754 textu
226 2722 350 2754 March.
381 2721 504 2754 Brancl.
533 2720 730 2762 scripserim.
759 2721 934 2759 lmnnmr,
962 2720 1088 2752 March.
1122 2721 1187 2758 Br.,
1218 2721 1302 2753 inter
1330 2722 1509 2754 foederatos
1538 2724 1636 2756 fuisse

109 2781 199 2820 patet
220 2789 257 2810 ex
280 2777 436 2820 epistolis,
460 2788 538 2818 quas
561 2776 600 2808 ad
625 2776 654 2808 d.
680 2777 696 2808 l
720 2776 798 2808 Dee.
823 2777 902 2808 1551
927 2776 967 2807 ad
990 2787 1061 2808 eum
1086 2776 1234 2808 Londino
1257 2777 1346 2809 misit
1368 2778 1387 2809 Ξι
1407 2778 1519 2810 Lusco.
1542 2780 1635 2811 Nunc

109 2837 215 2866 autem
238 2837 349 2877 quater
372 2833 620 2876 aenigmaticum
642 2833 722 2865 illud
745 2833 821 2874 bfiph
843 2833 877 2864 in
900 2833 960 2875 Ep.
984 2833 1023 2864 nd
1046 2833 1127 2865 Duc.
1151 2832 1261 2865 Pruss.
1274 2834 1416 2866 occurrit
1427 2837 1489 2877 (ep.
1503 2835 1542 2866 66
1555 2837 1637 2877 sqq.)

110 2893 142 2921 et
164 2900 317 2933 nusquam
341 2889 539 2922 Marchionis
563 2899 678 2920 nomen
701 2888 734 2920 in
758 2888 873 2920 vicinis
897 2888 1082 2930 apponitur.
1122 2888 1159 2919 In
1183 2899 1232 2931 ep.
1257 2890 1275 2920 5
1299 2890 1367 2922 Ian.
1392 2890 1470 2921 1551
1490 2889 1527 2922 ad
1545 2890 1638 2922 Prus-
