1830 3147
184 133 251 180 [A.
278 133 323 169 D.
349 132 459 178 1551]
918 129 985 164 662

182 244 313 281 essent,
341 251 462 286 nempe
487 238 562 279 Dei,
586 250 656 274 non
681 239 797 273 autem
823 249 917 273 suam
944 237 1095 284 ipsorum
1121 238 1262 285 gloriam
1280 241 1467 287 quaerunt.
1493 240 1526 276 1.
1551 239 1713 277 Quicun-

181 315 248 350 que
283 302 318 338 in
356 300 536 336 ministerii
572 300 626 335 sui
661 300 838 334 functione
875 311 971 333 suam
1006 298 1156 344 ipsorum
1192 304 1227 334 et
1261 313 1330 336 non
1371 300 1434 335 Dei
1458 300 1602 346 gloriam
1627 304 1709 335 ante

182 364 296 399 omnia
321 364 505 409 quaerunt,
532 373 609 396 eum
637 365 672 395 et
699 359 867 394 mendacii
891 364 926 393 et
951 359 1140 395 iniustitiae
1166 373 1186 396 a
1210 361 1349 397 Christo
1368 362 1517 397 Domino
1537 364 1713 403 notentur,

184 425 217 460 in
243 424 374 459 Christi
399 435 480 458 sane
506 421 663 457 Ecclesia
688 432 798 468 neque
822 421 905 456 ferri
930 432 1041 468 neque
1065 421 1177 457 audiri
1202 422 1340 459 debent.
1366 424 1400 462 2.
1429 422 1558 458 Omnes
1583 423 1642 470 qui
1667 421 1711 458 ab

183 485 329 521 invicem
374 483 518 531 gloriam
561 482 734 528 accipiunt
775 485 811 517 et
843 494 863 516 a
896 482 1099 527 semetipsis,
1131 494 1201 518 non
1232 487 1346 519 autem
1384 496 1425 519 ex
1466 495 1525 518 ore
1558 482 1714 524 Domini,

183 543 381 591 loquuntur,
416 554 516 578 suam
549 541 714 588 ipsorum,
753 553 824 576 non
867 544 982 575 autern
1017 539 1083 576 Dei
1116 542 1259 587 gloriam
1293 546 1475 589 quaerunt,
1509 543 1607 578 iuxta
1646 542 1711 578 hoc

185 604 316 640 Christi
351 603 489 638 Domini
522 602 767 637 testimonium.
804 602 835 636 3.
869 600 963 646 Ergo
988 613 1105 636 omnes
1131 601 1190 647 qui
1214 601 1257 636 ab
1282 602 1428 638 invicem
1454 602 1598 649 gloriam
1624 602 1715 638 aeci-

186 665 295 711 piuut,
324 677 344 699 a
367 663 571 709 semetipsis,
596 674 665 697 nou
690 664 806 698 autem
833 673 874 696 ex
900 673 958 697 ore
982 662 1122 697 Domini
1140 662 1344 709 loquuntur,
1374 666 1468 709 (cum
1490 666 1526 699 et
1541 663 1711 699 mendacii

187 730 222 761 et
255 725 447 760 iniustitiae
479 736 498 760 a
532 723 673 758 Christo
709 722 856 758 Domino
888 726 1069 765 notentur)
1103 722 1137 757 in
1163 722 1290 759 Christi
1314 736 1396 760 sane
1423 724 1578 762 Ecclesia
1603 737 1715 772 neque

186 787 267 821 ferri
292 798 401 832 neque
425 784 535 820 audiri
560 783 705 818 debent.

234 847 367 882 Horum
402 859 466 892 ego
498 848 781 892 argumentorum
814 843 967 879 omnium
992 844 1107 879 fontes
1132 845 1234 891 attigi
1260 844 1294 880 in
1321 848 1440 880 nostra
1465 845 1714 892 postulatione,

184 907 415 954 producturus
441 906 569 952 plures,
593 905 623 941 si
648 905 708 940 1105
734 905 820 940 satis
845 917 914 940 11011
940 905 1011 939 fore
1038 911 1223 950 putassem.
1253 904 1378 941 Adieci
1403 912 1580 952 praeterea
1601 918 1718 942 exem-

187 967 242 1014 pla
277 968 346 1002 duo
372 966 566 1002 severitatis
594 965 743 1001 Divinae
770 966 804 1000 in
831 976 903 1006 eos,
929 966 986 1011 qui
1014 965 1179 1001 adversus
1204 965 1292 1001 hanc
1318 966 1524 1009 doctrinam,
1550 980 1618 1003 non
1644 974 1714 1003 tam

184 1032 315 1066 00111111.
346 1041 445 1075 quain
481 1031 580 1062 extra
618 1027 781 1072 patefacti
816 1025 922 1061 Verbi
958 1026 1077 1062 Divini
1110 1028 1197 1062 fines
1232 1027 1517 1074 progrediendum
1552 1029 1618 1064 51111
1643 1041 1717 1064 0550

187 1089 367 1136 putabant,
406 1088 463 1123 alii
505 1088 540 1123 111
583 1086 777 1122 adhibendo
811 1086 891 1132 igne
925 1086 1052 1123 Divino
1087 1087 1208 1129 cultui,
1243 1087 1285 1122 de
1321 1101 1388 1135 quo
1424 1089 1508 1123 nihil
1544 1089 1714 1125 Dominus

187 1151 424 1197 praecepisset.
465 1149 525 1185 alii
559 1161 638 1183 vero
670 1149 705 1183 111
736 1147 986 1194 anteponendis
1020 1147 1182 1183 carnibus
1219 1149 1299 1195 pani
1336 1148 1489 1189 coelesti,
1533 1162 1633 1196 quem
1668 1151 1718 1186 eis

190 1212 357 1247 Dominus
383 1212 417 1246 iu
445 1210 559 1245 cibum
585 1208 751 1245 dedisset.
777 1208 822 1244 Et
846 1220 929 1244 sane
955 1209 1123 1244 eiusmodi
1149 1213 1232 1244 sunt
1258 1211 1340 1245 haec
1367 1210 1533 1257 exempla,
1561 1223 1716 1246 reveren-

184 1273 323 1308 dissime
349 1270 511 1306 Domine!
539 1273 579 1305 ut
604 1281 721 1304 eorum
747 1269 1071 1304 commemoratione
1095 1269 1330 1305 exhorrescere
1345 1270 1556 1312 deberemus,
1581 1272 1716 1318 quotics

186 1335 226 1369 ad
254 1334 506 1369 observandum
532 1331 663 1378 aliquid
689 1331 761 1366 51110
785 1329 859 1365 ullo
885 1329 980 1364 verbi
1007 1329 1124 1365 Divini
1151 1331 1348 1366 testimonio
1367 1331 1608 1368 sollicitamur.

232 1396 351 1442 Neque
389 1394 442 1430 hie
475 1392 635 1428 subsistit
667 1395 900 1427 commentum
932 1403 1059 1433 0010111,
1092 1391 1152 1439 (1111
1187 1392 1311 1427 Nadab
1345 1397 1381 1427 et
1415 1393 1532 1429 Abihu
1573 1397 1712 1440 propter

183 1457 384 1491 ebrietatem
418 1467 438 1489 a
473 1454 550 1489 Deo
587 1453 726 1498 punitos
763 1464 838 1487 esse
865 1451 1002 1493 docent,
1028 1464 1069 1487 eo
1094 1451 1187 1499 quod
1215 1453 1284 1488 vini
1311 1465 1392 1488 usus
1418 1454 1551 1489 Aaroni
1576 1458 1611 1490 et
1635 1455 1716 1490 filiis

185 1519 260 1553 eius
284 1515 513 1552 interdicitur·
565 1515 655 1550 Nam
681 1520 716 1549 et
741 1513 808 1549 alia
835 1513 942 1549 multa
969 1513 1088 1549 eodem
1115 1525 1192 1548 mox
1219 1513 1293 1550 loco
1318 1514 1452 1550 Aaroni
1476 1519 1513 1551 et
1536 1515 1617 1551 filiis
1642 1516 1715 1551 suis

187 1577 448 1624 praecipientur,
496 1574 663 1610 adversus
705 1585 793 1620 quae
835 1585 996 1620 peccasse
1036 1574 1114 1609 illos
1156 1578 1359 1619 oportuerat
1392 1576 1506 1618 etiam,
1535 1576 1562 1611 si
1597 1577 1716 1612 horum

186 1639 356 1673 duntaxat
390 1635 557 1671 admoniti
589 1635 729 1669 fuerunt
763 1634 926 1669 adversus
959 1646 1046 1682 quae
1081 1640 1278 1681 peccarant.
1329 1635 1540 1672 Admonitus
1578 1638 1715 1684 quidem

185 1702 238 1733 cst.
276 1698 393 1732 Moses
425 1700 541 1730 tantae
577 1694 770 1730 severitatis
805 1693 952 1729 Divinae
987 1697 1144 1742 exemplo
1179 1700 1217 1731 ut
1252 1701 1364 1731 certas
1401 1696 1492 1742 leges
1526 1697 1658 1733 Aaroni
1683 1705 1719 1734 et

188 1759 267 1795 filiis
300 1759 372 1793 cius
407 1757 644 1796 constitueret,
677 1767 721 1790 ne
756 1754 858 1791 facile
893 1760 1014 1801 postea
1039 1756 1203 1791 adversus
1229 1756 1415 1792 Dominum
1443 1763 1633 1803 peccarent,
1657 1759 1718 1794 sed

186 1832 307 1855 caussa
342 1818 531 1865 punitionis
557 1816 649 1852 illius
684 1817 720 1852 111
755 1817 830 1862 ipso
865 1820 1031 1851 contextu
1067 1817 1194 1852 diserte
1219 1817 1430 1863 exprimitur,
1454 1817 1534 1853 dum
1564 1819 1716 1865 legimus.

186 1881 311 1918 Nadab
345 1885 380 1915 et
406 1879 521 1915 Abihu
551 1880 664 1924 ignem
692 1877 877 1913 thuribulis
901 1878 1110 1919 adhibuisse,
1134 1891 1277 1926 eumque
1299 1879 1460 1921 alienum,
1486 1881 1528 1916 de
1551 1894 1621 1928 quo
1649 1882 1716 1918 Do-

188 1944 299 1978 minus
337 1940 419 1976 nihil
453 1939 694 1987 praecepisset.
742 1938 790 1973 Et
824 1939 955 1979 demus,
988 1938 1067 1974 illos
1094 1952 1152 1985 per
1177 1939 1379 1975 ebrietatem
1407 1940 1441 1976 id
1466 1941 1599 1985 fecisse,
1623 1943 1716 1990 quod

186 2002 343 2049 equidem
369 2015 438 2037 non
461 2002 523 2037 abs
548 2012 583 2035 re
608 1999 814 2035 adnotatum
840 2012 915 2035 esse
941 2000 1105 2042 fatemur,
1135 2013 1204 2036 non
1229 2000 1306 2036 ideo
1323 2004 1437 2037 tamen
1457 2002 1613 2045 efficitur,
1638 2004 1717 2041 illos

189 2066 327 2110 propter
360 2062 558 2097 ebrietatem
587 2060 807 2108 ‘potissimum
846 2060 896 2096 ita
933 2060 1074 2106 punitos
1109 2073 1196 2097 esse.
1245 2061 1398 2104 Etenim,
1431 2063 1460 2098 si
1492 2064 1576 2099 ebrii
1606 2068 1718 2108 erant,

186 2130 269 2161 ante
303 2124 522 2160 iniectionem
556 2122 645 2169 ignis
679 2122 782 2157 alieni
815 2121 851 2156 in
884 2121 1063 2157 thuribula
1100 2121 1184 2158 ebrii
1210 2123 1438 2169 proculdubio
1463 2129 1573 2161 erant.
1621 2126 1718 2162 Ante

187 2186 405 2222 iniectionem
440 2184 546 2230 igitur
576 2182 664 2230 ignis
705 2182 870 2228 puniendi
896 2183 1047 2223 fuerant,
1075 2182 1244 2230 siquidem
1271 2187 1410 2230 propter
1433 2185 1635 2222 ebrietatem
1662 2200 1718 2233 po·
1756 2214 1759 2216 -

188 2245 357 2282 tissimum
392 2243 556 2290 puniendi
590 2245 700 2278 erant.
748 2243 864 2282 Nune,
901 2254 977 2278 cum
1015 2255 1085 2277 non
1121 2247 1202 2279 ante
1235 2244 1454 2280 iniectionem
1491 2246 1581 2293 ignis
1605 2247 1719 2294 puniti

188 2307 258 2342 siut
283 2309 319 2341 et
343 2306 431 2341 lianc
455 2304 565 2340 solam
601 2304 771 2350 scriptura
795 2304 868 2350 ipsa
893 2308 1091 2350 exaggeret,
1120 2305 1193 2339 fieri
1217 2305 1355 2351 quidem
1384 2308 1540 2352 potuisse
1565 2320 1635 2343 non
1659 2321 1718 2343 ne-

189 2378 323 2413 gamus,
361 2368 401 2399 ut
434 2364 583 2399 ebrietas
616 2363 749 2409 flagitio
785 2362 837 2398 illi
867 2363 1081 2398 occasionem
1116 2364 1262 2404 dederit,
1287 2368 1394 2410 atque
1418 2365 1495 2401 ideo
1518 2367 1621 2401 etiam
1649 2367 1718 2402 vini

189 2439 270 2462 usus
309 2426 356 2461 sit
392 2425 524 2460 Aaroni
550 2428 585 2459 et
610 2423 691 2458 filiis
716 2423 789 2458 eius
814 2422 1031 2465 interdictus,
1056 2423 1117 2458 sed
1141 2424 1277 2470 culpam
1303 2426 1418 2471 puniti
1442 2426 1562 2472 flagitii
1587 2427 1715 2473 praeci-

191 2499 293 2534 puam
319 2498 393 2521 esse
415 2485 561 2520 dicimus
576 2484 611 2520 in
627 2483 716 2530 ignis
728 2483 830 2519 alieni
842 2483 1038 2525 iniectione,
1055 2484 1342 2530 quemadmodum
1358 2485 1459 2520 verba
1472 2486 1545 2531 ipsa
1562 2486 1635 2521 eius
1650 2486 1717 2523 loci

190 2551 375 2589 testantur,
401 2546 443 2581 dc
472 2557 540 2591 quo
565 2545 697 2579 nullum
725 2548 944 2590 praeceptum
971 2543 1124 2579 extabat.
1153 2543 1283 2589 [Lond.
1307 2557 1352 2580 m.
1368 2545 1520 2592 Augusti
1547 2547 1718 2593 155114).

234 2687 260 2725 ¹)
284 2685 331 2716 Ad
355 2685 563 2715 Cranmcrum
587 2681 741 2723 scriptam
764 2691 831 2712 esse
854 2680 936 2712 hanc
959 2680 1140 2722 epistolam,
1158 2681 1236 2712 benc
1253 2680 1334 2712 vidit
1350 2680 1531 2713 Ger-desiuS.
1553 2682 1580 2721 ²)
1605 2681 1717 2714 Gerd.:

189 2741 323 2778 omnino,
348 2739 466 2770 Gabb.:
489 2738 603 2770 omnia.
627 2738 653 2777 ³)
678 2737 716 2768 In
739 2736 875 2768 Polonia
898 2738 930 2766 et
951 2735 1079 2767 Phrisia
1102 2736 1260 2768 orientali.
1283 2737 1311 2776 ⁴)
1333 2736 1382 2767 Ad
1397 2736 1456 2766 hoc
1476 2736 1575 2767 ferme
1590 2738 1716 2779 tempus

190 2807 260 2828 cam
288 2795 395 2832 retuli,
424 2794 498 2835 quia
532 2793 589 2824 sub
623 2792 717 2823 initio
753 2802 816 2823 non
844 2791 978 2822 obscure
1013 2794 1122 2822 noster
1156 2791 1196 2823 ad
1218 2793 1340 2832 pestem
1363 2791 1486 2829 alludit,
1509 2801 1589 2832 quae
1611 2793 1717 2826 medio

189 2862 298 2884 mense
320 2849 397 2881 Iulii
419 2848 608 2890 praesertim
630 2847 913 2880 vehementissime
934 2846 1075 2878 Londini
1098 2846 1265 2879 saevierat.

191 2945 1713 2964 ἐμώ-ᾖ.-
