1830 3147
77 238 155 271 Luc.
178 238 234 271 XI.

78 281 184 314 Math.
207 281 237 313 1.

77 323 164 355 Psal.
189 323 261 356 103.

76 365 173 408 Esay.
196 365 247 400 63,

83 605 172 637 Ioan.
198 606 225 638 1.

80 648 183 690 Ephe.
207 648 235 680 1.

80 691 193 722 Roma.
217 690 246 722 8.

78 732 159 763 Mat.
182 732 233 765 23.

85 777 96 805 1
126 775 206 806 Tim.
231 774 281 807 11.

78 1256 181 1299 Ephe.
203 1256 233 1289 6.

81 1300 206 1331 Coloss.
228 1301 258 1331 4.

79 1341 98 1372 2
121 1341 215 1374 Thes.
240 1343 269 1373 3.

77 1383 160 1415 Dan.
182 1384 213 1415 4.

80 1425 185 1457 Math.
209 1426 239 1458 5.

84 1470 95 1498 Ι
122 1467 192 1499 Pet.
216 1468 245 1500 2.

77 1509 162 1542 Psal.
187 1510 258 1542 104.

78 1552 150 1583 Act.
173 1553 203 1584 4.

77 2170 206 2202 Actum.
228 2169 258 2201 8.

76 2212 93 2242 1
119 2211 229 2244 Corm.
253 2212 281 2244 l.

72 2253 186 2284 Philli.
211 2254 239 2285 1.

75 2295 211 2326 Colossi.
238 2299 263 2328 1.

76 2337 91 2367 1
118 2337 211 2369 Thes.
240 2341 264 2370 Ι.

79 2382 90 2410 l
118 2379 191 2411 Cor.
220 2381 265 2412 15.

364 107 438 144 450
839 113 1013 144 caraea.
1044 113 1153 144 Ecct.
1183 112 1299 145 tom).

365 219 477 258 fidem
500 219 539 257 in
560 218 672 257 nobis
693 219 1011 263 confirmaremus,
1030 217 1109 255 eius
1130 217 1273 255 auxilio
1294 216 1476 255 libentius
1493 217 1777 265 confideremus,

366 297 488 335 neque
515 283 624 322 aliter
650 297 762 335 quam
791 283 901 321 liberi
930 282 978 321 ad
1007 282 1242 320 carissimum
1269 282 1377 331 (73¹2)
1406 295 1513 320 suum
1541 287 1684 334 patrem
1710 296 1775 332 ge·

366 349 619 396 misceremus,
648 348 919 400 suspiraremus
947 351 983 386 et
1010 347 1268 386 clamaremus.

943 412 1084 450 Interr.
1114 414 1201 450 202.

419 478 547 517 Quare
576 478 669 516 dicis
699 495 719 513 n
731 478 841 516 Pater
869 477 1049 515 noster''?

1008 540 1123 591 Resp.

419 605 692 644 Additamento
719 605 785 642 illo
815 606 1000 643 fraternae
1029 616 1117 653 erga
1141 604 1354 654 proximum
1375 609 1543 643 nostruin
1564 605 1776 644 dilectionis

369 670 657 708 commonefacit
694 682 763 707 nos
802 668 1001 713 Dominus,
1039 667 1102 718 qui
1137 680 1207 705 nos
1234 681 1309 705 una
1338 681 1467 706 omnes
1493 682 1558 719 per
1586 670 1776 707 Christum

368 735 485 772 filium
515 748 624 772 suum
650 734 689 772 in
717 734 815 771 filios
842 733 1037 784 adoptavit
1064 737 1100 771 et
1128 733 1296 771 omnium
1325 746 1478 771 suorum
1508 736 1691 773 bonorum
1712 737 1775 773 he-

366 799 491 836 redem
519 798 699 837 instituit.
728 798 857 836 Quare
884 797 997 835 etiam
1024 797 1218 848 proximos
1246 801 1397 835 nostros
1423 811 1493 848 pro
1516 799 1698 837 fratribus
1718 803 1776 838 at-

365 878 438 916 que
473 864 584 902 unius
620 864 738 915 patris
767 863 896 901 liberis
924 875 1127 912 agnoscere
1154 874 1293 913 eosque
1319 863 1494 901 adamare
1520 863 1708 910 debemus,
1734 869 1776 903 ut

365 933 402 967 et
430 930 579 968 Patrem
608 931 781 967 nostrum
811 927 961 965 assidue
989 940 1055 978 pro
1084 927 1131 965 iis
1158 927 1317 978 precari.
1502 929 1504 931 ’

944 1054 1083 1092 Interr.
1113 1056 1202 1093 203.

418 1118 521 1158 Quid
543 1118 750 1168 intelligam
769 1117 839 1156 sub
860 1117 984 1155 verbis
1004 1116 1080 1154 illis
1093 1131 1101 1154 :
1116 1116 1378 1155 Sanctificetur
1391 1130 1525 1155 nomen
1537 1118 1661 1155 tuum?
1672 1119 1775 1166 (74³)

1010 1181 1125 1232 Resp.

417 1247 505 1285 Hoc
540 1251 612 1286 est:
651 1247 699 1293 O,
737 1246 954 1285 charissime
990 1246 1119 1284 Pater!
1148 1246 1220 1290 fac,
1257 1249 1297 1283 ut
1325 1259 1413 1283 sana
1442 1245 1613 1284 doctrina
1639 1249 1676 1284 et
1705 1259 1775 1285 vox

366 1313 598 1350 sacrosancti
635 1312 836 1361 Euangelii
871 1312 927 1349 tui
961 1310 1025 1348 ubi
1063 1310 1127 1348 ubi
1166 1324 1251 1348 vere
1287 1311 1532 1348 annuntietur
1568 1315 1603 1349 et
1631 1311 1776 1349 sincero

367 1376 479 1414 corde
514 1376 697 1427 recipiant
733 1389 812 1413 eam
851 1375 1034 1418 homines,
1071 1379 1111 1412 ut
1141 1375 1318 1426 splendor
1343 1375 1500 1424 gloriosi
1530 1376 1692 1413 nominis
1720 1376 1776 1413 tui

367 1441 510 1479 coelum
539 1445 650 1492 atque
677 1445 813 1479 terram
842 1440 995 1490 repleat.
1026 1439 1145 1476 Tuam
1165 1439 1371 1489 potentiam
1390 1444 1626 1477 revereantur
1647 1453 1775 1477 omnes

367 1510 569 1548 creaturae,
598 1506 785 1543 honorent
812 1509 999 1542 aeternam
1027 1508 1131 1541 tuam
1161 1503 1394 1554 sapientiam,
1423 1504 1527 1542 verbi
1556 1504 1610 1541 tui
1631 1504 1776 1542 veritati

365 1571 571 1615 confidant,
608 1570 797 1608 celebrent
834 1568 1061 1606 ineffabilem
1097 1571 1203 1606 tuam
1242 1568 1447 1606 bonitatem
1484 1576 1520 1606 et
1548 1574 1776 1620 componant

363 1647 401 1672 se
429 1634 474 1672 ad
501 1622 649 1672 laudem
676 1632 842 1671 nominis
869 1632 926 1670 tui
953 1632 991 1670 in
1020 1632 1124 1670 omni
1142 1632 1370 1679 obedientia,
1399 1633 1548 1683 pietate.
1577 1633 1775 1672 sanctitate

360 1704 474 1750 atque
518 1699 676 1744 iustitia,
720 1702 760 1736 ut
796 1702 831 1735 te
869 1698 1001 1740 solum,
1037 1696 1199 1734 Domine
1240 1696 1337 1734 Deus
1375 1699 1516 1735 noster!
1554 1701 1776 1747 agnoscant,

362 1765 623 1808 confiteantur,
660 1762 785 1801 colant
815 1766 935 1813 atque
971 1761 1129 1799 adorent
1165 1764 1201 1799 et
1237 1761 1401 1812 pudefiat
1437 1761 1560 1799 omnis
1602 1762 1773 1813 impietas

362 1828 439 1866 sive
468 1827 590 1865 sancti
617 1827 783 1865 nominis
811 1827 866 1864 tui
895 1825 1062 1864 offensio.
1095 1825 1200 1873 (74¹2)

937 1954 1078 1993 Interr.
1108 1957 1195 1992 204.

412 2020 517 2059 Quid
546 2020 619 2058 sibi
646 2019 727 2058 vult
752 2019 921 2070 precatio
948 2019 1032 2057 illa:
1065 2018 1250 2057 Adveniat
1277 2031 1432 2068 regnum
1459 2020 1594 2058 tuum?

1007 2083 1121 2133 Resp.

412 2148 499 2186 Hoc
526 2151 602 2185 est:
632 2147 680 2192 O,
708 2148 835 2185 Pater!
865 2146 1015 2184 destrue
1042 2146 1081 2184 in
1102 2146 1213 2184 nobis
1233 2159 1389 2195 regnum
1412 2145 1612 2193 sathanae,
1627 2146 1769 2197 peccati

360 2216 472 2262 atque
506 2211 637 2249 mundi
671 2215 708 2249 et
744 2224 831 2260 rege
858 2223 928 2248 nos
957 2213 1088 2247 sancto
1117 2214 1180 2247 tuo
1212 2210 1367 2261 Spiritu,
1396 2209 1441 2247 da
1479 2209 1590 2247 nobis
1617 2215 1660 2248 ut
1686 2223 1768 2248 om-

361 2289 446 2313 nem
484 2276 660 2313 fiduciam
696 2279 862 2313 nostram
893 2275 1118 2312 collocemus
1145 2274 1184 2311 in
1218 2277 1324 2312 tuum
1352 2274 1518 2318 verbum,
1545 2278 1585 2312 ut
1611 2288 1768 2324 regnum

360 2345 465 2378 tuum
494 2341 532 2378 in
560 2340 670 2378 nobis
697 2339 866 2390 incipiat,
894 2352 962 2376 nos
990 2339 1068 2376 eius
1098 2338 1250 2376 heredes
1279 2338 1368 2375 olim
1396 2339 1529 2376 fiamus
1552 2344 1587 2376 et
1602 2338 1767 2377 fidelium

362 2409 489 2443 coetus
517 2404 639 2443 indies
665 2404 907 2452 adaugeatur,
934 2403 1203 2447 sanctificetur,
1231 2403 1495 2441 corroboretur
1514 2403 1605 2441 etin
1623 2403 1767 2440 unitate

362 2470 449 2508 fidei
487 2470 723 2508 contineatur
747 2482 867 2519 usque
895 2468 940 2506 ad
970 2468 1067 2506 diem
1097 2468 1217 2514 illum,
1246 2481 1319 2518 quo
1347 2472 1387 2506 tu
1417 2481 1451 2513 o,
1487 2467 1603 2506 Deus!
1640 2467 1766 2505 omnia

361 2534 400 2572 in
428 2534 602 2572 omnibus
630 2532 702 2572 eris
729 2537 765 2571 et
792 2531 956 2582 gloriose
983 2531 1180 2583 apparebis
1209 2531 1247 2569 in
1276 2531 1416 2569 sanctis
1444 2531 1530 2570 tuis.

936 2659 1074 2698 Interr.
1104 2662 1192 2699 205.

411 2724 514 2763 Quid
543 2725 643 2763 hisce
669 2724 794 2764 verbis
823 2723 1052 2775 deprecarisz
1082 2723 1168 2762 Fiat
1196 2711 1370 2762 voluntas
1399 2724 1502 2771 (75³)
1526 2726 1588 2761 tua
1608 2722 1645 2761 in
1666 2727 1764 2762 terra

361 2789 458 2827 sicut
485 2789 523 2826 in
553 2790 684 2826 coelo?
