1830 3147
827 132 892 166 661
1347 125 1412 172 [A.
1440 123 1484 159 1).
1510 122 1624 169 1551]

92 244 206 281 elesiis
238 244 274 279 in
308 241 500 278 ministerio
537 243 658 276 nostro
682 240 927 280 ministramus,
948 239 1146 285 quicunque
1170 234 1317 271 ministri
1341 234 1376 270 in
1393 231 1523 268 Christi
1548 231 1623 267 Ec-

92 306 199 341 clesia
234 315 367 339 sumus,
415 303 538 338 Manet
570 312 653 348 ergo
687 301 785 336 firma
818 302 854 335 et
885 300 1027 336 immota
1059 301 1177 334 nostra
1208 295 1302 337 haec,
1337 306 1380 330 ex
1406 294 1520 330 Mosis
1543 292 1620 329 loco

92 366 203 403 citato
227 364 348 412 petita,
374 361 641 409 argumentatio.

140 427 174 462 d.
221 427 396 465 Quartum
431 426 674 471 argumentum
710 434 809 458 sumo
846 434 888 458 ex
925 421 1122 456 Hieremiae
1149 419 1339 467 Prophetae
1364 419 1449 463 Cap.
1475 416 1624 457 XXIII,

96 487 157 524 ubi
181 488 291 524 multa
314 486 357 523 de
383 485 565 532 Prophetis
589 491 801 533 conquestus
825 484 869 519 ad
892 487 1083 519 extremum
1108 482 1170 523 ait.
1204 481 1290 516 uNe
1315 478 1492 516 audieritis
1518 476 1624 513 verba

96 549 358 596 Prophetarum.
383 546 442 595 qui
467 546 565 582 vobis
591 545 810 593 prophetant,
835 546 985 580 visiones
1010 543 1122 580 cordis
1148 543 1201 579 sui
1227 543 1417 589 loquuntur
1442 544 1478 575 et
1493 552 1559 575 non
1580 550 1622 573 ex

93 621 153 645 ore
178 608 354 644 Domini.”
387 608 458 643 Hic
483 619 565 642 sane
590 607 739 641 visiones
766 605 878 641 cordis
904 605 1015 641 nostri
1040 604 1156 639 vocari
1180 604 1336 639 videmus
1363 600 1530 648 quidquid
1554 612 1624 635 non

98 670 231 717 petitur
254 681 295 704 ex
322 680 381 704 ore
408 668 559 703 Domini.
585 667 754 703 Videmus
780 667 860 702 item
888 667 1001 703 vocari
1025 668 1060 701 et
1085 665 1306 712 imposturas,
1330 663 1411 698 dum
1437 663 1500 703 ait,
1527 660 1625 695 uVa-

98 742 161 766 nos
196 742 257 766 vos
292 728 466 765 reddunt”
499 728 571 774 (vel
608 729 788 775 decipiunt
821 739 884 763 vos
916 731 979 762 aut
1015 725 1220 762 dementant
1254 736 1316 760 vos
1348 724 1420 760 sive
1444 723 1626 769 imponunt

99 790 207 832 vobis,
231 788 520 838 quemadmodum
548 788 720 824 Vatablns
746 788 941 831 adnotavit)
969 792 1004 823 et
1028 786 1184 823 videmus
1203 797 1396 833 expressum
1414 784 1627 822 mandatum,

99 865 141 888 ne
175 864 234 888 eos
265 850 459 892 audiamus,
491 851 551 896 qui
585 863 654 886 non
689 862 731 886 ex
770 861 829 885 ore
864 849 1004 885 Domini
1040 848 1241 896 loquuntur,
1273 846 1409 882 etiamsi
1443 848 1565 880 contra
1589 855 1628 879 os

101 913 242 949 Domini
265 912 360 960 loqui
386 924 456 948 non
480 911 676 948 videantur.
725 910 811 947 lnde
836 923 918 946 vero
943 922 1009 958 ego
1033 912 1258 957 argumentor
1291 907 1334 943 ad
1359 907 1450 942 hunc
1474 904 1626 943 modum.

99 972 272 1008 adiunctis
298 984 338 1007 ex
362 972 482 1007 eodem
513 971 704 1017 Prophetae
730 971 843 1017 eapite
868 971 944 1005 aliis
971 974 1161 1016 praeterea,
1185 980 1272 1015 quae
1298 968 1347 1002 eis
1372 967 1453 1014 ipsis
1479 965 1632 1011 Prophe-

102 1033 147 1068 tis
171 1032 341 1068 attributa
364 1036 460 1074 sunt,
485 1032 545 1078 qui
571 1043 639 1066 non
664 1043 707 1066 ex
731 1043 790 1066 ore
815 1031 956 1066 Domini
981 1030 1190 1078 loquuntur:
1235 1030 1267 1064 1.
1300 1028 1401 1064 Nulli
1425 1027 1633 1072 Prophetae,

101 1095 161 1140 qui
185 1092 390 1128 dementant
415 1093 593 1139 populum,
618 1092 678 1139 qui
704 1092 854 1127 visiones
880 1091 992 1127 cordis
1018 1091 1071 1126 sui
1101 1091 1290 1137 loquuntur
1321 1089 1447 1135 quique
1472 1099 1531 1134 per
1555 1086 1633 1122 illas

101 1155 213 1190 lucem
250 1154 344 1188 verbi
379 1153 498 1188 Divini
535 1165 552 1187 a
589 1153 744 1200 proximo
770 1164 832 1187 sno
858 1152 1082 1192 suffurantur,
1110 1150 1259 1196 deniqne
1283 1150 1342 1197 qui
1368 1149 1543 1185 Ecclesiae
1568 1146 1635 1182 Dei

102 1214 218 1261 paleas
250 1226 311 1261 pro
343 1214 462 1249 tritico
497 1212 702 1253 obtrudunt,
725 1212 838 1248 audiri
862 1213 898 1248 in
921 1211 1051 1247 Christi
1077 1211 1233 1247 Ecclesia
1257 1210 1396 1245 debent.
1434 1211 1468 1244 2.
1506 1208 1636 1243 Omnes

105 1275 314 1323 Prophetae,
355 1287 424 1310 non
462 1287 503 1310 ex
537 1286 596 1309 ore
634 1274 775 1310 Domini
808 1273 1001 1320 loquenteS‚
1030 1272 1233 1309 dementant
1269 1271 1448 1318 populum,
1487 1270 1635 1306 visiones

103 1336 217 1373 cordis
249 1336 304 1372 sui
329 1336 481 1382 ipsorum
517 1335 707 1383 loquuntur
733 1334 914 1382 lucemque
940 1333 1047 1370 Verbi
1075 1333 1193 1369 Divini
1217 1345 1237 1368 a
1264 1333 1418 1380 proximo
1442 1344 1506 1367 suo
1531 1332 1637 1366 suffu-

105 1402 224 1434 rantur
255 1401 290 1433 et
322 1396 390 1433 Dei
425 1396 604 1432 Ecclesiae
640 1396 755 1442 paleas
791 1407 852 1442 pro
890 1395 1005 1431 tritico
1029 1395 1234 1430 obtrudunt.
1260 1396 1292 1430 3.
1320 1394 1412 1440 Ergo
1437 1393 1525 1428 nulli
1548 1391 1636 1427 Pro·

106 1458 241 1505 phetae,
267 1461 402 1505 praeter
425 1469 464 1493 os
489 1458 629 1493 Domini
653 1457 850 1504 loquentes,
878 1456 988 1492 audiri
1011 1455 1254 1504 quoquomodo
1279 1455 1314 1490 in
1338 1454 1467 1489 Christi
1481 1453 1638 1489 Ecclesia

103 1518 245 1554 debent.
274 1536 316 1543 -
342 1518 467 1565 Neque
502 1517 557 1553 hie
591 1518 688 1553 locus
719 1518 918 1565 Prophetae
952 1517 1032 1554 ullis
1058 1515 1402 1564 interpretationibus
1428 1514 1513 1561 eripi
1537 1513 1636 1549 nobis

107 1582 236 1627 potest,
259 1579 345 1627 quin
369 1578 483 1614 fontes
509 1582 649 1613 nostrae
674 1578 986 1625 argumentationis
1010 1579 1045 1614 in
1069 1590 1110 1614 eo
1136 1581 1268 1618 extent,
1292 1574 1576 1624 quemadmodum
1603 1578 1639 1610 et

108 1641 142 1677 in
168 1641 320 1686 proxime
345 1640 455 1675 citato
481 1640 591 1675 Mosis
616 1639 691 1676 loco
719 1639 824 1676 Deut.
849 1639 987 1676 XVIII
1012 1651 1071 1675 eos
1096 1643 1214 1674 extare
1239 1638 1402 1674 diximus.

154 1713 186 1737 ε.
231 1701 406 1739 Quintum
441 1705 682 1747 argumentum
717 1700 853 1736 deduco
884 1713 925 1736 ex
952 1700 1017 1736 Dei
1042 1699 1205 1735 mandato
1232 1700 1324 1735 Mosi
1349 1700 1432 1735 dato
1456 1698 1499 1734 de
1522 1698 1638 1735 cuitus

109 1763 227 1799 Divini
251 1762 501 1803 observatione,
525 1761 638 1797 Exod.
662 1761 780 1802 XXV,
805 1762 904 1797 cuius
926 1761 1054 1809 alioqui
1080 1761 1230 1796 mandati
1257 1760 1410 1796 meminit
1436 1765 1470 1795 et
1495 1760 1640 1805 Stepha-

109 1837 174 1860 nus
208 1825 244 1860 in
280 1836 344 1859 sua
375 1823 555 1865 concione,
595 1824 718 1859 Actor.
754 1822 841 1864 VII,
877 1826 913 1858 et
939 1823 1069 1859 Paulus
1096 1823 1204 1858 Hebr.
1230 1822 1316 1858 VH.
1346 1821 1501 1863 nVide”,
1525 1823 1640 1869 inquit

108 1884 280 1921 Dominus
316 1882 361 1919 ad
398 1884 548 1925 Mosem,
589 1886 657 1918 uut
691 1883 795 1919 facias
820 1884 935 1918 omnia
960 1883 1151 1918 secundum
1177 1882 1353 1929 exemplar
1378 1881 1471 1928 quod
1497 1881 1560 1917 tibi
1585 1893 1640 1917 os-

113 1947 251 1979 tensum
278 1947 332 1979 est
357 1945 392 1979 in
417 1947 571 1980 monte'’.
595 1942 654 1979 Ad
679 1955 798 1978 omnes
824 1943 913 1978 enim
939 1943 1175 1978 Ecclesiarum
1203 1944 1376 1978 ministros
1402 1942 1465 1977 hoc
1481 1943 1643 1989 pertinet,

110 2005 203 2051 quod
238 2004 293 2040 hic
327 2004 371 2039 ad
399 2005 534 2040 Mosem
559 2003 700 2044 dicitur,
723 2004 781 2051 qui
806 2004 908 2039 modo
932 2004 1051 2040 fideles
1075 2004 1221 2040 ministri
1250 2005 1361 2040 Mosis
1388 2003 1546 2050 exemplo
1572 2015 1643 2038 esse

116 2065 253 2101 volunt.
305 2065 391 2102 Inde
427 2065 534 2113 igitur
569 2066 618 2101 ita
655 2069 895 2112 argumentor:
941 2066 973 2101 1.
1014 2065 1223 2112 Ubicunque
1260 2065 1358 2100 iuxta
1395 2064 1643 2111 praescriptum

111 2124 286 2171 exemplar
317 2123 457 2171 aliquod
495 2124 610 2160 omnia
642 2125 752 2159 facere
778 2123 945 2165 iubemur,
970 2123 1018 2159 ibi
1042 2136 1125 2159 sane
1150 2136 1219 2158 non
1245 2124 1356 2159 solum
1383 2128 1504 2158 eontra
1530 2134 1643 2157 exem-

112 2185 199 2231 plar,
240 2184 302 2220 sed
341 2197 452 2232 neque
490 2188 588 2220 extra
622 2184 827 2231 exemplaris
860 2185 1064 2231 praescripti
1093 2184 1180 2219 fines
1207 2185 1318 2220 facere
1342 2183 1528 2232 quidquam
1552 2183 1645 2220 lieet.

113 2247 147 2282 2.
174 2245 218 2281 In
243 2246 459 2281 instituendo
484 2245 623 2293 publico
649 2246 683 2281 in
708 2245 868 2281 Ecclesia
893 2245 990 2281 cultu
1017 2245 1082 2280 Dei
1107 2245 1172 2280 sub
1195 2245 1305 2281 Mosis
1329 2245 1464 2280 nomine
1490 2244 1645 2281 iubemur

116 2306 232 2342 omnia
262 2307 358 2341 iuxta
393 2306 640 2352 praescriptum
668 2304 769 2341 nobis
793 2307 968 2352 exemplar
994 2306 1116 2341 facere.
1163 2305 1350 2351 Exemplar
1375 2317 1456 2340 vero
1481 2309 1535 2340 est
1559 2304 1647 2340 Ver-

114 2368 195 2403 bum
223 2367 298 2407 Dei,
323 2367 358 2402 in
380 2379 448 2414 quo
473 2366 572 2402 nobis
601 2367 696 2402 Deus
722 2367 839 2402 cultus
864 2368 918 2402 sui
944 2367 1087 2402 sormam
1114 2366 1279 2413 patefecit
1307 2367 1340 2401 3.
1372 2365 1464 2413 Ergo
1489 2366 1522 2400 in
1549 2366 1646 2401 insti·

113 2426 243 2464 tuendo
281 2426 420 2474 publico
458 2427 524 2462 Dei
562 2427 660 2462 cultu
695 2427 730 2462 in
766 2427 838 2462 eius
874 2427 1039 2467 Ecclesia,
1072 2439 1141 2462 non
1173 2425 1285 2461 solum
1320 2429 1441 2460 eontra
1471 2426 1645 2473 exemplar

113 2488 221 2523 verbo
254 2487 353 2523 nobis
397 2488 524 2523 Divino
558 2487 780 2534 patefactum,
813 2487 875 2522 sed
906 2499 1018 2534 neque
1051 2491 1149 2522 extra
1176 2485 1406 2534 praescriptos
1433 2487 1525 2522 illius
1548 2488 1645 2525 fines.

113 2549 226 2584 faeere
252 2547 351 2583 nobis
373 2547 559 2595 quidquam
589 2548 728 2583 omnino
754 2547 886 2583 licebit.

152 2608 190 2653 f.
239 2610 381 2645 Sextum
409 2612 649 2655 argumentum
676 2607 805 2654 colligo
829 2621 869 2643 ex
896 2607 1010 2642 verbis
1037 2607 1165 2643 Christi
1191 2607 1331 2642 Domini
1356 2606 1447 2649 apud
1469 2607 1647 2648 ioannem,

119 2669 208 2715 Cap.
236 2668 263 2702 V
293 2673 329 2704 et
355 2668 429 2704 Vll
467 2669 501 2704 in
527 2681 632 2703 unum
657 2668 795 2705 iunctis.
844 2669 968 2715 Capite
991 2669 1116 2713 quinto
1144 2671 1249 2714 negat
1273 2668 1443 2707 Christus.
1469 2680 1527 2703 eos
1552 2681 1651 2714 posse

119 2727 242 2765 habere
268 2731 383 2770 fidem,
406 2729 464 2776 qui
497 2728 641 2776 gloriam
667 2728 710 2764 ab
736 2729 882 2764 invicem
905 2732 1095 2774 captarent,
1121 2739 1161 2764 ac
1190 2739 1324 2763 rursum
1349 2727 1461 2774 cupite
1487 2728 1648 2774 septime,

118 2801 215 2824 suam
239 2791 404 2837 ipsorum,
429 2802 499 2825 non
523 2793 639 2826 autem
666 2789 731 2825 Dei
756 2789 900 2836 gloriam
926 2801 1089 2837 quaerere
1114 2801 1172 2824 eos
1197 2789 1311 2830 docet,
1338 2789 1395 2835 qui
1420 2801 1440 2824 a
1457 2788 1649 2835 semetipsis

118 2847 320 2894 loquuntur.
361 2853 398 2885 ct
434 2862 552 2886 omnes
590 2850 676 2885 tales
711 2849 879 2886 mendacii
913 2853 1018 2897 atque
1049 2849 1238 2885 iniustitiae
1271 2852 1423 2891 accusat,
1455 2849 1535 2885 dum
1571 2849 1649 2885 illos

119 2907 291 2945 duntaxat
322 2922 460 2946 veraces
485 2914 522 2946 et
548 2910 738 2947 iniustitiae
764 2914 925 2957 expertes
951 2922 1026 2946 esse
1051 2910 1208 2952 affirmat,
1233 2910 1290 2957 qui
1316 2910 1390 2946 eius
1415 2922 1436 2945 a
1462 2921 1530 2957 quo
1558 2910 1638 2946 miss
