1830 3147
84 322 267 373 Decalogi
293 321 506 374 explicatio,
1280 320 1362 359 170.
1392 319 1452 356 23.
1481 318 1535 365 (Α
1565 318 1626 365 21))

85 389 266 437 Decalogi
292 388 331 425 in
360 385 609 424 concionibus
638 384 940 422 Dominicalibus
967 383 1158 430 excitatio.
1473 385 1532 420 65.
1565 384 1626 421 12.

84 454 141 492 De
174 454 222 491 iis
260 451 471 496 Germanis,
510 451 575 501 qui
614 463 690 487 non
719 449 888 487 adiuncti
917 453 1068 487 nostrae
1095 448 1272 486 eeclesiae
1299 449 1431 486 salsam
1461 449 1623 498 aliquam

137 518 346 556 doctrinam
378 520 572 567 spargunt,
600 519 664 553 aut
693 519 811 553 sectas
840 514 982 564 alioqui
1009 514 1046 551 in
1078 502 1233 550 eeclesia
1261 513 1378 551 alunt.
1443 516 1530 551 539.
1568 516 1623 551 15.

85 584 340 621 Diaconorum
368 581 618 619 ministerium
647 593 725 617 esse
753 579 1014 631 Apostolicam
1042 578 1330 616 ordinationem.
1471 580 1532 616 21..
1564 580 1625 617 24.

85 648 340 686 Diaconorum
369 646 486 684 officia
514 646 553 683 in
581 645 748 684 ecclesia.
1474 646 1534 681 24.
1589 645 1628 681 4.

84 713 248 751 Diaconi
276 712 403 763 quales
431 710 608 760 eligendi.
1472 711 1532 745 25.
1590 710 1625 746 9.

83 777 246 815 Diaconi
273 776 459 828 quomodo
489 776 528 812 in
555 775 695 826 templo
724 774 980 824 eleemosynas
1011 773 1202 823 colligant.
1469 776 1530 810 82.
1585 775 1622 811 8.

83 843 313 895 Disciplinae
340 841 616 880 ecclesiasticae
644 840 780 890 duplex
810 853 912 878 usus
1447 841 1531 876 282.
1588 841 1624 876 5.

83 908 314 959 Disciplinae
341 907 614 944 ecclesiastieae
641 904 840 956 peculiaris
871 918 959 943 usus
985 904 1084 942 inter
1112 904 1357 941 Germanicae
1384 903 1623 954 potissimum

137 972 316 1010 ecclesiae
344 972 539 1009 ministros
573 969 755 1008 Londini.
1447 970 1533 1005 504.
1591 969 1626 1005 l.

82 1037 292 1088 Disciplina
320 1036 571 1074 ecclesiastica
600 1035 691 1086 quid
721 1035 781 1073 sit.
1447 1034 1532 1070 182.
1562 1034 1623 1069 18.

82 1102 312 1154 Disciplinae
338 1102 511 1153 publicus
542 1114 629 1138 usus
656 1100 695 1138 in
722 1100 832 1152 plebe
860 1100 1051 1139 ecclesiae.
1448 1100 1533 1135 291.
1570 1099 1626 1136 18.

84 1168 254 1208 Divitum
280 1167 320 1206 in
350 1170 455 1205 coetu
485 1180 574 1217 erga
602 1166 794 1204 Diaconos
823 1166 996 1204 officium.
1411 1175 1413 1178 ·
1474 1165 1535 1205 26.
1568 1163 1627 1205 16.

835 1295 882 1334 E.

83 1431 255 1469 Ecclesia
283 1429 423 1468 Christi
450 1429 574 1467 tribus
603 1428 702 1466 notis
730 1431 785 1465 est
812 1427 1007 1476 insignita.
1449 1428 1533 1467 178.
1565 1428 1625 1465 10.

81 1494 273 1531 Ecclesiae
300 1493 460 1530 officium
488 1505 575 1540 erga
604 1491 707 1528 verbi
734 1491 941 1529 ministros
1305 1492 1362 1527 10.
1394 1493 1452 1528 26.
1483 1491 1536 1537 (Α
1565 1491 1623 1536 3²¹)

82 1558 347 1596 Ecclesiastica
386 1556 583 1607 disciplina
621 1560 656 1593 et
692 1555 770 1592 eius
807 1568 897 1592 usus
933 1554 973 1591 in
1013 1553 1170 1592 ecclesia
1197 1554 1486 1602 Peregriaornm
1517 1553 1620 1590 Lon-

137 1622 229 1661 dini.
1445 1621 1531 1656 262).
1563 1620 1623 1656 14.

82 1687 368 1727 Ecclesiastieae
398 1685 617 1737 disciplinae
645 1683 828 1722 definitio,
1448 1685 1533 1722 270.
1590 1685 1625 1722 1.

83 1752 368 1792 Ecclesiasticae
397 1750 615 1801 disciplinae
642 1749 811 1799 privatus
839 1761 928 1785 usus
957 1747 996 1784 in
1023 1746 1131 1797 plebe
1158 1747 1251 1797 ipsa.
1444 1750 1530 1785 285.
1586 1750 1622 1786 2.

82 1818 347 1857 Ecclesiastica
375 1811 573 1867 disciplina
600 1814 691 1865 quid
720 1813 779 1852 sit.
1447 1815 1532 1850 282.
1563 1814 1624 1851 18.

83 1883 291 1923 Electionis
326 1882 586 1920 ministrorum
623 1879 785 1917 maxima
822 1878 920 1929 apud
959 1877 1152 1916 ministros
1182 1883 1219 1915 et
1255 1877 1419 1915 seniores
1447 1877 1624 1915 ecclesiae

135 1948 317 1987 autoritas
345 1951 381 1985 et
409 1946 560 1997 quidem
587 1945 734 1982 merito.
1471 1944 1532 1980 41.
1561 1946 1624 1981 20.

86 2013 295 2053 Electionis
322 2012 582 2050 ministrorum
612 2010 705 2048 ritus
730 2008 840 2047 -varii,
1471 2010 1532 2045 33.
1569 2009 1623 2047 17.

86 2078 337 2127 Euangelium
365 2076 456 2127 quid
485 2076 544 2114 sit.
1446 2073 1531 2111 179.
1587 2073 1624 2109 3.

86 2143 126 2180 in
154 2140 556 2179 Excommunicatione
584 2139 657 2176 duo
686 2138 932 2176 observanda.
1446 2138 1532 2173 342.
1590 2136 1624 2175 7.

84 2208 125 2246 in
162 2205 586 2245 Exeommunicatorum
627 2216 708 2242 enm
746 2203 900 2240 ecclesia
938 2202 1243 2240 reconciliatione
1271 2201 1345 2238 duo
1374 2201 1622 2240 observanda.

1446 2267 1532 2302 369.
1588 2268 1623 2304 3.

88 2333 504 2374 Excommunieationis
531 2333 722 2382 legitimae
750 2332 906 2370 fructus.
1446 2332 1531 2368 349.
1564 2332 1623 2369 12.

87 2398 502 2437 Excommunicationis
530 2396 663 2434 modus
692 2409 734 2433 ac
761 2396 868 2441 ritus,
1446 2398 1532 2434 333.
1562 2398 1621 2434 11.

88 2462 441 2501 Excommunicatio
471 2460 563 2512 quid
593 2460 654 2498 sit.
1446 2461 1530 2497 341.
1561 2462 1624 2498 25.

90 2526 505 2565 Excommunicationis
534 2525 717 2562 sententia
742 2525 837 2575 ipsa.
1447 2527 1533 2562 358.
1591 2527 1625 2562 9.

91 2592 316 2630 Exhortatio
345 2592 391 2629 ad
420 2590 628 2633 eeclesiam,
654 2594 697 2627 ut
726 2589 769 2626 de
797 2588 1109 2627 excommunicati
1131 2589 1385 2639 resipiscentia
1405 2589 1626 2634 gratuletur,

140 2662 226 2710 post
254 2658 421 2707 agnitam
449 2670 491 2694 ae
519 2655 754 2706 deprecatam
784 2656 932 2706 culpam
959 2655 1101 2706 peccati
1130 2655 1260 2707 ipsius.
1290 2658 1375 2692 395.
1404 2657 1468 2693 22.
1497 2656 1549 2702 (A
1562 2655 1623 2701 3¹»)

836 2785 878 2824 F.

93 2916 199 2955 Fidei
227 2917 408 2956 definitio.
1454 2914 1536 2954 171.
1568 2914 1628 2950 25.
