1830 3147
1581 89 1626 128 57

86 198 162 236 sint
200 198 367 245 omnino,
400 197 585 247 gravitate
621 196 772 235 interim
799 211 946 235 morum
974 198 1247 250 prudentiaque
1273 211 1317 237 ac
1345 200 1444 238 vitae
1470 199 1628 250 integri-

84 267 170 312 tate,
211 263 345 302 deinde
381 266 417 301 et
453 275 522 300 usu
558 275 681 300 rerum
726 262 843 312 longo
870 276 915 300 ac
941 262 1073 301 iudicii
1101 263 1335 311 dexteritate,
1363 277 1474 315 super
1501 265 1630 304 omnia.

87 332 210 368 autern
239 328 387 380 pietatis
416 326 541 365 studio
569 326 621 364 eis
651 340 698 365 ne
726 326 873 366 cedant.
912 326 973 365 Ita
1002 327 1115 374 enim,
1142 328 1290 367 etiamsi
1318 342 1391 367 una
1420 342 1503 367 cum
1523 329 1628 368 verbi

89 392 276 431 Ministris
311 391 462 444 publice
488 405 566 429 non
595 391 753 438 docent,
789 392 864 431 sint
891 395 1018 430 tamen
1048 393 1162 430 veluti
1190 394 1416 445 exemplaria
1445 394 1628 445 quaedam

84 459 200 497 totius
237 458 427 497 Ecclesiae
461 457 501 496 in
539 457 641 496 hisce
670 458 792 504 donis,
832 471 928 509 quae
955 458 1030 496 iam
1061 459 1435 498 commemoravimus
1471 464 1506 498 et
1534 473 1629 512 quae

87 523 291 575 plurimum
319 522 460 560 habent
486 521 667 560 momenti
695 521 730 560 in
761 521 930 572 legitima
958 521 1150 561 Ecclesiae
1177 523 1465 572 gubernatione.

137 588 332 626 Postremo
369 586 589 638 exponitur,
627 586 818 638 quodnam
855 586 904 625 sit
946 587 1067 639 plebis
1105 588 1221 626 totius
1258 589 1296 626 in
1336 589 1505 628 Ecclesia
1542 604 1629 641 erga

85 651 298 690 istiusmodi
337 651 580 702 Presbyteros
617 665 680 690 seu
717 651 891 690 Seniores
929 651 1110 690 officium:
1149 666 1281 704 nempe
1317 658 1359 692 ut
1384 654 1471 693 illos
1498 655 1630 694 eodem

86 731 251 770 prorsus,
286 730 361 769 quo
386 721 422 755 et
449 718 554 755 verbi
580 717 789 764 ministros,
824 718 909 755 loco
939 718 1085 765 habeat,
1126 718 1277 756 illorum
1305 719 1629 759 admonitionibus

85 783 184 821 ultro
215 795 257 820 ac
293 787 503 821 reverenter
537 786 678 834 pareat,
713 783 788 820 illis
818 795 893 820 non
923 787 1171 821 remurmuret
1200 797 1320 835 neque
1348 784 1544 824 reclamet:
1581 785 1629 823 ad

86 847 173 885 illos
210 847 324 886 dubia
352 861 418 886 sua
454 848 594 893 omnia,
631 848 757 886 omnia
786 847 943 886 dissidia,
972 861 1176 900 omnesque
1206 851 1480 888 controversias
1508 864 1551 889 ac
1579 851 1630 889 si-

87 913 261 951 multates
298 916 385 951 ante
421 913 546 951 omnia
583 925 650 951 suo
680 913 811 951 ordine
839 914 986 960 referat,
1029 914 1060 951 si
1088 914 1279 965 quomodo
1308 915 1426 953 amice
1454 917 1631 968 componi

87 977 253 1028 possint:
290 991 354 1029 per
392 977 460 1015 hos
497 978 661 1030 reliquos
698 976 895 1016 Ministros
924 991 1063 1025 omnes,
1094 978 1216 1017 sicubi
1243 980 1385 1032 aliquid
1415 981 1453 1019 in
1484 981 1535 1020 eis
1564 981 1629 1020 de-

88 1041 282 1088 sideretur,
320 1041 532 1086 admoneat,
569 1041 679 1080 etad
717 1042 784 1079 hos
824 1043 872 1090 (C
900 1044 959 1090 8³)
994 1041 1145 1080 tandem
1184 1043 1325 1082 deferat
1362 1044 1472 1082 etiam
1503 1058 1632 1085 omnes

88 1106 316 1158 privatarum
345 1107 385 1145 in
414 1107 584 1145 Ecclesia
612 1111 690 1145 tota
719 1107 1022 1146 admonitionum
1053 1112 1342 1160 contemptores.

139 1174 264 1224 Atque
303 1173 392 1211 haec
427 1173 480 1211 ita
517 1173 562 1211 de
600 1173 798 1211 Seniorum
834 1173 993 1211 istorum
1032 1173 1347 1213 subsidiariorum
1385 1188 1472 1225 erga
1502 1175 1632 1213 Eccle-

89 1239 182 1277 siam
218 1238 481 1290 Ecclesiaeque
518 1239 682 1277 vicissim
719 1252 808 1289 erga
842 1239 929 1277 illos
967 1239 1086 1278 officio
1123 1239 1300 1279 dicuntur
1338 1245 1425 1280 ante
1464 1241 1632 1293 ipsorum

92 1304 326 1343 electionem.

143 1435 191 1472 Si
237 1448 348 1473 vero
396 1435 819 1486 Superintendens
865 1435 1207 1474 Ecclesiarum
1253 1437 1632 1487 Peregrinarum

91 1500 215 1549 eligi
262 1500 463 1547 debeat,
526 1504 637 1551 post
681 1499 926 1538 indictum
980 1513 1061 1552 per
1120 1499 1240 1538 illas
1280 1500 1425 1539 simul
1471 1514 1634 1540 omnes

92 1568 224 1603 certo
254 1564 416 1615 aliquo
459 1564 536 1601 die
562 1564 800 1602 ieiunium
846 1569 890 1602 et
936 1565 1086 1602 factis
1124 1568 1192 1614 (ut
1222 1565 1403 1603 dictum
1434 1569 1523 1614 est)
1552 1579 1634 1618 per

89 1628 209 1666 illas
246 1629 465 1680 publicis
503 1629 559 1666 ad
597 1642 766 1680 preces
805 1629 1274 1676 exhortationibus,
1315 1631 1434 1669 haec
1475 1631 1541 1669 ita
1580 1632 1635 1670 de

90 1693 233 1731 illius
275 1693 452 1731 officio
499 1706 580 1745 pro
611 1694 849 1731 concione
892 1693 1147 1733 dicuntur.

143 1821 362 1859 PRIMUM
399 1823 749 1874 Superintendentis
787 1836 852 1861 scu
880 1824 1110 1876 Inspectoris
1139 1824 1389 1863 ministerium
1417 1849 1468 1855 —
1497 1826 1635 1865 Graeci

93 1888 331 1930 Ἐπισκοπ-ίν
362 1893 496 1925 vocant
511 1910 561 1916 —
582 1902 661 1926 esse
693 1888 866 1927 Divinam
890 1889 1166 1927 ordinationem
1188 1890 1227 1927 in
1244 1890 1384 1928 Christi
1402 1891 1570 1930 Ecclesia
1591 1894 1634 1941 ¹),

90 1966 155 2004 per
190 1953 389 2004 ipsummet
427 1953 617 1992 Christum
657 1953 863 1992 Dominum
906 1954 1005 1993 inter
1040 1955 1143 2006 ipsos
1180 1955 1293 1993 etiam
1331 1957 1537 2007 Apostolos
1575 1957 1634 1995 in-

95 2017 277 2062 stitutam,
311 2017 399 2055 dum
434 2018 544 2056 Petro
584 2018 833 2057 confirmandi
868 2019 1033 2071 reliquos
1070 2020 1205 2058 fratres
1233 2019 1273 2057 in
1300 2020 1375 2058 fide
1401 2021 1635 2072 provinciam

93 2082 328 2133 peculiariter
356 2082 597 2121 demandaret
613 2084 657 2131 Β).
687 2083 777 2121 Non
804 2085 906 2135 quod
935 2085 1044 2122 Petro
1074 2085 1184 2122 aliam
1202 2085 1320 2123 ullam
1348 2099 1457 2137 super
1471 2087 1635 2138 reliquos

94 2147 300 2198 Apostolos
344 2150 566 2198 potestatem
612 2148 772 2196 auto-(C
809 2149 1070 2196 8¹›)ritatemve
1115 2149 1279 2195 dederit,
1317 2150 1634 2201 quemadmodum

94 2211 194 2262 Papa
224 2211 417 2249 Romanus
446 2211 625 2258 somniat,
655 2212 718 2249 sed
746 2213 847 2263 quod
875 2226 1000 2264 parem
1029 2213 1171 2264 alioqui
1198 2217 1310 2265 atque
1338 2215 1528 2266 aequalem
1553 2230 1636 2255 om-

94 2274 184 2312 nino
213 2274 372 2312 aliorum
400 2274 567 2312 omnium
596 2276 868 2326 Apostolorum
898 2289 982 2313 cum
1009 2276 1118 2315 Petro
1147 2282 1369 2328 potestatem
1389 2284 1488 2318 certo
1508 2281 1635 2333 aliquo

95 2339 362 2378 sollicitudinis
398 2340 557 2378 aliorum
595 2353 662 2391 pro
701 2340 785 2378 aliis
823 2340 954 2379 ordine
981 2341 1135 2380 retineri
1163 2342 1201 2380 in
1231 2343 1398 2381 Ecclesia
1428 2347 1636 2396 oportebat,

96 2405 411 2456 quemadmodum
440 2410 591 2444 sanctus
621 2405 690 2443 Dei
718 2412 859 2457 martyr
889 2407 1098 2458 Cyprianus
1127 2421 1210 2446 vere
1238 2414 1274 2446 et
1298 2411 1485 2460 praeclare
1514 2412 1635 2453 docet.

97 2471 252 2522 Alioqui
279 2472 476 2509 manifeste
506 2471 673 2510 videmus
701 2471 798 2510 idem
831 2472 1081 2510 ministerium
1109 2474 1284 2512 omnibus
1313 2489 1357 2513 ex
1386 2490 1503 2528 aequo
1528 2479 1635 2517 Pres-

95 2536 236 2587 byteris
274 2537 464 2576 Ecclesiae
500 2537 672 2583 attribui,
713 2551 917 2589 omnesque
951 2538 1195 2588 Presbyter-os
1233 2540 1356 2578 verbis
1392 2541 1541 2581 disertis
1569 2544 1636 2582 In-

98 2606 298 2653 spectores,
336 2616 399 2640 seu
428 2605 537 2651 (voce
567 2602 730 2650 Graeca)
760 2602 968 2654 Episcopos
998 2604 1122 2641 vocari
1142 2603 1186 2652 ³),
1217 2608 1252 2643 et
1280 2609 1365 2657 post
1394 2608 1636 2647 constitutam

99 2666 374 2718 Hierosolymis
415 2668 620 2706 Ecclesiam
660 2681 786 2719 parem
826 2668 1007 2707 honorem
1036 2670 1144 2707 Petro
1173 2669 1310 2709 Ioanni
1338 2676 1374 2710 et
1402 2672 1544 2711 Iacobo
1573 2674 1636 2712 de-

145 2822 168 2859 1)
192 2821 261 2853 Act.
287 2820 314 2852 l.
367 2821 383 2852 l
407 2821 525 2853 Timet.
549 2821 578 2851 3.
710 2822 733 2859 ²)
759 2821 860 2853 Math.
885 2822 935 2854 2¹5.
988 2821 1102 2854 Lucae.
1127 2823 1176 2854 22.
1231 2823 1318 2855 loau.
1343 2824 1393 2857 20.
1446 2824 1461 2856 l
1487 2825 1584 2859 Petri.
1609 2828 1636 2860 5.

143 2876 169 2915 ³)
194 2877 261 2907 Act.
285 2876 335 2908 20.
