1830 3147
1549 119 1620 158 17¹1

137 234 172 272 1.
230 232 285 270 Ut
331 231 489 283 quisque
532 231 572 269 in
617 230 786 269 Ecclesia
827 244 931 269 suam
967 231 1006 268 iu
1045 231 1163 269 Deum
1199 231 1312 269 fidem
1348 243 1411 268 ore
1445 243 1512 268 suo
1547 243 1616 281 pro

85 297 176 335 doni
205 297 262 335 sui
289 310 464 335 mensura
493 300 733 343 contestetur,
766 296 984 347 priusquam
1012 295 1059 333 ad
1089 296 1234 334 Coenae
1260 296 1481 335 Dominicae
1506 308 1617 334 usum

85 362 315 401 admittatur.
556 404 566 416 ὁ

139 430 174 466 2.
228 427 283 465 Ut
317 426 532 465 institutum
570 439 591 464 a
630 420 780 464 Christo
817 425 982 463 Domino
1019 425 1059 463 in
1087 439 1154 463 sua
1182 426 1351 464 Ecclesia
1380 426 1520 464 cultum
1548 438 1617 476 pu-

89 491 232 529 blicum
266 491 305 529 in
332 491 493 542 ¹publico
533 490 648 536 verbi,
686 491 1016 528 Sacramentorum
1051 494 1097 528 et‘
1115 490 1419 529 obsecrationum
1446 490 1619 528 ministe-

88 555 145 593 rio
172 555 330 606 quisque
357 555 555 604 diligenter
583 555 766 593 observet.

143 624 177 660 3.
231 620 302 659 Ut.
331 633 435 658 suam
480 621 648 671 quisque⁴
686 620 942 658 infirmitatem
987 620 1028 658 in
1074 620 1256 665 Ecclesia,
1300 620 1402 671 quod
1445 620 1492 658 ad
1526 619 1622 669 legis

91 684 250 723 Divinae
287 685 539 723 obedientiam
577 685 725 730 attinet,
753 685 914 733 ingenue
941 689 1136 734 agnoscat,
1164 685 1204 722 in
1231 685 1295 723 illa
1324 698 1363 722 se
1391 684 1463 722 sibi
1493 684 1624 735 displi-

92 764 184 795 cere,
219 750 322 788 illam
350 763 388 788 se
415 763 590 788 accusare
631 762 774 801 proque
800 750 865 787 illa
894 763 932 788 se
960 750 1107 788 veniam
1134 754 1258 801 petere
1287 751 1456 801 oportere
1485 763 1627 800 semper

90 819 261 853 testetur.

143 880 269 917 Plebis
304 880 392 917 item
429 879 469 917 in
506 883 585 917 tota
620 879 789 917 Ecclesia
827 880 1070 930 omniumque
1097 879 1199 918 illius
1226 879 1482 918 membrorum
1509 879 1627 916 officia

92 957 180 993 erga
210 943 407 982 Ministros
435 951 471 981 et
498 944 667 995 ipsorum
695 944 945 981 ministerium
969 944 1008 981 in
1029 944 1099 981 hoc
1120 944 1359 995 potissimum
1380 949 1467 982 sunt
1486 944 1628 995 posita:

147 1010 179 1046 l.
233 1008 288 1045 Ut
315 1009 472 1059 quisque
500 1009 540 1045 in
568 1007 738 1046 Ecclesia
765 1008 959 1058 publicum
988 1008 1089 1046 illius
1117 1022 1138 1046 a
1166 1008 1245 1045 Deo
1274 1008 1491 1046 institutum
1521 1007 1632 1044 mini-

95 1071 261 1112 sterium.
299 1085 376 1125 non
415 1072 607 1109 hominum
645 1071 708 1109 scd
738 1072 807 1109 Dei
834 1071 953 1123 ipsius
981 1072 1232 1110 ministerium
1261 1086 1340 1111 esse
1377 1077 1558 1122 agnoscat
1586 1072 1632 1108 il-

95 1136 235 1188 ludque
263 1141 302 1175 ut
330 1137 400 1174 Dci
429 1137 708 1175 ordinationem
736 1141 934 1175 veneretur
961 1150 1004 1174 ac
1034 1137 1226 1188 suscipiat.

146 1206 182 1241 2.
210 1203 265 1240 Ut
292 1202 481 1241 Ministris
510 1203 586 1240 suis
612 1202 791 1252 legitimis
820 1203 977 1253 quisque
1006 1202 1045 1239 in
1073 1202 1258 1247 Ecclesia,
1285 1207 1466 1253 tanquam
1495 1200 1636 1239 Christi

95 1268 212 1319 ipsius
248 1267 382 1317 legatis
420 1268 460 1305 in
487 1267 656 1318 ipsorum
685 1267 905 1314 ministerio,
933 1267 1009 1304 imo
1039 1280 1125 1305 vero
1155 1271 1335 1318 tanquam
1366 1266 1515 1305 Christo
1545 1266 1638 1317 ipsi-

95 1336 170 1371 met
198 1332 375 1378 Domino,
401 1346 466 1383 per
494 1332 580 1370 illos
609 1332 818 1370 Ecclesiam
848 1345 954 1370 suam
981 1334 1094 1381 (286)
1121 1332 1362 1382 gubernanti,
1389 1334 1539 1383 pareat:
1569 1330 1636 1368 ad-

98 1397 323 1446 monitiones
350 1397 515 1441 illorum,
542 1401 618 1435 tam
636 1397 812 1448 privatas,
833 1410 941 1448 quam
959 1397 1132 1447 publicas
1147 1402 1357 1435 reverenter
1375 1400 1487 1447 atque
1507 1409 1637 1433 aman-

96 1465 152 1498 ter
189 1461 373 1507 admittat‚
403 1465 438 1499 et
473 1462 521 1498 ab
559 1461 662 1498 omni
699 1461 877 1499 adversus
914 1462 999 1499 illos
1037 1461 1334 1499 murmuratione
1370 1460 1492 1498 modis
1527 1461 1637 1511 plane
1666 1496 1672 1501 ,

98 1526 273 1563 omnibus
301 1526 374 1564 sibi
403 1530 544 1564 caveat.

150 1594 184 1629 3.
215 1592 268 1628 Ut
296 1604 371 1629 non
400 1592 519 1628 solum
551 1591 622 1628 sibi
650 1591 808 1642 quisque
836 1605 855 1628 a
884 1591 1247 1629 murmurationibus
1277 1594 1407 1628 contra
1437 1590 1636 1627 Ministros

98 1655 137 1693 in
167 1656 333 1693 Ecclesia
364 1660 501 1700 caveat,
529 1656 592 1693 sed
623 1651 673 1702 ut,
701 1656 732 1693 si
760 1669 853 1706 quos
882 1657 976 1693 alios
1006 1655 1434 1698 murmuratoresnovit,
1454 1655 1538 1692 illos
1560 1654 1636 1705 pri-

99 1721 215 1758 vatim
243 1721 417 1772 primum,
457 1720 591 1758 deinde
621 1733 696 1758 uno
725 1727 839 1771 atque
867 1721 983 1758 altero
1013 1725 1106 1758 teste
1135 1720 1318 1766 adhibito,
1347 1719 1558 1769 redarguat,
1589 1723 1638 1762 et,

99 1786 130 1822 si
158 1785 435 1823 admonitiones
465 1799 549 1823 suas
580 1785 769 1823 contemni
800 1785 912 1830 videt,
930 1785 977 1822 ab
998 1785 1149 1822 illorum
1169 1785 1345 1822 familiari
1365 1783 1636 1822 consuetudine

100 1864 138 1888 se
166 1850 350 1888 subducat
380 1864 528 1902 remque
556 1850 602 1888 ad
632 1850 830 1888 Ministros
859 1850 1050 1888 Ecclesiae
1079 1851 1233 1889 deferat.

151 1920 186 1955 4.
215 1916 270 1954 Ut
298 1917 455 1967 quisque
482 1915 519 1954 in
550 1916 718 1954 Ecclesia
748 1929 972 1954 consensum
1002 1916 1194 1954 doctrinae
1223 1916 1439 1954 unanimem
1456 1929 1529 1954 una
1551 1929 1633 1953 cum

102 1980 289 2019 Ministris
316 1981 474 2019 retinere
503 1994 540 2018 se
569 1994 611 2018 ac
639 1981 735 2018 tueri
763 1981 861 2032 apud
891 1994 1020 2018 omnes
1050 1980 1184 2019 debere
1212 1984 1363 2027 statuat,
1392 1985 1440 2027 et,
1476 1981 1507 2018 si
1543 1980 1634 2031 quid

100 2044 140 2082 in
174 2044 344 2082 doctrina
380 2045 502 2083 vitave
541 2045 804 2083 Ministrorum
845 2046 1043 2090 desiderat,
1079 2046 1165 2083 illos
1192 2046 1296 2097 prius
1332 2045 1539 2083 observatis
1566 2044 1632 2082 ad-

102 2110 352 2148 monitionum
379 2110 558 2159 gradibus
586 2111 799 2160 rcdarguat,
817 2125 930 2162 quam
950 2125 1012 2149 eos
1030 2125 1182 2162 quoquo
1203 2111 1315 2149 modo
1334 2110 1631 2148 ministeriumve

101 2175 253 2212 illorum
281 2174 466 2213 traducat.

153 2243 188 2279 5.
234 2240 287 2277 Ut
314 2239 469 2291 quisque
495 2239 536 2277 in
564 2239 732 2277 Ecclesia
760 2240 947 2290 intelligat
974 2244 1085 2291 atque
1113 2246 1291 2291 agnoscat
1319 2254 1398 2278 esse
1427 2239 1544 2278 debiti
1571 2240 1629 2277 of-

101 2305 249 2356 ficiique
286 2304 354 2351 sui,
390 2311 427 2342 ut
453 2318 520 2355 pro
550 2318 615 2342 sua
645 2305 743 2342 virili
772 2305 986 2343 adiumento
1016 2306 1064 2343 sit
1091 2306 1161 2344 toti
1196 2305 1387 2343 Ecclesiae
1419 2305 1459 2343 in
1487 2304 1630 2342 alendis

102 2381 144 2406 ac
171 2368 342 2407 fovendis
372 2368 557 2406 Ministris
584 2368 714 2419 ipsius.
744 2373 914 2420 Aequum
943 2375 999 2407 est
1026 2370 1139 2415 enim,
1165 2375 1217 2416 ut,
1247 2369 1311 2421 qui
1339 2369 1524 2407 seminant
1552 2369 1628 2419 spi—

100 2435 262 2477 ritualia,
289 2435 563 2482 me·(287)tant
592 2434 800 2484 corporalia
829 2434 925 2486 apud
942 2448 1017 2480 eos,
1037 2435 1172 2486 quibus
1194 2435 1366 2472 eoelestia
1386 2435 1627 2480 seminarunt,

100 2512 220 2550 neque
273 2498 367 2537 desit
419 2499 597 2549 pabulum
645 2499 741 2549 apud
790 2511 852 2537 eos
898 2499 986 2537 bovi
1032 2499 1238 2546 trituranti,
1281 2499 1380 2550 apud
1424 2511 1518 2550 quos
1563 2499 1627 2536 ille

101 2565 255 2602 triturat
286 2566 330 2612 ¹).

153 2628 261 2666 Quae
296 2632 419 2666 autem
456 2627 574 2678 plebis
611 2627 727 2665 totius
761 2641 804 2665 ac
841 2628 1075 2678 singulorum
1113 2629 1365 2667 membrorum
1393 2629 1432 2666 in
1461 2627 1628 2666 Ecclesia

101 2693 219 2731 officia
254 2692 300 2730 ad
334 2698 504 2731 mutuam
537 2693 696 2730 fratrum
729 2692 889 2731 invicem
926 2695 1093 2732 omnium
1121 2694 1334 2733 societatem
1362 2694 1562 2746 pertinent,
1590 2692 1628 2729 in

100 2757 172 2795 hoc
200 2758 382 2810 imprimis
412 2758 618 2797 consistere
646 2758 843 2798 videntur:

147 2885 171 2924 ¹)
196 2885 213 2916 1
238 2885 312 2919 Cor,
335 2886 365 2920 9.

151 2939 208 2981 ΙΙ.
1432 2945 1479 2983 12
