1830 3147
1595 68 1669 104 233

184 171 341 210 Initium
378 185 489 225 porro
531 172 833 213 admonitionum
860 176 902 214 fit
929 175 977 213 ab
1005 176 1087 227 ipso
1116 177 1468 228 Superintendente‚
1496 178 1528 215 si
1554 177 1666 225 adsit,

131 241 197 276 aut
231 239 401 289 proximo
436 238 579 290 alioqui
613 247 698 291 post
729 240 852 291 ipsum
879 240 997 278 verbi,
1021 240 1211 288 Ministro,
1247 242 1300 280 sic
1328 247 1369 280 ut
1397 243 1455 281 vel
1483 242 1664 294 Superin-

133 303 305 346 tendens.
339 303 371 341 si
405 303 516 349 adsit,
551 304 609 341 vel
641 304 833 355 proximus
870 305 1012 356 alioqui
1048 311 1134 356 post
1177 306 1299 358 ipsum
1337 306 1441 346 verbi
1477 307 1667 352 Minister,

134 365 326 421 paululum
353 373 461 406 coetu
487 369 648 407 aliorum
675 370 845 408 omnium
873 370 1042 416 excedat,
1071 378 1125 415 ut,
1150 371 1234 423 ipso
1261 372 1427 418 absente,
1462 386 1484 410 a
1511 372 1666 424 reliquis

133 434 313 472 fratribus
340 433 577 480 deliberetur,
604 433 799 472 cuiusnam
826 435 880 473 rei
908 435 1061 474 nomine
1087 436 1126 473 in
1155 441 1262 474 coetu
1288 437 1354 474 illo
1382 438 1505 488 ipsum
1531 436 1667 488 reliqui

136 501 268 538 fratres
304 512 433 537 omnes
469 503 532 536 aut
568 499 848 538 admonendum
874 500 1271 552 reprehendendumve
1299 507 1363 540 aut
1389 502 1502 541 etiam
1531 515 1667 541 conso-

132 565 287 603 landum
313 565 630 615 animandumque
656 579 735 603 esse
762 570 909 616 putent.
963 566 1187 617 Priusquam
1222 572 1346 606 tamen
1376 573 1485 606 coetu
1512 568 1669 607 excedat

131 629 337 680 (siquidem
373 629 496 678 adest)
534 629 854 680 Superintendens
889 652 941 660 —
976 644 1087 682 quem
1123 636 1248 670 tamen
1286 632 1414 671 adesse
1450 638 1608 685 oportet,
1636 634 1668 672 si

135 695 241 732 nullo
267 694 409 745 alioqui
436 694 605 744 legitimo
633 694 900 746 impedimento
929 696 1179 746 distringatur
1202 718 1254 726 -
1279 702 1522 736 recensentur
1540 699 1668 750 paucis

131 759 240 798 istius
267 759 386 796 officia
423 759 463 797 in
499 759 578 796 eius
605 759 830 806 ministerio,
858 762 970 808 (530)
1000 760 1044 799 de
1072 761 1209 812 quibus
1237 761 1380 799 dictum
1408 767 1464 800 est
1489 763 1529 801 in
1557 776 1667 814 supe-

132 824 295 862 rioribus
331 824 370 862 in
407 837 449 862 ea
479 824 672 870 concione,
699 837 793 875 quae
820 824 980 863 habetur
1008 825 1106 863 circa
1135 826 1487 876 superintendentis
1513 827 1667 865 electio-

134 903 232 934 nem,
259 903 343 940 pag.
383 890 428 927 18
458 888 511 939 [D
541 889 599 938 1¹²]
629 890 757 937 (huius
783 890 841 928 ed.
868 903 905 941 p.
935 891 1015 938 58).
1071 890 1224 928 Quibus
1253 891 1568 937 commemoratis,
1595 893 1668 930 Su-

133 954 400 1006 perintendens
428 967 508 992 sese
535 954 688 992 subiicit
715 955 872 992 fratrum
900 955 1132 1006 reliquorum
1159 956 1199 993 in
1229 961 1337 994 coetu
1352 956 1418 994 illo
1438 957 1668 996 admonitio-

133 1019 246 1057 nibus
281 1022 317 1056 et
354 1031 546 1062 censurae,
572 1031 796 1069 quacunque
821 1019 861 1056 in
890 1032 930 1057 re
958 1032 1027 1057 suo
1054 1020 1189 1064 officio,
1217 1020 1296 1058 sive
1321 1021 1362 1059 in
1391 1021 1563 1060 doctrina
1591 1023 1669 1061 sive

131 1084 170 1122 in
199 1084 286 1130 vita,
315 1084 477 1121 defuisse
504 1084 687 1131 videatur,
714 1090 827 1135 atque
853 1085 905 1122 ita
933 1090 1041 1123 coetu
1071 1085 1135 1122 illo
1164 1086 1353 1137 paulisper
1371 1087 1530 1133 excedit,
1547 1087 1668 1126 donec

132 1161 280 1187 rursum
307 1161 373 1200 per
400 1148 562 1199 aliquem
590 1149 749 1186 fratrum
777 1149 823 1187 ad
853 1154 1002 1187 coetum
1030 1156 1237 1189 revocetur.
1279 1151 1430 1190 Interea
1459 1165 1558 1197 vero,
1584 1153 1667 1204 ipso

131 1214 299 1260 absente,
326 1214 466 1264 singuli
493 1214 628 1251 fratres
656 1214 788 1252 ordine
824 1228 891 1252 suo
927 1228 993 1266 per
1022 1229 1137 1253 unum
1165 1229 1184 1254 e
1215 1216 1403 1255 Ministris
1429 1218 1668 1268 interrogan-

132 1282 204 1323 tur,
230 1291 321 1315 num
349 1290 421 1327 qua
449 1277 489 1314 in
517 1291 557 1315 re
582 1277 688 1315 illum
717 1278 998 1316 admonendum
1026 1293 1106 1317 esse
1133 1284 1278 1330 putent,
1314 1280 1391 1318 sive
1418 1281 1457 1318 in
1486 1281 1671 1328 doctrina,

132 1342 210 1381 sive
236 1342 276 1380 in
304 1342 380 1380 vita
407 1342 539 1393 ipsius,
566 1342 873 1393 adnotanturque
899 1356 941 1381 ea
977 1343 1117 1390 omnia,
1143 1344 1184 1382 in
1211 1345 1349 1395 quibus
1378 1345 1436 1383 vel
1462 1345 1669 1384 admonen-

132 1405 213 1452 dus,
240 1407 298 1444 vel
325 1406 439 1444 etiam
466 1406 807 1457 reprehendendus,
833 1412 898 1444 aut
925 1407 1067 1459 alioqui
1105 1409 1360 1447 consolandus
1395 1423 1475 1448 esse
1508 1410 1667 1449 videtur.

134 1472 190 1508 Ac
215 1475 297 1508 tum
323 1483 453 1508 rursus
480 1471 526 1508 ad
556 1475 701 1509 coetum
729 1475 928 1509 revocatur
965 1478 1279 1524 exponunturque
1315 1474 1372 1511 illi
1400 1487 1441 1512 ea
1466 1475 1593 1512 omnia
1620 1475 1667 1512 li-

134 1535 220 1573 bere
255 1540 292 1573 et
330 1538 498 1572 amanter
534 1535 650 1573 totius
679 1540 807 1573 coetus
835 1537 1000 1582 nomine,
1028 1551 1122 1588 quae
1159 1539 1293 1577 fratres
1319 1539 1359 1576 in
1382 1539 1466 1590 ipso
1494 1540 1667 1579 admoni-

130 1599 234 1638 tione
272 1600 385 1649 digna
421 1613 501 1638 esse
535 1600 760 1639 iudicarant.
816 1601 960 1652 Illeque
997 1614 1081 1640 cum
1119 1603 1221 1640 omni
1265 1603 1498 1642 subiectione
1534 1605 1668 1656 recipit

130 1677 274 1710 omnes,
301 1677 395 1714 quae
421 1664 468 1702 ad
495 1664 617 1715 ipsum
645 1666 754 1710 fiunt,
780 1665 1071 1705 admonitiones.

182 1729 244 1768 Ad
269 1729 429 1768 eundem
456 1743 569 1780 porro
597 1730 751 1768 modum
779 1732 905 1781 agitur
933 1745 1019 1769 cum
1044 1732 1199 1784 reliquis
1238 1733 1342 1771 verbi
1370 1733 1570 1781 Ministris,
1599 1736 1665 1774 Se-

130 1794 300 1833 nioribus
345 1798 380 1832 et
423 1793 617 1841 Diaconis,
652 1795 757 1834 iuxta
792 1796 960 1848 ipsorum
997 1797 1161 1842 ordines,
1197 1797 1302 1849 prius
1338 1803 1465 1837 tamen
1499 1799 1666 1838 recitatis

130 1873 259 1898 eorum
295 1860 436 1907 officiis,
471 1873 582 1911 quam
620 1863 731 1910 (531)
770 1867 876 1900 coetu
903 1863 986 1913 ipso
1012 1862 1190 1901 excedere
1215 1863 1428 1910 iubeantur,
1455 1878 1588 1916 nempe
1615 1871 1667 1911 ut,

131 1925 348 1976 priusquam
376 1924 511 1976 aliquis
538 1939 557 1963 e
585 1925 689 1963 verbi
718 1926 906 1964 Ministris
934 1927 1036 1965 exire
1062 1927 1248 1973 iubeatur,
1275 1929 1448 1978 legantur
1468 1930 1570 1967 verbi
1590 1930 1665 1967 Mi-

131 1990 336 2028 nistrorum
363 1990 495 2036 officia,
522 2003 616 2041 quae
645 1991 833 2029 habentur
860 1992 900 2029 in
931 1992 1113 2030 concione
1143 1993 1241 2031 circa
1271 1993 1534 2032 Ministrorum
1561 1995 1665 2033 verbi

129 2056 361 2101 electionem,
388 2068 472 2105 pag.
502 2058 522 2093 9
551 2069 595 2093 ac
623 2055 797 2108 deinceps
825 2057 873 2106 [C
900 2059 961 2106 4b]
981 2059 1109 2106 (It-ulus
1129 2059 1234 2110 ed‚p.
1257 2061 1334 2107 54).
1363 2059 1522 2101 Rursus,
1542 2060 1664 2110 prius-

131 2134 242 2171 quam
269 2120 406 2170 aliquis
434 2120 631 2158 Seniorum
660 2121 761 2159 exire
787 2122 973 2167 iubeatur,
988 2123 1195 2161 recitantur
1214 2125 1326 2162 etiam
1345 2125 1512 2175 ipsorum
1533 2127 1665 2171 officia,

131 2198 225 2236 quae
261 2184 447 2222 habentur
482 2185 520 2222 iu
549 2185 730 2223 concione
758 2186 855 2223 circa
884 2187 1051 2238 ipsorum
1079 2188 1311 2235 electionem,
1338 2203 1423 2240 pag.
1453 2192 1499 2228 13
1529 2191 1577 2239 [C
1606 2193 1662 2241 7⁸]

129 2249 256 2296 (leuius
291 2249 346 2287 ed.
384 2262 418 2299 p.
457 2250 537 2296 56).
592 2251 649 2287 Ac
686 2250 902 2300 priusquam
941 2264 1070 2289 rursus
1106 2252 1363 2290 Diaconorum
1399 2254 1536 2305 aliquis
1563 2255 1664 2294 exire

129 2313 313 2356 iubeatur,
339 2313 542 2350 recitantur
570 2326 719 2364 quoque
745 2314 1000 2353 Diaconorum
1029 2316 1160 2361 officia,
1188 2331 1283 2367 quae
1310 2317 1496 2356 habentur
1515 2319 1554 2357 in
1572 2333 1662 2358 con-

130 2378 238 2416 cione
266 2378 362 2415 circa
389 2378 556 2428 ipsorum
585 2378 818 2426 electionem,
850 2392 935 2430 pag.
971 2383 1020 2417 24
1049 2380 1100 2429 [D
1127 2382 1186 2430 4²²]
1216 2382 1343 2429 (huius
1369 2382 1425 2421 ed.
1454 2396 1490 2434 p.
1520 2386 1587 2432 60)
1618 2386 1660 2432 ¹).

131 2442 192 2480 Ita
227 2455 313 2480 vero
350 2442 573 2491 singillatim
609 2443 674 2480 alii
708 2448 795 2494 post
830 2444 924 2482 alios
961 2449 998 2483 et
1035 2446 1139 2483 verbi
1166 2446 1335 2485 Ministri
1363 2454 1399 2486 et
1427 2449 1600 2489 Seniores
1627 2457 1664 2489 et

131 2505 292 2544 Diaconi
319 2520 338 2544 e
365 2511 474 2545 coetu
502 2520 580 2545 sese
606 2507 793 2559 paulisper
821 2509 1048 2555 subducunt,
1074 2516 1116 2547 ut
1137 2510 1182 2548 de
1201 2512 1359 2561 singulis
1379 2513 1513 2565 reliqui
1528 2515 1662 2554 fratres

128 2583 258 2608 omnes
286 2571 356 2608 sub
383 2571 551 2621 ipsorum
579 2571 750 2609 absentia
775 2585 861 2610 suas
889 2574 1095 2612 sententias
1114 2580 1295 2624 rogentur
1311 2590 1354 2614 ac
1374 2578 1510 2624 ferant,
1530 2593 1660 2630 quem-

173 2670 197 2708 ¹)
222 2669 341 2700 Incisio
361 2671 559 2711 payellarum
589 2682 646 2711 per
682 2674 779 2703 totam
813 2674 869 2705 hoc
892 2676 1069 2715 opusculum
1095 2676 1204 2706 mirum
1228 2677 1259 2707 in
1283 2679 1404 2710 modum
1425 2682 1609 2721 perturbata
1632 2686 1661 2714 et

129 2726 286 2765 complexa
309 2728 364 2763 est,
387 2737 484 2767 quare
503 2727 609 2766 potius
630 2727 719 2766 dati,
742 2729 872 2771 obliquis
894 2730 1009 2772 siqillis
1032 2742 1193 2762 numerum
1215 2734 1407 2775 luminatum
1432 2737 1581 2768 editionis
1603 2739 1662 2769 ori-

124 2778 252 2820 fimlis,
290 2779 322 2810 in
344 2783 452 2811 nostra
476 2781 614 2812 editione
642 2783 768 2821 obvium,
798 2784 927 2816 nucibus
955 2796 1027 2817 vero
1055 2786 1196 2818 inclusas
1224 2788 1322 2830 ipsius
1349 2794 1476 2822 nostrae
1512 2793 1660 2824 editionis

126 2836 321 2875 payellarum
345 2838 436 2867 notas
457 2847 622 2878 apponere.
1474 2847 1536 2879 En.
