1830 3147
183 173 255 208 222

181 288 245 321 tuo
283 288 318 321 et
356 286 485 321 sancto
515 283 657 334 Spiritu
684 283 779 323 vivis
807 288 842 322 et
869 297 1004 332 regnas
1031 284 1152 322 trinus
1180 288 1215 322 et
1241 297 1338 321 unus
1367 283 1480 329 Deus,
1507 283 1718 322 laudandus

182 348 222 385 in
250 348 410 386 saecula.
439 348 603 386 Amen.''

231 478 367 515 Postea
407 479 591 517 convertit
622 478 798 517 Minister
826 479 1035 516 orationem
1064 491 1166 516 suam
1196 478 1242 516 ad
1272 482 1458 530 receptum
1487 478 1527 516 in
1554 479 1713 527 gratiam

180 543 346 588 fratrem,
367 542 549 594 illumque
577 544 779 594 alloquitur
807 543 854 582 ad
884 543 984 581 hunc
1013 543 1184 581 modum:

234 675 517 713 Admonitio
545 675 600 713 ad
629 679 873 725 receptum
901 674 989 711 iam
1018 674 1232 712 fratrem.

236 805 365 842 “Ecce
392 806 464 842 iam
496 805 615 842 denuo
644 818 709 856 per
736 808 907 842 nostrum
934 804 974 842 in
1004 804 1074 841 hac
1103 803 1270 841 Ecclesia
1299 803 1551 841 ministerium
1573 803 1713 854 recipe-

182 869 234 906 ris
268 882 417 906 rursum
453 869 492 906 in
532 875 660 906 coetus
697 869 817 909 nostri
855 868 1081 909 societatem.
1119 881 1191 919 qua
1230 867 1378 918 quidem
1408 868 1619 918 receptione
1647 880 1715 905 nos

180 934 251 971 tibi
289 934 326 970 in
356 934 506 971 nomine
540 938 576 971 et
604 933 742 971 virtute
769 933 924 970 Domini
952 933 1074 970 nostri
1102 933 1189 970 Iesu
1218 931 1359 969 Christi
1385 932 1642 977 testificamur,
1669 936 1718 977 te,

181 998 246 1048 qui
284 999 445 1036 Satanae
473 999 680 1035 membrum
710 1011 789 1035 esse
818 1011 1005 1049 coeperas,
1033 998 1106 1035 iam
1136 1011 1284 1035 rursum
1313 1011 1392 1035 esse
1419 998 1627 1035 membrum
1656 1011 1715 1035 sa-

182 1065 368 1101 crosancti
406 1063 573 1114 corporis
611 1064 765 1109 Christi,
801 1063 924 1101 denuo
966 1067 1184 1114 cooptatum
1223 1062 1264 1100 in
1291 1063 1410 1100 filium
1439 1063 1509 1100 Dei
1536 1063 1624 1107 vivi,
1651 1063 1715 1114 qui

180 1128 253 1165 iam
290 1141 464 1179 praeceps
492 1129 539 1166 ad
576 1129 768 1166 interitum
797 1137 898 1166 tuum
929 1131 1326 1179 aeter-(501)namque
1355 1129 1718 1175 condemnationem,

184 1192 344 1229 Satanae
371 1193 544 1239 traditus,
574 1193 767 1232 ferebaris,
807 1193 977 1243 Denique
1004 1196 1042 1230 te
1068 1193 1143 1230 iam
1171 1206 1321 1230 rursum
1349 1206 1428 1230 esse
1456 1193 1607 1230 fratrem
1637 1193 1715 1230 Do-

182 1257 274 1294 mini
313 1258 433 1294 nostri
467 1259 555 1295 Iesu
584 1258 725 1295 Christi
754 1263 789 1295 et
816 1258 972 1308 perinde
1001 1261 1169 1295 nostrum
1199 1270 1348 1308 quoque
1375 1258 1413 1294 in
1441 1257 1507 1294 illo
1535 1257 1716 1303 omnium,

182 1325 293 1371 atque
320 1320 371 1357 ita
402 1320 548 1357 demum
578 1320 774 1358 haeredem
804 1320 873 1358 Dei
901 1324 936 1358 et
966 1320 1205 1358 cohaeredem
1246 1320 1399 1366 Christi,
1426 1325 1613 1372 receptum
1644 1334 1716 1358 una

183 1385 379 1423 nobiscum
418 1399 483 1436 per
519 1386 678 1434 gratiam
715 1385 816 1422 illius
853 1385 892 1422 in
922 1390 1058 1423 sortem
1088 1389 1316 1429 sanctorum,
1344 1389 1383 1422 ut
1412 1385 1599 1435 opulentia
1628 1398 1717 1434 gra-

181 1450 255 1488 tiae
291 1464 334 1487 ac
368 1450 643 1488 misericordiae
680 1451 792 1496 illius,
829 1464 894 1501 per
929 1456 1030 1488 tuam
1060 1451 1171 1488 istam
1199 1450 1492 1502 resipiscentiam
1521 1456 1554 1487 et
1583 1463 1716 1488 recon-

181 1515 411 1552 ciliationem
439 1516 478 1552 in
508 1515 677 1552 Ecclesia
705 1515 823 1566 ipsius
853 1515 1075 1553 celebretur.
1106 1517 1282 1564 Agnosce
1310 1515 1426 1563 igitur
1454 1514 1584 1552 Divini
1605 1515 1715 1552 huius

180 1581 219 1617 in
248 1584 284 1617 te
312 1580 482 1618 beneficii
511 1579 822 1629 magnitudinem,
849 1580 901 1616 mi
921 1580 1054 1618 frater!
1086 1581 1184 1617 hanc
1202 1594 1366 1630 agnosce
1386 1581 1540 1632 inquam
1560 1585 1595 1619 et
1616 1595 1718 1623 cave.

182 1658 227 1682 ne
246 1649 350 1682 tanto
366 1645 557 1688 beneficio,
579 1644 690 1682 etc.'’.
721 1645 889 1692 (Ultima
900 1646 989 1682 haee
1004 1647 1113 1682 verba
1123 1646 1368 1693 requirantur
1378 1659 1467 1694 paq.
1480 1647 1550 1686 327
1565 1647 1715 1692 [huius

180 1711 244 1748 ed.
268 1724 310 1758 p.
344 1710 446 1758 192]‚
471 1712 585 1758 paulo
614 1714 702 1746 ante
719 1712 835 1759 finem
862 1710 998 1757 ipsius,
1016 1714 1127 1757 atque
1151 1714 1400 1758 persequatur
1418 1711 1602 1747 Minister
1620 1712 1716 1748 liam·

181 1776 353 1823 deinceps
381 1776 664 1812 admonitionem
695 1776 746 1812 ad
761 1777 877 1824 finem
906 1788 1031 1822 usque,
1058 1776 1348 1823 quemadmodum
1377 1776 1460 1812 illie
1487 1777 1675 1823 habetur).

234 1840 359 1877 Finita
388 1852 474 1877 vero
505 1840 573 1876 hac
601 1839 860 1877 admonitione
888 1839 934 1876 ad
962 1843 1152 1889 receptum
1189 1840 1354 1881 fratrem,
1383 1840 1600 1889 adiungitur
1628 1853 1713 1878 mox

182 1903 390 1941 admonitio
430 1903 476 1940 ad
514 1903 734 1946 Ecclesiam,
771 1917 865 1954 quae
901 1903 1009 1941 etiam
1041 1903 1199 1941 habetur
1226 1917 1309 1954 pag.
1340 1906 1412 1941 323
1443 1904 1567 1952 [liuius
1594 1905 1649 1943 ed.
1679 1918 1714 1955 p.

184 1971 273 2018 192]
303 1973 339 2007 et
366 1970 519 2020 incipit:
552 1986 569 2003 u
584 1969 661 2005 Vos
689 1973 825 2014 autem,
853 1969 986 2006 fratres
1017 1971 1163 2006 omnes!
1193 1973 1262 2007 etc.
1311 1969 1394 2006 Qua
1426 1969 1572 2006 demum
1602 1970 1715 2007 abso-

181 2036 260 2072 luta
288 2035 469 2072 invitatur
499 2034 666 2071 Ecclesia
695 2034 741 2071 ad
771 2047 851 2071 eam
878 2034 1085 2082 gratiarum
1113 2035 1311 2079 actionem,
1339 2047 1432 2084 quae
1459 2034 1616 2072 habetur
1629 2049 1714 2086 pag.

182 2103 254 2137 329
285 2100 410 2149 [liuius
438 2099 492 2137 ed.
521 2112 556 2149 p.
586 2099 689 2146 1934
719 2103 753 2136 et
782 2098 934 2149 incipit:
967 2116 984 2132 u
1000 2099 1109 2136 Pater
1136 2103 1264 2136 noster
1292 2099 1475 2144 coelestis,
1493 2099 1716 2136 inexhauste

182 2166 268 2202 fons
296 2170 365 2203 etc.
423 2164 548 2201 Finita
586 2176 672 2200 vero
708 2164 913 2211 gratiarum
954 2164 1237 2212 acti-(502)one
1265 2164 1441 2201 admonet
1470 2164 1714 2203 Ecclesiastes

183 2229 345 2279 reliquos
385 2227 583 2265 Ministros
619 2240 662 2264 ac
700 2228 872 2265 Seniores
909 2241 1048 2274 omnes,
1085 2233 1125 2265 ut
1162 2232 1349 2279 receptum
1398 2229 1546 2265 fratrem
1583 2229 1714 2267 ordine

182 2307 312 2331 omnes
341 2293 482 2330 dextris
511 2293 608 2330 datis
637 2306 762 2330 coram
789 2297 869 2330 tota
898 2293 1066 2331 Ecclesia
1095 2294 1367 2344 amplexentur,
1395 2307 1573 2344 suamque
1600 2298 1636 2331 et
1656 2299 1712 2346 to-

182 2358 257 2395 tius
284 2358 475 2395 Ecclesiae
504 2371 585 2394 cum
614 2357 679 2394 illo
710 2357 1055 2395 reconciliationem
1082 2358 1220 2395 osculis
1240 2358 1316 2396 suis
1335 2345 1568 2396 attestentur.
1598 2359 1711 2396 Quod

183 2422 248 2459 ubi
276 2423 417 2460 factum
444 2429 511 2466 est,
540 2422 685 2459 canitur
714 2422 885 2459 Psalmus
911 2422 1180 2471 gratulator-ius
1199 2436 1219 2459 a
1238 2426 1317 2460 tota
1339 2422 1528 2460 Ecclesia:
1560 2423 1712 2459 nBene-

183 2486 244 2523 dic
271 2487 394 2524 anima
421 2500 502 2524 mea
531 2486 706 2532 Domino,
734 2508 784 2515 —
812 2500 930 2537 eoque
958 2487 1157 2525 decantato
1187 2487 1387 2525 dimittitur
1416 2487 1583 2524 Ecclesia
1610 2500 1713 2525 more

184 2551 296 2588 solito
326 2564 406 2588 cum
436 2550 697 2588 benedictione
725 2554 759 2587 et
786 2563 991 2600 pauperum
1021 2550 1358 2588 commendatione.

235 2616 283 2652 In
319 2615 575 2666 pomeridiana
612 2620 735 2653 autem
765 2615 948 2652 concione
976 2615 1225 2653 denunciatur
1252 2615 1349 2665 apud
1378 2615 1468 2651 alias
1496 2615 1713 2664 peregrino·

184 2693 266 2717 rum
302 2678 492 2715 Ecclesias
530 2678 658 2716 fratris
685 2678 824 2728 recepti
851 2678 1123 2722 reconciliatio,
1152 2668 1197 2716 ne
1233 2678 1392 2728 amplius
1421 2678 1467 2714 ab
1496 2678 1571 2714 illis
1600 2679 1712 2716 etiam

182 2757 249 2795 pro
277 2743 441 2786 ethnico,
471 2741 532 2778 sed
560 2742 636 2779 iam
663 2755 792 2779 rursus
819 2755 885 2793 pro
916 2743 1030 2779 fratre
1059 2742 1250 2779 communi
1278 2742 1445 2779 omnium
1476 2742 1671 2781 habeatur.

235 2810 362 2859 Atque
398 2807 578 2844 hactenus
617 2808 661 2844 de
697 2820 764 2844 usu
801 2807 1022 2857 disciplinae
1058 2807 1103 2844 ad
1132 2812 1247 2844 totam
1277 2807 1317 2843 in
1345 2820 1478 2856 genere
1505 2807 1711 2845 Ecclesiam

182 2873 393 2926 pertinente
430 2871 570 2908 dictum
598 2875 665 2910 est.
720 2872 802 2909 Iam
831 2884 917 2908 vero
947 2871 991 2908 de
1019 2871 1196 2922 peculiari
1230 2871 1332 2908 illius
1369 2885 1440 2908 usu
1467 2871 1566 2909 inter
1595 2871 1712 2910 Mini-

185 2944 282 2980 stros
312 2938 494 2975 duntaxat
524 2936 712 2974 Ecclesiae
740 2950 868 2974 omnes
898 2936 1093 2974 dicendum
1124 2936 1205 2974 erit.
