1830 3147
813 70 883 106 619
1347 74 1410 122 [A.
1435 74 1481 112 D.
1508 75 1622 124 1548]

132 179 315 216 Hactenus
348 177 419 215 ille.
467 176 545 213 Iam
577 187 657 214 eum
683 176 813 222 videas,
846 178 894 216 mi
923 179 1106 229 Philippe!
1133 181 1176 218 ad
1201 181 1290 230 quid
1313 183 1448 220 voceris
1474 186 1512 221 et
1535 196 1621 233 quo,

84 239 170 277 item
195 238 351 276 omnium
374 237 554 275 hominum
579 240 616 274 et
640 238 697 275 tui
721 244 759 276 et
776 251 877 277 verae
892 239 1074 287 religionis
1091 243 1412 280 amantissimorum
1430 247 1467 282 et
1485 248 1620 293 quanto

84 302 203 340 studio
243 300 378 338 voceris
419 299 524 336 simul
562 306 670 347 atque
703 302 908 349 expecteris,
940 303 1100 351 profecto
1136 306 1266 350 nescio,
1298 318 1370 354 qua
1403 308 1620 346 conscientia

84 364 303 401 vocationem
328 362 415 399 hane
440 361 616 409 negligere
641 364 765 411 905515,
792 363 1006 412 praesertim,
1032 365 1063 401 si
1089 366 1221 403 nullam
1247 367 1329 404 istie
1354 371 1390 404 te
1407 371 1539 406 certam
1556 383 1618 408 vo-

84 426 259 463 cationem
283 424 352 460 iam
377 423 502 460 habere
528 423 659 468 videas,
686 437 792 472 quam
817 425 898 462 huie
922 426 1050 463 merito
1076 439 1253 476 opponere
1277 441 1396 477 queas.
1446 430 1484 466 Si
1508 431 1546 467 in
1571 431 1618 468 si-

84 486 158 523 mili
192 486 377 523 voeatione
403 484 610 533 [difficilem]
645 488 683 522 te
714 498 790 523 esse
814 486 962 524 noluisti
991 490 1034 536 Ι3)
1073 490 1293 527 sanctissimo
1319 491 1392 528 seni
1417 490 1470 528 illi
1495 495 1617 530 nostro

83 547 257 596 Episcopo
292 545 506 590 Coloniensi,
539 558 623 583 sane
655 560 699 584 ne
724 560 819 585 nune
845 548 988 596 quidem
1012 549 1078 586 tibi
1103 549 1139 586 id
1164 550 1287 588 licebit
1312 551 1349 588 in
1373 564 1478 588 eausa
1502 553 1617 592 multo

81 608 252 656 graviore.
301 608 392 652 Seio,
427 620 532 656 quam
566 608 672 645 inviti
704 609 777 645 sint
809 615 846 646 te
886 610 994 648 istinc
1025 610 1204 648 dimissuri
1229 613 1285 649 tui
1310 626 1488 662 quamque
1512 618 1548 652 et
1574 619 1616 653 111

79 669 215 707 invitus
255 669 336 706 illos
370 669 560 717 relinquas,
595 669 660 707 1100
696 670 919 718 potissimum
951 675 1119 720 tempore,
1152 672 1213 710 sed
1245 677 1377 718 metuo,
1413 687 1458 712 ne
1482 678 1520 712 te
1544 689 1616 714 non

81 744 200 768 omnes
241 731 323 769 istie
354 744 417 779 pro
450 743 491 768 eo
526 743 566 768 ae
598 731 768 768 vellemus
801 732 960 770 audiant.
1008 733 1057 770 Et
1091 736 1133 771 ut
1165 734 1312 772 audiant
1348 736 1504 773 nondum
1529 738 1615 783 scio,

79 805 124 829 an
155 795 257 830 tanto
288 805 368 829 eum
394 793 516 830 fructu
539 793 622 830 istic
647 805 742 831 nunc
767 806 843 830 esse
867 794 990 842 possis,
1017 798 1173 843 quantus
1199 809 1242 833 ex
1267 800 1331 833 tua
1354 798 1552 845 praesentia
1576 799 1614 836 in

79 854 208 902 Anglia
247 854 366 891 haberi
405 854 473 890 iam
508 859 638 902 posset,
674 854 737 902 qui
772 857 890 891 tamen
915 854 1017 892 nobis
1051 856 1283 904 negligendus
1307 862 1438 896 temere
1462 872 1533 896 non
1558 862 1614 897 est

79 927 239 963 usquam,
273 915 446 963 siquidem
480 915 582 952 nobis
617 915 750 952 Christi
783 915 928 952 Domini
952 916 1099 964 gloriam
1126 930 1209 955 vere
1235 922 1271 955 et
1296 931 1339 956 ex
1364 921 1480 957 animo
1505 933 1613 968 quae·

78 977 220 1013 rendam
252 989 327 1014 esse
363 980 540 1024 putamus.
589 976 705 1023 Quare
729 976 836 1013 semel
862 977 1002 1014 tandem
1027 981 1146 1015 statue
1170 979 1304 1027 aliquid
1329 984 1365 1017 et
1390 994 1455 1018 nos
1480 981 1523 1018 de
1548 985 1612 1019 tuo

77 1039 194 1076 animo
220 1040 273 1076 fae
297 1039 476 1077 certiores,
513 1039 567 1075 De
592 1041 738 1087 sumptu
761 1039 1013 1087 prospiciemus
1038 1044 1102 1077 aut
1126 1041 1274 1079 Bremae
1296 1046 1361 1079 aut
1385 1043 1612 1092 Hamburgae

76 1107 139 1138 aut
173 1100 233 1138 ubi
267 1100 366 1137 velis.
415 1100 524 1137 Modo
559 1100 613 1138 fac
638 1100 743 1137 sciam
769 1103 943 1149 quantum
969 1104 1007 1138 et
1032 1114 1104 1150 quo
1129 1102 1206 1139 loco
1232 1104 1347 1140 curari
1373 1104 1471 1142 velis.
1522 1105 1612 1144 Vale

76 1167 113 1199 et
139 1163 193 1200 fac
217 1161 426 1211 respondeas
451 1174 595 1209 quaeso.
644 1162 787 1207 Emdae,
813 1165 835 1199 4
860 1163 1019 1211 Augusti
1044 1176 1136 1200 anno
1163 1165 1254 1200 1548
1284 1167 1339 1213 ¹⁴).

950 1226 991 1263 T.
1017 1239 1060 1263 ex
1085 1227 1203 1264 animo
1230 1227 1261 1264 Ι.
1287 1228 1308 1264 ὲ
1332 1229 1467 1266 LAsco.

120 1325 144 1364 ¹)
169 1323 353 1356 Cranmero.
398 1324 425 1364 2)
450 1324 500 1357 Cf.
523 1324 582 1366 Ep.
606 1323 656 1356 48.
702 1325 729 1364 ὃ)
754 1324 803 1357 Cf.
826 1324 869 1355 ib.
913 1325 940 1364 ⁴)
965 1325 1132 1366 Ipsissima
1156 1325 1323 1358 Cranmeri
1354 1327 1449 1359 verba
1473 1328 1552 1361 citat
1575 1341 1612 1362 ex

75 1391 125 1422 ep.
155 1379 194 1412 ad
223 1390 257 1411 se
286 1379 350 1413 dat.
373 1381 394 1411 4
417 1378 493 1411 Iulii
516 1379 577 1411 ’46.
599 1379 732 1421 Legitur
757 1390 793 1411 ea
816 1380 901 1422 apud
925 1379 1106 1419 GABBEMA,
1129 1392 1161 1423 p.
1186 1381 1246 1412 108
1270 1384 1302 1413 et
1323 1382 1490 1421 IENKYNS,
1517 1385 1612 1416 Cran-

74 1446 147 1473 mer,
170 1446 252 1467 vers.
276 1435 360 1477 angl.
383 1435 416 1467 in
445 1435 540 1467 Par-k.
564 1435 702 1477 Society.
724 1435 752 1467 I.
775 1447 807 1478 p.
831 1437 880 1468 16.
926 1438 952 1476 ⁵)
978 1437 1040 1468 Hie
1065 1437 1132 1468 illie
1156 1437 1323 1470 Cranmeri
1347 1439 1443 1471 verba
1465 1440 1610 1482 paullum

75 1491 222 1523 mutavit.
245 1491 424 1533 Scripserat
446 1491 513 1522 ille:
537 1494 568 1523 et
590 1494 620 1523 te
641 1494 671 1523 et
693 1491 774 1523 alios
796 1492 936 1534 quosiam
959 1495 991 1525 et
1013 1492 1046 1524 in
1070 1504 1173 1535 seqq.:
1197 1494 1251 1535 qui
1275 1505 1347 1526 eum
1374 1506 1436 1526 non
1452 1496 1610 1538 gravatim

74 1546 113 1578 ad
136 1557 193 1578 nos
216 1546 371 1584 venerint,
394 1546 439 1578 ita
462 1549 497 1578 ut
519 1546 643 1578 nullum
667 1547 732 1579 fere
756 1559 792 1579 ex
815 1548 854 1579 iis
877 1550 1005 1590 praeter
1028 1550 1058 1579 te
1091 1551 1122 1579 et
1138 1548 1215 1581 Mel.
1233 1549 1459 1589 desideremus,
1475 1562 1611 1583 summo-

73 1613 148 1644 pere
171 1604 202 1633 10
225 1612 384 1643 rogamus,
407 1604 444 1633 ut
465 1605 497 1633 et
519 1602 587 1644 ipse
610 1602 648 1633 ad
673 1613 731 1633 nos
754 1603 864 1634 venias
887 1607 919 1634 et
940 1604 986 1635 M.
1010 1603 1037 1634 si
1061 1603 1126 1635 ullo
1150 1603 1244 1636 modo
1269 1605 1337 1636 fieri
1361 1605 1481 1647 poterit
1503 1609 1609 1639 tecum

74 1657 224 1689 adducas.
266 1658 294 1697 6)
318 1657 369 1689 Cf.
392 1657 512 1699 Strype,
540 1658 698 1695 Cranmer.
721 1668 752 1699 p.
778 1656 848 1690 574.
892 1658 919 1697 7)
944 1658 1034 1700 Orig.
1056 1658 1214 1691 iteratum.
1258 1661 1286 1700 ⁸)
1311 1660 1360 1693 Ib.
1382 1661 1609 1703 commiyratio·

74 1724 151 1745 nem.
185 1714 213 1753 9)
237 1712 285 1744 Ib.
308 1723 391 1744 mmo
413 1723 494 1744 vero.
531 1713 572 1752 ²⁰)
597 1713 648 1744 lb.
669 1713 789 1744 hortor.
825 1714 866 1752 ¹¹)
891 1713 939 1746 lb.
961 1713 1018 1745 hoe
1040 1713 1140 1746 unice.
1176 1714 1217 1754 ¹²)
1241 1714 1288 1747 Ib.
1312 1718 1342 1747 et
1370 1718 1425 1747 tuo
1447 1719 1477 1747 et
1499 1716 1611 1757 ipsius.

75 1770 115 1809 ¹³)
139 1768 307 1801 Bretsehn.
335 1767 438 1800 edidit
460 1768 586 1800 voluisti
609 1768 705 1810 inque
727 1768 819 1800 hiatu
841 1768 1028 1810 moriyerum
1055 1769 1229 1811 supplevit.
1274 1771 1378 1813 Quam
1400 1772 1491 1810 male,
1515 1773 1610 1805 docet

72 1827 251 1857 contextus.
302 1826 343 1864 Η)
367 1824 490 1856 Ultima
519 1824 596 1857 Mel.
626 1835 705 1866 quae
735 1824 902 1866 praecedit
930 1824 970 1856 ad
993 1824 1122 1857 Cranm.
1149 1825 1209 1867 Ep.
1233 1825 1298 1858 dat.
1321 1830 1371 1858 est
1392 1827 1607 1870 Wittebergae

77 1881 93 1913 l
117 1880 210 1914 Maii.
234 1881 283 1914 cf.
306 1881 385 1914 Mel.
407 1881 467 1923 Ep.
490 1880 512 1913 l.
536 1880 562 1913 Ι.
585 1880 636 1913 65.

74 2071 137 2108 ΝΟ.
165 2071 219 2109 50.
698 2071 814 2118 [luinge
831 2075 852 2107 in
866 2077 917 2109 Ser.
930 2077 992 2108 Sum.
1009 2077 1105 2116 Argen.
1122 2078 1148 2111 V.
1164 2077 1217 2110 117.
1231 2077 1316 2117 Apogr.
1333 2078 1356 2110 111
1373 2079 1441 2112 111111.
1454 2076 1600 2122 Tigurinis]

629 2192 686 2228 Ad
716 2192 966 2229 Dnnnnnum
997 2199 1038 2237 ¹).

118 2314 251 2362 Magno
283 2316 320 2351 01
354 2325 419 2360 ego
453 2314 510 2349 tui
543 2313 684 2350 videndi
717 2313 888 2352 desiderio
925 2318 1058 2359 teneor,
1085 2315 1266 2353 Franciscc
1290 2317 1348 2361 1111,
1376 2316 1602 2356 dilectissime

71 2377 197 2413 frater!
225 2378 261 2413 et
286 2375 431 2424 proinde
457 2378 502 2420 te,
528 2387 608 2412 curn
634 2388 744 2424 nuper
769 2377 922 2414 Londini
948 2390 1071 2421 essem,
1087 2377 1274 2425 diligenter
1292 2380 1460 2425 quaesivi,
1485 2393 1598 2428 spera-

68 2451 257 2486 veramque
283 2438 356 2475 fore
380 2441 423 2473 111
448 2440 485 2474 10
510 2437 565 2474 vel
590 2437 684 2485 apud
710 2438 754 2474 D.
780 2439 992 2487 Episcopum
1018 2443 1180 2476 nostrum
1201 2442 1241 2486 2),
1267 2439 1323 2476 vel
1348 2440 1403 2478 1110
1428 2444 1523 2478 00110
1549 2443 1597 2479 vi-

67 2501 196 2537 derem.
220 2500 327 2536 Nunc
352 2502 580 2547 posteaquam
606 2512 661 2537 res
685 2499 788 2536 aliter
813 2501 929 2545 cessit,
955 2500 990 2537 id
1016 2514 1171 2548 quoque,
1196 2504 1238 2538 ut
1263 2501 1341 2545 alia,
1367 2502 1468 2539 nobis
1487 2503 1596 2540 feren-

66 2561 150 2598 dum
183 2565 248 2605 est,
282 2560 390 2597 donee
424 2559 530 2596 semel
563 2559 750 2608 aliquando
784 2573 855 2596 una
879 2562 1131 2605 consociemur,
1157 2562 1218 2597 ubi
1244 2574 1314 2597 una
1339 2574 1399 2609 per
1426 2563 1492 2599 Dei
1518 2577 1595 2611 gra-

68 2623 152 2659 tiam
178 2623 214 2658 in
238 2625 420 2658 aeternum
446 2621 586 2657 erimus.
629 2621 699 2658 Η10
725 2621 821 2658 exilii
847 2621 947 2659 locus
973 2625 1038 2666 051,
1063 2622 1111 2658 1111
1136 2622 1164 2658 F
1168 2623 1339 2660 ranciscc!
1366 2623 1428 2659 ubi
1451 2623 1512 2660 ubi
1538 2638 1595 2662 511-

67 2697 156 2729 111115,
190 2683 336 2732 proinde
360 2683 403 2719 de
427 2683 595 2719 diuturna
620 2696 692 2720 uno
717 2683 795 2720 loco
821 2696 916 2720 mora
940 2683 1083 2720 solliciti
1109 2696 1184 2720 0550
1209 2697 1280 2720 11011
1306 2684 1482 2722 debemus.
1524 2687 1596 2723 Ilie

67 2759 156 2793 quae
181 2746 264 2781 mihi
289 2745 331 2782 de
356 2744 591 2782 Ecclesiarum
617 2745 845 2781 restitutione
869 2744 1027 2793 polliceri
1053 2745 1194 2793 possim,
1220 2745 1375 2782 nondum
1395 2747 1507 2792 video,
1533 2749 1595 2785 scd

67 2819 232 2854 magnum
266 2810 331 2850 est,
367 2818 467 2853 posse
500 2805 623 2842 habere
655 2805 915 2854 receptaculum
949 2806 1013 2842 hoc
1047 2810 1214 2853 tempore,
1247 2807 1308 2844 ubi
1340 2808 1440 2845 nobis
1466 2809 1532 2856 ipsi
1558 2812 1594 2846 01

66 2867 209 2912 11051115,
243 2880 333 2915 quos
365 2866 519 2904 eiusdem
553 2866 706 2915 Spiritus
740 2867 920 2906 vinculum
955 2867 991 2904 in
1027 2868 1177 2905 Domino
1211 2868 1311 2906 nobis
1335 2869 1531 2914 coniunxit,
1557 2871 1592 2907 in
