1830 3147
147 120 215 168 [A.
241 120 287 158 D.
311 121 424 167 1540]
884 121 953 156 554

143 229 237 265 vale.
262 229 387 277 Neque
413 230 503 265 enim
531 228 630 275 plura
656 240 762 265 nunc.
788 227 917 264 Emdae
942 227 998 264 die
1024 227 1189 264 Mercurii
1214 234 1292 277 post
1319 228 1501 266 Dominica
1520 229 1679 266 natalitia

143 291 205 336 (29
231 290 331 334 Dec.)
358 291 402 326 ad
427 291 530 325 finem
555 290 652 326 Anni
678 290 786 325 1540.

194 350 257 397 [In
297 350 417 387 dorso:
459 352 521 386 D‘.
553 350 633 386 Alb.
667 350 931 397 Hardemberqo,
968 351 1081 388 ΤΙιεοῖ.
1114 351 1253 387 Doctori
1285 353 1318 388 in
1355 364 1471 388 manus
1504 352 1676 399 proprias,

142 412 344 448 Aduardme
367 411 444 458 3).].

186 549 213 588 ¹)
237 548 466 588 Hieronymus,
501 546 667 578 Guilielmi
696 545 872 584 Frederici‚
902 545 1061 587 praeclari
1084 546 1169 588 apud
1193 546 1418 589 Groninganos
1442 558 1607 580 sacrorum
1630 559 1682 580 an-

141 604 264 642 tistitis,
294 603 389 635 filius.
433 603 483 635 Cf.
511 603 731 640 BRucnsssz,
767 603 803 635 G.
833 602 865 634 d.
896 603 966 643 oplc.
993 613 1030 633 en
1054 605 1128 635 vest.
1149 603 1181 635 d.
1203 604 1249 636 H.
1271 604 1350 635 kerlc
1372 604 1404 635 in
1432 605 1529 637 Gron.
1552 616 1584 647 p.
1607 605 1680 637 292.

141 661 316 698 BENINGA‚
348 659 467 692 Mattlc.
496 659 594 691 Anal.
624 670 656 701 p.
688 659 759 690 528.
784 659 893 691 GERD.
916 659 947 691 h.
969 670 997 691 r.
1019 659 1082 691 III.
1107 670 1139 701 p.
1163 659 1236 692 203.
1281 660 1309 700 ²)
1333 661 1536 698 Monasterii,
1560 661 1593 691 in
1617 671 1679 702 quo

142 716 295 747 Albertus
323 718 401 746 tunc
429 715 573 756 degebat,
597 715 694 746 abbas
718 715 874 745 IoANNES
902 715 1073 746 REEKAMP
1097 718 1174 753 erat,
1199 715 1254 756 qui
1276 716 1492 747 Aduardiensi
1515 716 1680 748 Coenobio

141 771 285 813 praefuit
302 770 480 803 1528—49.
504 771 554 802 Cf.
569 770 751 811 Kerkelzjke
762 770 856 801 oudlz.
869 781 896 803 v.
913 770 1009 802 Gron.
1021 781 1059 801 en
1077 770 1277 812 Groninqerl.
1293 782 1324 813 p.
1341 771 1414 803 342.
1458 772 1484 810 ³)
1508 771 1682 809 Aduardia,

141 827 294 859 Adewert
315 826 382 858 sive
408 827 549 864 Auwert,
574 825 779 857 notissimum
800 825 981 867 Groningae
998 826 1084 868 apud
1100 826 1248 858 Hunsam
1264 826 1503 864 monasterium,
1527 827 1684 858 Bernhar-

143 882 294 913 dinorum
317 881 424 912 ordini
448 881 624 918 addictum,
649 880 733 922 quod
757 880 801 912 a0.
825 881 907 911 1192
931 880 1109 919 conditum,
1133 881 1178 914 a⁰.
1201 881 1284 912 1580
1297 881 1507 919 devastatum,
1531 882 1684 913 reforma-

141 938 241 970 tionis
263 940 410 979 tempore
431 947 547 978 magna
571 936 739 967 doctrinae
762 936 967 977 puriorisque
990 936 1157 977 religionis
1180 936 1274 968 laude
1296 936 1416 969 floruit.
1439 936 1489 968 Cf.
1512 937 1627 969 HARD.
1649 936 1684 968 in

143 994 194 1026 W.
224 994 373 1025 GANSEF.
407 993 520 1034 Opera.
548 1004 579 1034 p.
610 991 640 1024 7.
669 992 843 1030 BENINGA,
873 992 992 1025 Matth.
1015 993 1114 1024 Anal.
1138 981 1195 1025 I‘V.
1218 1003 1250 1034 p.
1273 993 1345 1024 409.
1369 992 1410 1024 U.
1431 993 1581 1030 Erimus,
1607 993 1684 1024 Ber.

147 1050 229 1082 Fris.
251 1050 324 1082 hist.
347 1061 378 1091 p.
402 1048 419 1082 7
443 1049 573 1091 passim.
596 1050 817 1087 BRUCHERUS‚
840 1060 869 1080 o.
893 1049 914 1080 1.
937 1060 969 1091 p.
993 1050 1043 1082 18.
1066 1049 1172 1081 Drnsr
1196 1049 1367 1087 Lonmon,
1390 1049 1521 1081 Bes-chr.
1537 1061 1563 1081 v.
1585 1049 1684 1081 Gron.

143 1106 171 1138 Ι.
195 1107 256 1138 104
279 1116 326 1148 sq.
349 1105 508 1144 Horum,
534 1105 782 1137 Kloosterorden
805 1105 839 1135 in
865 1105 945 1138 Ned.
968 1116 999 1148 p.
1023 1106 1052 1138 6.
1081 1105 1151 1138 Chr.
1178 1105 1264 1136 Kerlc
1286 1105 1320 1137 in
1345 1104 1426 1137 Ned.
1449 1105 1476 1137 Ι.
1499 1116 1530 1148 p.
1555 1105 1627 1137 230.

145 1360 210 1396 ΝΟ.
236 1359 269 1395 6.
1278 1357 1385 1403 [Gerd.
1403 1369 1424 1394 ι.
1438 1370 1465 1391 a.
1487 1357 1537 1392 llb.
1557 1369 1583 1401 p.
1600 1356 1679 1403 479]

696 1478 753 1515 Ad
779 1479 1136 1515 HARDENBERGIUM.

192 1602 250 1638 Ad
287 1604 346 1637 tna
379 1614 472 1640 nunc
502 1615 571 1638 non
597 1602 801 1649 respondeo,
829 1601 1027 1638 charissime
1053 1601 1099 1637 mi
1124 1601 1284 1637 Alberte!
1319 1614 1389 1638 non
1412 1602 1550 1649 quidem
1578 1603 1682 1639 ullam

143 1663 245 1698 aliam
273 1662 317 1698 ob
341 1675 491 1706 causam,
518 1664 584 1699 nisi
608 1662 701 1711 quod
726 1662 914 1708 distringor
938 1662 1156 1710 quibusdam,
1181 1674 1269 1709 quae
1294 1675 1347 1698 me
1371 1663 1429 1698 vix
1446 1663 1560 1698 cibum
1578 1664 1682 1700 etiam

142 1735 262 1771 capere
289 1724 480 1768 patiuntur,
506 1728 541 1760 et
566 1725 729 1772 quoniam
757 1724 854 1760 brevi
879 1723 972 1771 apud
999 1727 1033 1759 te
1058 1736 1132 1759 esse
1160 1724 1342 1765 constitui,
1369 1724 1404 1759 in
1431 1728 1588 1761 mutuum
1615 1726 1686 1761 ool-

143 1785 295 1832 loquium
321 1786 510 1821 differenda
536 1786 618 1822 mihi
643 1789 764 1821 nostra
787 1786 903 1821 onmia
929 1797 1003 1820 esse
1029 1786 1161 1831 putavi.
1195 1785 1264 1820 Sed
1289 1789 1342 1820 est
1367 1785 1458 1832 quod
1485 1786 1683 1833 priusquam

141 1846 186 1882 ad.
214 1850 248 1882 te
273 1847 408 1882 veniam
435 1848 523 1882 scire
549 1859 591 1882 ex
618 1850 653 1882 te
678 1847 812 1882 interea
838 1846 973 1882 vellem.
1024 1846 1169 1881 Memini
1197 1850 1230 1881 le
1255 1859 1274 1881 a
1300 1859 1353 1881 me
1379 1847 1519 1893 petiisse
1545 1848 1595 1889 (ni
1621 1849 1683 1883 sal-

142 1907 210 1951 lor)
243 1919 320 1943 cum
356 1907 419 1943 tibi
455 1920 628 1944 narrarem
657 1921 709 1944 me
735 1908 816 1943 bina
839 1907 1030 1943 multorum
1055 1910 1214 1942 autorum
1249 1907 1459 1954 exemplaria
1484 1908 1682 1945 habiturum

142 1979 218 2003 esse
250 1970 325 2004 tum
361 1969 509 2009 Graeca,
544 1973 618 2005 tum
652 1969 791 2009 Latina.
826 1968 862 2004 in
899 1968 1004 2004 sacris
1030 1968 1158 2015 pariter
1183 1980 1224 2004 ac
1248 1968 1401 2014 profanis
1428 1968 1550 2011 literis,
1579 1974 1619 2005 ut
1643 1982 1683 2006 ea

143 2030 206 2066 tibi
239 2030 439 2071 indicarem,
472 2034 507 2066 te
532 2030 624 2077 apud
650 2030 693 2067 D.
719 2029 895 2066 Abbatem
921 2035 1020 2065 tuum
1047 2030 1080 2065 id
1106 2042 1226 2065 curare
1253 2030 1352 2072 velle,
1377 2035 1416 2065 ut
1441 2030 1500 2067 illa
1524 2031 1559 2067 in
1585 2038 1684 2069 tuum

142 2104 242 2127 usum
275 2097 419 2132 emeret.
448 2090 513 2127 hoc
545 2092 664 2139 itaque
690 2103 784 2126 nunc
809 2091 870 2127 abs
895 2094 930 2126 te
956 2091 1045 2126 scire
1070 2091 1186 2132 velim,
1210 2104 1253 2125 an
1279 2103 1320 2126 eo
1346 2091 1458 2127 adhuc
1483 2092 1529 2127 sis
1555 2093 1683 2136 animo,

142 2165 187 2189 an
213 2165 293 2189 vero
319 2166 387 2188 non
412 2153 561 2200 amplius
589 2153 656 2189 illis
683 2165 797 2200 egeas.
826 2152 915 2188 Mihi
940 2152 1029 2187 enim
1056 2152 1321 2187 Francl'ordium
1342 2165 1432 2189 nunc
1452 2152 1531 2190 libri
1554 2155 1619 2190 mei
1638 2167 1682 2191 ex

142 2215 254 2261 patria
278 2214 505 2250 advehentur.
532 2214 640 2252 Quod
666 2214 695 2250 si
720 2215 842 2250 scirem
870 2214 933 2249 tibi
958 2213 1064 2249 nullis
1089 2226 1176 2260 opus
1202 2226 1291 2255 esse,
1317 2226 1386 2249 non
1412 2219 1505 2250 esset
1529 2227 1590 2251 cur
1605 2215 1682 2251 illos

141 2275 208 2310 huc
232 2275 351 2322 paucis
378 2275 532 2322 exceptis
555 2274 682 2310 adferri
707 2287 873 2316 curarem,
899 2274 959 2310 sed
983 2274 1055 2310 illic
1083 2273 1198 2320 potius
1223 2274 1375 2310 iuberem
1401 2275 1553 2317 divendi,
1573 2288 1616 2311 ne
1632 2289 1685 2312 me

141 2336 270 2371 frustra
295 2339 437 2382 sumptu
464 2338 624 2372 vecturae
649 2347 719 2371 non
745 2335 940 2370 necessario
966 2347 1154 2370 onerarem.
1196 2334 1238 2369 Id
1265 2346 1347 2370 vero
1374 2347 1427 2370 me
1452 2348 1545 2372 nuno
1571 2336 1680 2372 facere

138 2397 206 2433 iam
241 2401 391 2443 oportet.
440 2398 558 2436 Quare
604 2400 640 2432 te
673 2409 772 2443 rogo,
808 2397 913 2433 facias
938 2409 992 2432 me
1016 2407 1056 2431 ea
1081 2395 1125 2431 de
1150 2407 1185 2432 re
1211 2398 1462 2443 quamprimum
1488 2397 1682 2433 certiorem.

141 2458 300 2494 Indicem
327 2457 493 2494 librorum
519 2458 562 2494 ad
590 2462 624 2494 te
650 2458 803 2500 mittam,
830 2458 887 2493 vel
914 2458 987 2505 ipse
1011 2457 1178 2500 adferam,
1206 2461 1393 2505 postquam
1419 2458 1572 2494 animum
1598 2458 1680 2494 mihi

138 2523 241 2554 tuum
276 2519 539 2566 significaveris.
589 2518 678 2554 Vale
704 2523 740 2554 et
765 2532 807 2554 ne
831 2518 985 2565 graveris
1011 2518 1094 2554 mihi
1118 2519 1372 2566 quamprimum
1397 2521 1612 2565 respondere,
1637 2531 1680 2554 ne

143 2579 203 2615 diu
228 2580 333 2615 animi
358 2579 538 2627 pendeam,
568 2580 738 2616 Dominus
765 2583 799 2615 te
824 2583 954 2620 servet,
982 2579 1028 2614 mi
1055 2579 1200 2614 Alberte
1225 2579 1442 2615 charissime!
1477 2579 1546 2614 Hic
1570 2579 1681 2622 aiunt,

144 2651 258 2687 regern
285 2639 541 2675 Ferdinandum
569 2653 589 2676 a
614 2640 728 2676 'l'nrca
753 2639 805 2675 his
831 2640 950 2686 paucis
975 2639 1099 2674 diebus
1127 2640 1346 2686 profligatum
1371 2651 1445 2674 esse
1469 2651 1509 2675 ac
1531 2643 1681 2686 quatuor

144 2712 216 2736 non
250 2700 397 2746 amplius
431 2700 502 2736 suis
537 2701 757 2742 comitatum,
784 2711 803 2735 e
837 2700 965 2747 praelio
990 2711 1132 2747 aegrum
1157 2699 1297 2735 rediisse
1324 2700 1365 2743 ¹2,
1386 2699 1444 2734 ubi
1467 2703 1502 2735 et
1527 2700 1625 2735 fratri
1651 2701 1679 2744 ς)

146 2763 218 2796 tum
245 2760 392 2795 multum
418 2764 546 2802 metuo.
572 2773 672 2808 quem
700 2761 777 2797 istic
800 2764 932 2797 certum
958 2764 1012 2796 est
1037 2761 1143 2796 etiam
1165 2760 1328 2797 adfuisse.
1353 2760 1484 2796 Iterum
1506 2759 1594 2796 vale.
1618 2761 1680 2808 Sy-

146 2821 274 2857 nodum
301 2822 329 2865 3)
369 2822 488 2857 audita
521 2821 584 2857 hac
617 2822 714 2858 clade
750 2821 900 2858 solutam
927 2834 1002 2857 esse
1035 2822 1135 2857 aiunt
1168 2821 1419 2868 negociumque
1444 2820 1618 2868 religionis
1644 2823 1679 2858 in

147 2887 355 2920 conventum
377 2881 420 2918 ad
448 2881 629 2919 Michaelis
655 2883 822 2919 Coloniae
848 2882 1049 2918 institutum
1076 2882 1244 2919 reiectum
1268 2894 1356 2924 esse,
1381 2893 1449 2930 qua
1473 2885 1571 2929 parte
1591 2895 1677 2920 non·
