<?xml version="1.0" encoding="UTF-8"?>
<!DOCTYPE html PUBLIC "-//W3C//DTD XHTML 1.0 Transitional//EN"
    "http://www.w3.org/TR/xhtml1/DTD/xhtml1-transitional.dtd">
<html xmlns="http://www.w3.org/1999/xhtml" xml:lang="en" lang="en">
 <head>
  <title>
</title>
<meta http-equiv="Content-Type" content="text/html;charset=utf-8" />
  <meta name='ocr-system' content='tesseract 3.04.00' />
  <meta name='ocr-capabilities' content='ocr_page ocr_carea ocr_par ocr_line ocrx_word'/>
</head>
<body>
  <div class='ocr_page' id='page_1' title='image "./operatameditaqua02lask_0627.png"; bbox 0 0 1830 3147; ppageno 0'>
   <div class='ocr_carea' id='block_1_1' title="bbox 775 125 1574 175">
    <p class='ocr_par' dir='ltr' id='par_1_1' title="bbox 775 125 1574 175">
     <span class='ocr_line' id='line_1_1' title="bbox 775 125 1574 175; baseline 0.003 -15"><span class='ocrx_word' id='word_1_1' title='bbox 775 125 843 162; x_wconf 77' lang='lat'>607</span> <span class='ocrx_word' id='word_1_2' title='bbox 1300 127 1365 172; x_wconf 82' lang='grc' dir='ltr'>[Α.</span> <span class='ocrx_word' id='word_1_3' title='bbox 1391 127 1436 164; x_wconf 88' lang='lat' dir='ltr'>D.</span> <span class='ocrx_word' id='word_1_4' title='bbox 1463 127 1574 175; x_wconf 75' lang='lat'>1546]</span> 
     </span>
    </p>
   </div>
   <div class='ocr_carea' id='block_1_2' title="bbox 47 231 1578 523">
    <p class='ocr_par' dir='ltr' id='par_1_2' title="bbox 49 231 1576 332">
     <span class='ocr_line' id='line_1_2' title="bbox 49 231 1576 281; baseline 0.003 -14"><span class='ocrx_word' id='word_1_5' title='bbox 49 233 102 268; x_wconf 85' lang='lat' dir='ltr'>vel</span> <span class='ocrx_word' id='word_1_6' title='bbox 149 231 367 269; x_wconf 81' lang='lat' dir='ltr'><strong>concordiam</strong></span> <span class='ocrx_word' id='word_1_7' title='bbox 413 231 590 267; x_wconf 85' lang='lat' dir='ltr'>doctrinae</span> <span class='ocrx_word' id='word_1_8' title='bbox 627 231 841 276; x_wconf 78' lang='lat' dir='ltr'><strong>scinderent,</strong></span> <span class='ocrx_word' id='word_1_9' title='bbox 877 233 929 269; x_wconf 88' lang='lat' dir='ltr'>vel</span> <span class='ocrx_word' id='word_1_10' title='bbox 962 233 1180 281; x_wconf 80' lang='lat' dir='ltr'>disciplinam</span> <span class='ocrx_word' id='word_1_11' title='bbox 1211 234 1395 271; x_wconf 82' lang='lat' dir='ltr'>observare</span> <span class='ocrx_word' id='word_1_12' title='bbox 1432 235 1576 272; x_wconf 82' lang='lat' dir='ltr'>nollent.</span> 
     </span>
     <span class='ocr_line' id='line_1_3' title="bbox 54 292 1141 332; baseline 0.003 -3"><span class='ocrx_word' id='word_1_13' title='bbox 54 294 150 330; x_wconf 73' lang='lat' dir='ltr'>llaec</span> <span class='ocrx_word' id='word_1_14' title='bbox 176 293 257 331; x_wconf 86' lang='lat' dir='ltr'>mihi</span> <span class='ocrx_word' id='word_1_15' title='bbox 281 292 456 328; x_wconf 80' lang='lat' dir='ltr'>videretur</span> <span class='ocrx_word' id='word_1_16' title='bbox 479 292 604 328; x_wconf 88' lang='lat' dir='ltr'>debere</span> <span class='ocrx_word' id='word_1_17' title='bbox 628 305 704 329; x_wconf 83' lang='lat' dir='ltr'>esse</span> <span class='ocrx_word' id='word_1_18' title='bbox 730 306 865 332; x_wconf 79' lang='lat' dir='ltr'>summa</span> <span class='ocrx_word' id='word_1_19' title='bbox 889 295 1141 332; x_wconf 82' lang='lat' dir='ltr'>mandatorum.</span> 
     </span>
    </p>

    <p class='ocr_par' dir='ltr' id='par_1_3' title="bbox 47 352 1578 523">
     <span class='ocr_line' id='line_1_4' title="bbox 96 352 1578 403; baseline 0.002 -14"><span class='ocrx_word' id='word_1_20' title='bbox 96 353 236 389; x_wconf 80' lang='lat' dir='ltr'>Nordae</span> <span class='ocrx_word' id='word_1_21' title='bbox 269 352 416 389; x_wconf 84' lang='lat' dir='ltr'>libenter</span> <span class='ocrx_word' id='word_1_22' title='bbox 449 364 582 389; x_wconf 87' lang='lat' dir='ltr'>mecum</span> <span class='ocrx_word' id='word_1_23' title='bbox 617 353 777 391; x_wconf 87' lang='lat' dir='ltr'>haberem</span> <span class='ocrx_word' id='word_1_24' title='bbox 809 355 957 403; x_wconf 80' lang='lat' dir='ltr'>aliquem</span> <span class='ocrx_word' id='word_1_25' title='bbox 991 355 1163 403; x_wconf 88' lang='lat' dir='ltr'>Principis</span> <span class='ocrx_word' id='word_1_26' title='bbox 1196 356 1346 399; x_wconf 86' lang='lat' dir='ltr'>nomine,</span> <span class='ocrx_word' id='word_1_27' title='bbox 1377 360 1438 393; x_wconf 83' lang='lat' dir='ltr'>aut</span> <span class='ocrx_word' id='word_1_28' title='bbox 1471 359 1520 399; x_wconf 84' lang='lat' dir='ltr'>tc,</span> <span class='ocrx_word' id='word_1_29' title='bbox 1547 357 1578 393; x_wconf 92' lang='lat' dir='ltr'>si</span> 
     </span>
     <span class='ocr_line' id='line_1_5' title="bbox 48 413 1575 463; baseline 0.003 -14"><span class='ocrx_word' id='word_1_30' title='bbox 48 414 111 450; x_wconf 88' lang='lat' dir='ltr'>tibi</span> <span class='ocrx_word' id='word_1_31' title='bbox 146 417 259 457; x_wconf 85' lang='lat' dir='ltr'>vacet,</span> <span class='ocrx_word' id='word_1_32' title='bbox 291 417 354 449; x_wconf 86' lang='lat' dir='ltr'>aut</span> <span class='ocrx_word' id='word_1_33' title='bbox 378 413 568 450; x_wconf 77' lang='lat' dir='ltr'>Barbatum</span> <span class='ocrx_word' id='word_1_34' title='bbox 596 426 720 457; x_wconf 89' lang='lat' dir='ltr'>meum,</span> <span class='ocrx_word' id='word_1_35' title='bbox 744 427 843 463; x_wconf 88' lang='lat' dir='ltr'>quem</span> <span class='ocrx_word' id='word_1_36' title='bbox 870 428 938 453; x_wconf 90' lang='lat' dir='ltr'>uon</span> <span class='ocrx_word' id='word_1_37' title='bbox 963 417 1160 454; x_wconf 78' lang='lat' dir='ltr'>dubitarem</span> <span class='ocrx_word' id='word_1_38' title='bbox 1187 418 1289 454; x_wconf 77' lang='lat' dir='ltr'>facile</span> <span class='ocrx_word' id='word_1_39' title='bbox 1314 417 1378 457; x_wconf 85' lang='lat' dir='ltr'>hoc</span> <span class='ocrx_word' id='word_1_40' title='bbox 1402 420 1575 455; x_wconf 81' lang='lat' dir='ltr'>facturum</span> 
     </span>
     <span class='ocr_line' id='line_1_6' title="bbox 47 474 799 523; baseline 0.005 -14"><span class='ocrx_word' id='word_1_41' title='bbox 47 486 122 511; x_wconf 83' lang='lat' dir='ltr'>csse</span> <span class='ocrx_word' id='word_1_42' title='bbox 147 474 296 522; x_wconf 83' lang='lat' dir='ltr'>[Emdae</span> <span class='ocrx_word' id='word_1_43' title='bbox 322 475 348 510; x_wconf 76' lang='lat' dir='ltr'>f,</span> <span class='ocrx_word' id='word_1_44' title='bbox 368 475 454 512; x_wconf 88' lang='lat' dir='ltr'>Maii</span> <span class='ocrx_word' id='word_1_45' title='bbox 482 478 509 520; x_wconf 74' lang='lat'>¹)</span> <span class='ocrx_word' id='word_1_46' title='bbox 538 476 580 511; x_wconf 89' lang='lat' dir='ltr'>A.</span> <span class='ocrx_word' id='word_1_47' title='bbox 606 476 650 512; x_wconf 93' lang='lat' dir='ltr'>D.</span> <span class='ocrx_word' id='word_1_48' title='bbox 676 477 799 523; x_wconf 62' lang='lat'>1546}</span> 
     </span>
    </p>
   </div>
   <div class='ocr_carea' id='block_1_3' title="bbox 1149 538 1437 576">
    <p class='ocr_par' dir='ltr' id='par_1_4' title="bbox 1149 538 1437 576">
     <span class='ocr_line' id='line_1_7' title="bbox 1149 538 1437 576; baseline 0.003 -1"><span class='ocrx_word' id='word_1_49' title='bbox 1149 538 1233 576; x_wconf 73' lang='lat' dir='ltr'>Ion.</span> <span class='ocrx_word' id='word_1_50' title='bbox 1258 540 1278 576; x_wconf 72' lang='grc' dir='ltr'>ἐι</span> <span class='ocrx_word' id='word_1_51' title='bbox 1302 540 1437 576; x_wconf 77' lang='lat' dir='ltr'>LAsco.</span> 
     </span>
    </p>
   </div>
   <div class='ocr_carea' id='block_1_4' title="bbox 45 644 1579 911">
    <p class='ocr_par' dir='ltr' id='par_1_5' title="bbox 45 644 1579 911">
     <span class='ocr_line' id='line_1_8' title="bbox 91 644 1579 694; baseline 0.005 -17"><span class='ocrx_word' id='word_1_52' title='bbox 91 647 118 686; x_wconf 87' lang='lat'>¹)</span> <span class='ocrx_word' id='word_1_53' title='bbox 143 645 181 677; x_wconf 90' lang='lat' dir='ltr'>In</span> <span class='ocrx_word' id='word_1_54' title='bbox 213 644 274 688; x_wconf 86' lang='lat' dir='ltr'>Ep.</span> <span class='ocrx_word' id='word_1_55' title='bbox 303 644 342 678; x_wconf 84' lang='lat'>37</span> <span class='ocrx_word' id='word_1_56' title='bbox 372 647 507 684; x_wconf 79' lang='lat' dir='ltr'>testatur</span> <span class='ocrx_word' id='word_1_57' title='bbox 535 657 569 678; x_wconf 90' lang='lat' dir='ltr'>sc</span> <span class='ocrx_word' id='word_1_58' title='bbox 600 657 669 679; x_wconf 86' lang='lat' dir='ltr'>cras</span> <span class='ocrx_word' id='word_1_59' title='bbox 701 650 756 680; x_wconf 84' lang='lat' dir='ltr'>aut</span> <span class='ocrx_word' id='word_1_60' title='bbox 784 648 936 690; x_wconf 81' lang='lat' dir='ltr'>perendie</span> <span class='ocrx_word' id='word_1_61' title='bbox 959 659 1147 691; x_wconf 86' lang='lat' dir='ltr'>responsum</span> <span class='ocrx_word' id='word_1_62' title='bbox 1171 650 1361 682; x_wconf 77' lang='lat' dir='ltr'>comitissae</span> <span class='ocrx_word' id='word_1_63' title='bbox 1384 653 1579 694; x_wconf 80' lang='lat' dir='ltr'>exspectare.</span> 
     </span>
     <span class='ocr_line' id='line_1_9' title="bbox 45 701 1578 748; baseline 0.005 -16"><span class='ocrx_word' id='word_1_64' title='bbox 45 701 173 733; x_wconf 83' lang='lat' dir='ltr'>Idcirco</span> <span class='ocrx_word' id='word_1_65' title='bbox 203 701 284 734; x_wconf 88' lang='lat' dir='ltr'>hanc</span> <span class='ocrx_word' id='word_1_66' title='bbox 315 713 376 745; x_wconf 89' lang='lat' dir='ltr'>ep.,</span> <span class='ocrx_word' id='word_1_67' title='bbox 406 713 501 744; x_wconf 87' lang='lat' dir='ltr'>quam</span> <span class='ocrx_word' id='word_1_68' title='bbox 535 703 688 736; x_wconf 88' lang='lat' dir='ltr'>continuo</span> <span class='ocrx_word' id='word_1_69' title='bbox 712 710 786 746; x_wconf 87' lang='lat' dir='ltr'>post</span> <span class='ocrx_word' id='word_1_70' title='bbox 808 707 975 747; x_wconf 81' lang='lat' dir='ltr'>acceptum</span> <span class='ocrx_word' id='word_1_71' title='bbox 998 706 1108 737; x_wconf 84' lang='lat' dir='ltr'>Annae</span> <span class='ocrx_word' id='word_1_72' title='bbox 1131 716 1320 748; x_wconf 87' lang='lat' dir='ltr'>responsum</span> <span class='ocrx_word' id='word_1_73' title='bbox 1343 707 1382 739; x_wconf 86' lang='lat' dir='ltr'>ad</span> <span class='ocrx_word' id='word_1_74' title='bbox 1405 708 1578 740; x_wconf 89' lang='lat' dir='ltr'>Lenthium</span> 
     </span>
     <span class='ocr_line' id='line_1_10' title="bbox 45 755 1578 802; baseline 0.005 -14"><span class='ocrx_word' id='word_1_75' title='bbox 45 758 154 789; x_wconf 84' lang='lat' dir='ltr'>datam</span> <span class='ocrx_word' id='word_1_76' title='bbox 188 768 266 796; x_wconf 85' lang='lat' dir='ltr'>esse,</span> <span class='ocrx_word' id='word_1_77' title='bbox 290 761 377 790; x_wconf 88' lang='lat' dir='ltr'>totus</span> <span class='ocrx_word' id='word_1_78' title='bbox 399 758 494 790; x_wconf 88' lang='lat' dir='ltr'>huius</span> <span class='ocrx_word' id='word_1_79' title='bbox 517 770 567 801; x_wconf 85' lang='lat' dir='ltr'>ep.</span> <span class='ocrx_word' id='word_1_80' title='bbox 591 763 758 792; x_wconf 78' lang='lat' dir='ltr'>contextus</span> <span class='ocrx_word' id='word_1_81' title='bbox 781 760 884 799; x_wconf 83' lang='lat' dir='ltr'>docet,</span> <span class='ocrx_word' id='word_1_82' title='bbox 907 761 946 792; x_wconf 88' lang='lat' dir='ltr'>ad</span> <span class='ocrx_word' id='word_1_83' title='bbox 970 762 1064 793; x_wconf 87' lang='lat' dir='ltr'>finem</span> <span class='ocrx_word' id='word_1_84' title='bbox 1087 755 1233 794; x_wconf 54' lang='lat' dir='ltr'>msMaii</span> <span class='ocrx_word' id='word_1_85' title='bbox 1257 762 1350 794; x_wconf 88' lang='lat' dir='ltr'>huius</span> <span class='ocrx_word' id='word_1_86' title='bbox 1374 763 1449 795; x_wconf 87' lang='lat' dir='ltr'>anni</span> <span class='ocrx_word' id='word_1_87' title='bbox 1472 764 1578 802; x_wconf 84' lang='lat' dir='ltr'>retuli,</span> 
     </span>
     <span class='ocr_line' id='line_1_11' title="bbox 45 814 1578 860; baseline 0.003 -15"><span class='ocrx_word' id='word_1_88' title='bbox 45 814 235 856; x_wconf 85' lang='lat' dir='ltr'>praesertim</span> <span class='ocrx_word' id='word_1_89' title='bbox 259 825 366 856; x_wconf 89' lang='lat' dir='ltr'>quum,</span> <span class='ocrx_word' id='word_1_90' title='bbox 390 814 429 846; x_wconf 82' lang='lat' dir='ltr'>ad</span> <span class='ocrx_word' id='word_1_91' title='bbox 454 814 484 847; x_wconf 87' lang='lat' dir='ltr'>d.</span> <span class='ocrx_word' id='word_1_92' title='bbox 507 825 545 847; x_wconf 85' lang='lat' dir='ltr'>xv</span> <span class='ocrx_word' id='word_1_93' title='bbox 570 815 655 846; x_wconf 88' lang='lat' dir='ltr'>Iunii</span> <span class='ocrx_word' id='word_1_94' title='bbox 679 815 795 847; x_wconf 86' lang='lat' dir='ltr'>iterum</span> <span class='ocrx_word' id='word_1_95' title='bbox 819 816 857 847; x_wconf 83' lang='lat' dir='ltr'>ad</span> <span class='ocrx_word' id='word_1_96' title='bbox 882 816 1045 849; x_wconf 85' lang='lat' dir='ltr'>Ilardenb.</span> <span class='ocrx_word' id='word_1_97' title='bbox 1068 817 1162 859; x_wconf 83' lang='lat' dir='ltr'>epist.</span> <span class='ocrx_word' id='word_1_98' title='bbox 1184 817 1325 857; x_wconf 86' lang='lat' dir='ltr'>mittens,</span> <span class='ocrx_word' id='word_1_99' title='bbox 1342 829 1374 849; x_wconf 87' lang='lat' dir='ltr'>se</span> <span class='ocrx_word' id='word_1_100' title='bbox 1391 818 1578 860; x_wconf 84' lang='lat' dir='ltr'>impetrasse</span> 
     </span>
     <span class='ocr_line' id='line_1_12' title="bbox 46 869 444 911; baseline 0.005 -11"><span class='ocrx_word' id='word_1_101' title='bbox 46 869 160 900; x_wconf 79' lang='lat' dir='ltr'>scribit</span> <span class='ocrx_word' id='word_1_102' title='bbox 183 869 267 911; x_wconf 88' lang='lat' dir='ltr'>quod</span> <span class='ocrx_word' id='word_1_103' title='bbox 291 872 444 911; x_wconf 79' lang='lat' dir='ltr'>rogasset.</span> 
     </span>
    </p>
   </div>
   <div class='ocr_carea' id='block_1_5' title="bbox 45 1077 1573 1238">
    <p class='ocr_par' dir='ltr' id='par_1_6' title="bbox 45 1077 1573 1238">
     <span class='ocr_line' id='line_1_13' title="bbox 45 1077 1573 1129; baseline 0 -16"><span class='ocrx_word' id='word_1_104' title='bbox 45 1077 107 1114; x_wconf 81' lang='lat' dir='ltr'>N⁰.</span> <span class='ocrx_word' id='word_1_105' title='bbox 131 1078 186 1114; x_wconf 79' lang='grc'>39.</span> <span class='ocrx_word' id='word_1_106' title='bbox 1250 1080 1352 1126; x_wconf 70' lang='lat' dir='ltr'>[Geni.</span> <span class='ocrx_word' id='word_1_107' title='bbox 1370 1095 1390 1117; x_wconf 77' lang='lat' dir='ltr'>s,</span> <span class='ocrx_word' id='word_1_108' title='bbox 1403 1096 1425 1118; x_wconf 83' lang='lat' dir='ltr'>a.</span> <span class='ocrx_word' id='word_1_109' title='bbox 1437 1082 1484 1118; x_wconf 75' lang='lat'><em>11¹).</em></span> <span class='ocrx_word' id='word_1_110' title='bbox 1497 1082 1573 1129; x_wconf 59' lang='lat' dir='ltr'>[iffi]</span> 
     </span>
     <span class='ocr_line' id='line_1_14' title="bbox 593 1199 1034 1238; baseline 0 -2"><span class='ocrx_word' id='word_1_111' title='bbox 593 1199 650 1236; x_wconf 90' lang='lat' dir='ltr'>Ad</span> <span class='ocrx_word' id='word_1_112' title='bbox 679 1201 1034 1238; x_wconf 74' lang='lat' dir='ltr'>HARDENBERGIUM.</span> 
     </span>
    </p>
   </div>
   <div class='ocr_carea' id='block_1_6' title="bbox 36 1320 1576 2950">
    <p class='ocr_par' dir='ltr' id='par_1_7' title="bbox 36 1320 1576 2950">
     <span class='ocr_line' id='line_1_15' title="bbox 91 1320 1576 1371; baseline 0.001 -13"><span class='ocrx_word' id='word_1_113' title='bbox 91 1320 290 1358; x_wconf 84' lang='lat' dir='ltr'>Testabitur</span> <span class='ocrx_word' id='word_1_114' title='bbox 323 1320 387 1357; x_wconf 89' lang='lat' dir='ltr'>tibi</span> <span class='ocrx_word' id='word_1_115' title='bbox 422 1321 556 1357; x_wconf 81' lang='lat' dir='ltr'>Doetor</span> <span class='ocrx_word' id='word_1_116' title='bbox 581 1320 635 1357; x_wconf 88' lang='lat' dir='ltr'>hic</span> <span class='ocrx_word' id='word_1_117' title='bbox 660 1323 778 1357; x_wconf 86' lang='lat' dir='ltr'>noster</span> <span class='ocrx_word' id='word_1_118' title='bbox 804 1321 1087 1370; x_wconf 87' lang='lat' dir='ltr'>Westerburgius</span> <span class='ocrx_word' id='word_1_119' title='bbox 1114 1323 1157 1367; x_wconf 81' lang='lat'>¹),</span> <span class='ocrx_word' id='word_1_120' title='bbox 1184 1334 1286 1371; x_wconf 86' lang='lat' dir='ltr'>quam</span> <span class='ocrx_word' id='word_1_121' title='bbox 1312 1334 1404 1359; x_wconf 87' lang='lat' dir='ltr'>nunc</span> <span class='ocrx_word' id='word_1_122' title='bbox 1429 1324 1493 1360; x_wconf 89' lang='lat' dir='ltr'>sim</span> <span class='ocrx_word' id='word_1_123' title='bbox 1518 1335 1576 1360; x_wconf 87' lang='lat' dir='ltr'>oc-</span> 
     </span>
     <span class='ocr_line' id='line_1_16' title="bbox 43 1380 1576 1431; baseline 0.003 -14"><span class='ocrx_word' id='word_1_124' title='bbox 43 1386 206 1429; x_wconf 77' lang='lat' dir='ltr'>cupatus.</span> <span class='ocrx_word' id='word_1_125' title='bbox 256 1381 336 1417; x_wconf 89' lang='lat' dir='ltr'>Hoc</span> <span class='ocrx_word' id='word_1_126' title='bbox 369 1380 522 1417; x_wconf 89' lang='lat' dir='ltr'>triduum</span> <span class='ocrx_word' id='word_1_127' title='bbox 559 1385 670 1418; x_wconf 88' lang='lat' dir='ltr'>totum</span> <span class='ocrx_word' id='word_1_128' title='bbox 696 1382 816 1429; x_wconf 86' lang='lat' dir='ltr'>scripsi</span> <span class='ocrx_word' id='word_1_129' title='bbox 841 1381 884 1418; x_wconf 91' lang='lat' dir='ltr'>ad</span> <span class='ocrx_word' id='word_1_130' title='bbox 908 1388 1018 1425; x_wconf 84' lang='lat' dir='ltr'>tuum,</span> <span class='ocrx_word' id='word_1_131' title='bbox 1046 1384 1115 1420; x_wconf 93' lang='lat' dir='ltr'>imo</span> <span class='ocrx_word' id='word_1_132' title='bbox 1138 1384 1180 1419; x_wconf 88' lang='lat' dir='ltr'>ad</span> <span class='ocrx_word' id='word_1_133' title='bbox 1205 1396 1316 1419; x_wconf 85' lang='lat' dir='ltr'>meum</span> <span class='ocrx_word' id='word_1_134' title='bbox 1343 1384 1458 1431; x_wconf 83' lang='lat' dir='ltr'>potius</span> <span class='ocrx_word' id='word_1_135' title='bbox 1483 1396 1576 1421; x_wconf 90' lang='lat' dir='ltr'>com-</span> 
     </span>
     <span class='ocr_line' id='line_1_17' title="bbox 45 1442 1575 1490; baseline 0.003 -12"><span class='ocrx_word' id='word_1_136' title='bbox 45 1455 182 1479; x_wconf 87' lang='lat' dir='ltr'>munem</span> <span class='ocrx_word' id='word_1_137' title='bbox 209 1442 404 1490; x_wconf 84' lang='lat' dir='ltr'>Principem</span> <span class='ocrx_word' id='word_1_138' title='bbox 420 1443 461 1488; x_wconf 67' lang='grc' dir='ltr'>Ξ),</span> <span class='ocrx_word' id='word_1_139' title='bbox 485 1443 545 1478; x_wconf 87' lang='lat' dir='ltr'>sed</span> <span class='ocrx_word' id='word_1_140' title='bbox 571 1443 774 1490; x_wconf 79' lang='lat' dir='ltr'>interruptis</span> <span class='ocrx_word' id='word_1_141' title='bbox 800 1444 944 1486; x_wconf 89' lang='lat' dir='ltr'>vicibus,</span> <span class='ocrx_word' id='word_1_142' title='bbox 970 1443 1062 1479; x_wconf 90' lang='lat' dir='ltr'>unde</span> <span class='ocrx_word' id='word_1_143' title='bbox 1085 1456 1148 1480; x_wconf 87' lang='lat' dir='ltr'>nec</span> <span class='ocrx_word' id='word_1_144' title='bbox 1174 1444 1328 1481; x_wconf 87' lang='lat' dir='ltr'>ordinem</span> <span class='ocrx_word' id='word_1_145' title='bbox 1342 1446 1377 1482; x_wconf 85' lang='lat' dir='ltr'>in</span> <span class='ocrx_word' id='word_1_146' title='bbox 1392 1445 1575 1483; x_wconf 85' lang='lat' dir='ltr'>scribendo</span> 
     </span>
     <span class='ocr_line' id='line_1_18' title="bbox 44 1503 1574 1552; baseline 0.003 -13"><span class='ocrx_word' id='word_1_147' title='bbox 44 1504 142 1551; x_wconf 89' lang='lat' dir='ltr'>potui</span> <span class='ocrx_word' id='word_1_148' title='bbox 175 1504 335 1539; x_wconf 87' lang='lat' dir='ltr'>retinere.</span> <span class='ocrx_word' id='word_1_149' title='bbox 367 1503 484 1540; x_wconf 84' lang='lat' dir='ltr'>Hodie</span> <span class='ocrx_word' id='word_1_150' title='bbox 520 1507 618 1540; x_wconf 90' lang='lat' dir='ltr'>totus</span> <span class='ocrx_word' id='word_1_151' title='bbox 651 1503 725 1540; x_wconf 87' lang='lat' dir='ltr'>dies</span> <span class='ocrx_word' id='word_1_152' title='bbox 751 1504 833 1541; x_wconf 89' lang='lat' dir='ltr'>mihi</span> <span class='ocrx_word' id='word_1_153' title='bbox 866 1504 1116 1552; x_wconf 86' lang='lat' dir='ltr'>impendendus</span> <span class='ocrx_word' id='word_1_154' title='bbox 1151 1510 1226 1541; x_wconf 83' lang='lat' dir='ltr'>erat</span> <span class='ocrx_word' id='word_1_155' title='bbox 1257 1507 1291 1542; x_wconf 91' lang='lat' dir='ltr'>in</span> <span class='ocrx_word' id='word_1_156' title='bbox 1317 1506 1514 1543; x_wconf 83' lang='lat' dir='ltr'>scribendas</span> <span class='ocrx_word' id='word_1_157' title='bbox 1539 1508 1574 1544; x_wconf 88' lang='lat' dir='ltr'>in</span> 
     </span>
     <span class='ocr_line' id='line_1_19' title="bbox 43 1563 1574 1614; baseline 0.003 -15"><span class='ocrx_word' id='word_1_158' title='bbox 43 1564 221 1600; x_wconf 86' lang='lat' dir='ltr'>Prussiam</span> <span class='ocrx_word' id='word_1_159' title='bbox 246 1563 383 1600; x_wconf 76' lang='lat' dir='ltr'>literas:</span> <span class='ocrx_word' id='word_1_160' title='bbox 416 1564 466 1600; x_wconf 85' lang='lat' dir='ltr'>ita</span> <span class='ocrx_word' id='word_1_161' title='bbox 490 1563 547 1600; x_wconf 84' lang='lat' dir='ltr'>vix</span> <span class='ocrx_word' id='word_1_162' title='bbox 572 1563 672 1600; x_wconf 84' lang='lat' dir='ltr'>licuit</span> <span class='ocrx_word' id='word_1_163' title='bbox 696 1564 757 1600; x_wconf 87' lang='lat' dir='ltr'>has</span> <span class='ocrx_word' id='word_1_164' title='bbox 782 1564 826 1600; x_wconf 91' lang='lat' dir='ltr'>ad</span> <span class='ocrx_word' id='word_1_165' title='bbox 852 1568 887 1602; x_wconf 86' lang='lat' dir='ltr'>te</span> <span class='ocrx_word' id='word_1_166' title='bbox 911 1565 1074 1601; x_wconf 87' lang='lat' dir='ltr'>seribere.</span> <span class='ocrx_word' id='word_1_167' title='bbox 1128 1566 1381 1613; x_wconf 85' lang='lat' dir='ltr'>Argumentum</span> <span class='ocrx_word' id='word_1_168' title='bbox 1407 1568 1574 1614; x_wconf 85' lang='lat' dir='ltr'>epistolae</span> 
     </span>
     <span class='ocr_line' id='line_1_20' title="bbox 43 1623 1573 1674; baseline 0.002 -14"><span class='ocrx_word' id='word_1_169' title='bbox 43 1636 137 1660; x_wconf 89' lang='lat' dir='ltr'>meae</span> <span class='ocrx_word' id='word_1_170' title='bbox 161 1623 205 1660; x_wconf 87' lang='lat' dir='ltr'>ad</span> <span class='ocrx_word' id='word_1_171' title='bbox 232 1623 442 1670; x_wconf 82' lang='lat' dir='ltr'>Episcopum</span> <span class='ocrx_word' id='word_1_172' title='bbox 469 1623 533 1659; x_wconf 86' lang='lat' dir='ltr'>tibi</span> <span class='ocrx_word' id='word_1_173' title='bbox 557 1623 711 1659; x_wconf 79' lang='lat' dir='ltr'>narrabit</span> <span class='ocrx_word' id='word_1_174' title='bbox 735 1623 869 1660; x_wconf 86' lang='lat' dir='ltr'>Doctor</span> <span class='ocrx_word' id='word_1_175' title='bbox 895 1624 1193 1672; x_wconf 80' lang='lat' dir='ltr'>Westerburgius.</span> <span class='ocrx_word' id='word_1_176' title='bbox 1229 1627 1388 1673; x_wconf 86' lang='lat' dir='ltr'>Optarim</span> <span class='ocrx_word' id='word_1_177' title='bbox 1415 1628 1573 1674; x_wconf 78' lang='lat' dir='ltr'>profecto</span> 
     </span>
     <span class='ocr_line' id='line_1_21' title="bbox 44 1684 1571 1736; baseline 0.002 -15"><span class='ocrx_word' id='word_1_178' title='bbox 44 1686 237 1721; x_wconf 86' lang='lat' dir='ltr'>unanimem</span> <span class='ocrx_word' id='word_1_179' title='bbox 270 1684 447 1721; x_wconf 87' lang='lat' dir='ltr'>doctrinae</span> <span class='ocrx_word' id='word_1_180' title='bbox 479 1696 686 1720; x_wconf 89' lang='lat' dir='ltr'>consensum</span> <span class='ocrx_word' id='word_1_181' title='bbox 720 1697 780 1732; x_wconf 85' lang='lat' dir='ltr'>per</span> <span class='ocrx_word' id='word_1_182' title='bbox 813 1697 930 1722; x_wconf 89' lang='lat' dir='ltr'>omnes</span> <span class='ocrx_word' id='word_1_183' title='bbox 955 1685 1130 1728; x_wconf 89' lang='lat' dir='ltr'>ecclesias,</span> <span class='ocrx_word' id='word_1_184' title='bbox 1153 1698 1266 1736; x_wconf 89' lang='lat' dir='ltr'>neque</span> <span class='ocrx_word' id='word_1_185' title='bbox 1291 1687 1430 1724; x_wconf 90' lang='lat' dir='ltr'>omniuo</span> <span class='ocrx_word' id='word_1_186' title='bbox 1453 1687 1571 1725; x_wconf 88' lang='lat' dir='ltr'>diffido</span> 
     </span>
     <span class='ocr_line' id='line_1_22' title="bbox 40 1742 1572 1794; baseline 0.001 -12"><span class='ocrx_word' id='word_1_187' title='bbox 40 1757 117 1782; x_wconf 90' lang='lat' dir='ltr'>eum</span> <span class='ocrx_word' id='word_1_188' title='bbox 152 1744 270 1781; x_wconf 90' lang='lat' dir='ltr'>induci</span> <span class='ocrx_word' id='word_1_189' title='bbox 303 1756 416 1792; x_wconf 86' lang='lat' dir='ltr'>posse,</span> <span class='ocrx_word' id='word_1_190' title='bbox 451 1744 479 1781; x_wconf 90' lang='lat' dir='ltr'>si</span> <span class='ocrx_word' id='word_1_191' title='bbox 512 1744 619 1786; x_wconf 85' lang='lat' dir='ltr'>docti,</span> <span class='ocrx_word' id='word_1_192' title='bbox 642 1742 930 1793; x_wconf 81' lang='lat' dir='ltr'>&#39;quemadmodum</span> <span class='ocrx_word' id='word_1_193' title='bbox 956 1745 1000 1782; x_wconf 85' lang='lat' dir='ltr'>ad</span> <span class='ocrx_word' id='word_1_194' title='bbox 1024 1746 1236 1794; x_wconf 85' lang='lat' dir='ltr'>Episcopum</span> <span class='ocrx_word' id='word_1_195' title='bbox 1262 1748 1386 1790; x_wconf 81' lang='lat' dir='ltr'>scribo,</span> <span class='ocrx_word' id='word_1_196' title='bbox 1410 1749 1572 1785; x_wconf 85' lang='lat' dir='ltr'>eonveni-</span> 
     </span>
     <span class='ocr_line' id='line_1_23' title="bbox 41 1805 1568 1854; baseline 0.002 -11"><span class='ocrx_word' id='word_1_197' title='bbox 41 1810 129 1843; x_wconf 87' lang='lat' dir='ltr'>rcnt.</span> <span class='ocrx_word' id='word_1_198' title='bbox 162 1806 329 1843; x_wconf 83' lang='lat' dir='ltr'>Libenter</span> <span class='ocrx_word' id='word_1_199' title='bbox 360 1805 403 1842; x_wconf 87' lang='lat' dir='ltr'>ad</span> <span class='ocrx_word' id='word_1_200' title='bbox 437 1809 472 1841; x_wconf 85' lang='lat' dir='ltr'>te</span> <span class='ocrx_word' id='word_1_201' title='bbox 498 1806 763 1842; x_wconf 77' lang='lat' dir='ltr'>transmisissem</span> <span class='ocrx_word' id='word_1_202' title='bbox 789 1806 985 1854; x_wconf 87' lang='lat' dir='ltr'>exemplum</span> <span class='ocrx_word' id='word_1_203' title='bbox 1011 1808 1194 1854; x_wconf 87' lang='lat' dir='ltr'>epistolae,</span> <span class='ocrx_word' id='word_1_204' title='bbox 1219 1807 1280 1844; x_wconf 91' lang='lat' dir='ltr'>sed</span> <span class='ocrx_word' id='word_1_205' title='bbox 1307 1821 1375 1845; x_wconf 88' lang='lat' dir='ltr'>non</span> <span class='ocrx_word' id='word_1_206' title='bbox 1401 1809 1568 1846; x_wconf 83' lang='lat' dir='ltr'>habebam</span> 
     </span>
     <span class='ocr_line' id='line_1_24' title="bbox 40 1865 1571 1916; baseline 0.002 -13"><span class='ocrx_word' id='word_1_207' title='bbox 40 1867 101 1914; x_wconf 89' lang='lat' dir='ltr'>qui</span> <span class='ocrx_word' id='word_1_208' title='bbox 126 1867 348 1903; x_wconf 84' lang='lat' dir='ltr'>exscriberet.</span> <span class='ocrx_word' id='word_1_209' title='bbox 398 1865 549 1902; x_wconf 88' lang='lat' dir='ltr'>Proinde</span> <span class='ocrx_word' id='word_1_210' title='bbox 576 1866 744 1902; x_wconf 89' lang='lat' dir='ltr'>Iacobum</span> <span class='ocrx_word' id='word_1_211' title='bbox 768 1866 830 1902; x_wconf 89' lang='lat' dir='ltr'>abs</span> <span class='ocrx_word' id='word_1_212' title='bbox 857 1870 891 1903; x_wconf 89' lang='lat' dir='ltr'>te</span> <span class='ocrx_word' id='word_1_213' title='bbox 915 1872 1071 1914; x_wconf 81' lang='lat' dir='ltr'>expecto.</span> <span class='ocrx_word' id='word_1_214' title='bbox 1121 1868 1226 1905; x_wconf 92' lang='lat' dir='ltr'>Nunc</span> <span class='ocrx_word' id='word_1_215' title='bbox 1251 1874 1344 1905; x_wconf 87' lang='lat' dir='ltr'>recte</span> <span class='ocrx_word' id='word_1_216' title='bbox 1367 1870 1480 1916; x_wconf 81' lang='lat' dir='ltr'>gratia</span> <span class='ocrx_word' id='word_1_217' title='bbox 1505 1870 1571 1906; x_wconf 89' lang='lat' dir='ltr'>Dei</span> 
     </span>
     <span class='ocr_line' id='line_1_25' title="bbox 40 1925 1566 1976; baseline 0.002 -13"><span class='ocrx_word' id='word_1_218' title='bbox 40 1928 139 1963; x_wconf 85' lang='lat' dir='ltr'>valeo</span> <span class='ocrx_word' id='word_1_219' title='bbox 170 1939 248 1963; x_wconf 89' lang='lat' dir='ltr'>cum</span> <span class='ocrx_word' id='word_1_220' title='bbox 283 1927 367 1962; x_wconf 88' lang='lat' dir='ltr'>meis</span> <span class='ocrx_word' id='word_1_221' title='bbox 402 1925 574 1968; x_wconf 87' lang='lat' dir='ltr'>omnibus,</span> <span class='ocrx_word' id='word_1_222' title='bbox 606 1930 642 1962; x_wconf 87' lang='lat' dir='ltr'>et</span> <span class='ocrx_word' id='word_1_223' title='bbox 676 1927 848 1962; x_wconf 89' lang='lat' dir='ltr'>Dominus</span> <span class='ocrx_word' id='word_1_224' title='bbox 870 1927 966 1963; x_wconf 83' lang='lat' dir='ltr'>dedit</span> <span class='ocrx_word' id='word_1_225' title='bbox 991 1928 1072 1964; x_wconf 80' lang='lat' dir='ltr'>mihi</span> <span class='ocrx_word' id='word_1_226' title='bbox 1098 1940 1209 1976; x_wconf 87' lang='lat' dir='ltr'>nuper</span> <span class='ocrx_word' id='word_1_227' title='bbox 1234 1929 1503 1976; x_wconf 87' lang='lat' dir='ltr'>pulcherrimum</span> <span class='ocrx_word' id='word_1_228' title='bbox 1529 1931 1566 1966; x_wconf 87' lang='lat' dir='ltr'>fi-</span> 
     </span>
     <span class='ocr_line' id='line_1_26' title="bbox 40 1987 1570 2037; baseline 0.001 -11"><span class='ocrx_word' id='word_1_229' title='bbox 40 1990 137 2026; x_wconf 89' lang='lat' dir='ltr'>lium.</span> <span class='ocrx_word' id='word_1_230' title='bbox 187 1990 293 2025; x_wconf 88' lang='lat' dir='ltr'>Hunc</span> <span class='ocrx_word' id='word_1_231' title='bbox 317 1987 472 2025; x_wconf 83' lang='lat' dir='ltr'>nondum</span> <span class='ocrx_word' id='word_1_232' title='bbox 498 1987 683 2034; x_wconf 84' lang='lat' dir='ltr'>baptizavi,</span> <span class='ocrx_word' id='word_1_233' title='bbox 711 1991 900 2035; x_wconf 80' lang='lat' dir='ltr'>expectans</span> <span class='ocrx_word' id='word_1_234' title='bbox 936 1991 976 2024; x_wconf 86' lang='lat' dir='ltr'>ut</span> <span class='ocrx_word' id='word_1_235' title='bbox 1001 1989 1148 2030; x_wconf 89' lang='lat' dir='ltr'>venires,</span> <span class='ocrx_word' id='word_1_236' title='bbox 1171 1989 1461 2037; x_wconf 87' lang='lat' dir='ltr'>quemadmodum</span> <span class='ocrx_word' id='word_1_237' title='bbox 1486 1991 1570 2028; x_wconf 88' lang='lat' dir='ltr'>seri-</span> 
     </span>
     <span class='ocr_line' id='line_1_27' title="bbox 42 2049 1567 2100; baseline 0.002 -14"><span class='ocrx_word' id='word_1_238' title='bbox 42 2051 155 2087; x_wconf 85' lang='lat' dir='ltr'>bcbas.</span> <span class='ocrx_word' id='word_1_239' title='bbox 180 2050 247 2086; x_wconf 80' lang='lat' dir='ltr'>Sed</span> <span class='ocrx_word' id='word_1_240' title='bbox 273 2050 352 2092; x_wconf 86' lang='lat' dir='ltr'>iam,</span> <span class='ocrx_word' id='word_1_241' title='bbox 376 2049 458 2086; x_wconf 88' lang='lat' dir='ltr'>dum</span> <span class='ocrx_word' id='word_1_242' title='bbox 486 2062 553 2085; x_wconf 90' lang='lat' dir='ltr'>non</span> <span class='ocrx_word' id='word_1_243' title='bbox 580 2050 687 2092; x_wconf 75' lang='lat' dir='ltr'>venis,</span> <span class='ocrx_word' id='word_1_244' title='bbox 712 2049 943 2096; x_wconf 79' lang='lat' dir='ltr'>baptizabitur</span> <span class='ocrx_word' id='word_1_245' title='bbox 968 2051 1099 2099; x_wconf 81' lang='lat' dir='ltr'>eritque</span> <span class='ocrx_word' id='word_1_246' title='bbox 1125 2051 1272 2095; x_wconf 88' lang='lat' dir='ltr'>Paulus,</span> <span class='ocrx_word' id='word_1_247' title='bbox 1306 2056 1412 2100; x_wconf 85' lang='lat' dir='ltr'>atque</span> <span class='ocrx_word' id='word_1_248' title='bbox 1436 2053 1567 2089; x_wconf 87' lang='lat' dir='ltr'>utinam</span> 
     </span>
     <span class='ocr_line' id='line_1_28' title="bbox 42 2109 1567 2159; baseline 0.003 -13"><span class='ocrx_word' id='word_1_249' title='bbox 42 2111 143 2147; x_wconf 77' lang='lat' dir='ltr'>Pauli</span> <span class='ocrx_word' id='word_1_250' title='bbox 166 2114 332 2158; x_wconf 83' lang='lat' dir='ltr'>sequatur</span> <span class='ocrx_word' id='word_1_251' title='bbox 357 2110 512 2157; x_wconf 82' lang='lat' dir='ltr'>vestigia,</span> <span class='ocrx_word' id='word_1_252' title='bbox 537 2109 596 2145; x_wconf 91' lang='lat' dir='ltr'>sed</span> <span class='ocrx_word' id='word_1_253' title='bbox 622 2109 825 2146; x_wconf 80' lang='lat' dir='ltr'>Tharsensis</span> <span class='ocrx_word' id='word_1_254' title='bbox 851 2110 954 2152; x_wconf 79' lang='lat' dir='ltr'>illius.</span> <span class='ocrx_word' id='word_1_255' title='bbox 980 2123 1050 2147; x_wconf 90' lang='lat' dir='ltr'>non</span> <span class='ocrx_word' id='word_1_256' title='bbox 1074 2112 1148 2148; x_wconf 87' lang='lat' dir='ltr'>eius</span> <span class='ocrx_word' id='word_1_257' title='bbox 1173 2113 1232 2159; x_wconf 90' lang='lat' dir='ltr'>qui</span> <span class='ocrx_word' id='word_1_258' title='bbox 1258 2125 1350 2149; x_wconf 89' lang='lat' dir='ltr'>nuuc</span> <span class='ocrx_word' id='word_1_259' title='bbox 1375 2114 1509 2150; x_wconf 84' lang='lat' dir='ltr'>Romae</span> <span class='ocrx_word' id='word_1_260' title='bbox 1531 2114 1567 2150; x_wconf 89' lang='lat' dir='ltr'>in</span> 
     </span>
     <span class='ocr_line' id='line_1_29' title="bbox 40 2170 1568 2219; baseline 0.003 -12"><span class='ocrx_word' id='word_1_261' title='bbox 40 2171 204 2208; x_wconf 81' lang='lat' dir='ltr'>cathedra</span> <span class='ocrx_word' id='word_1_262' title='bbox 237 2171 409 2207; x_wconf 84' lang='lat' dir='ltr'>Sathanae</span> <span class='ocrx_word' id='word_1_263' title='bbox 442 2170 587 2206; x_wconf 84' lang='lat' dir='ltr'>residet!</span> <span class='ocrx_word' id='word_1_264' title='bbox 636 2170 714 2211; x_wconf 79' lang='lat' dir='ltr'>Hic.</span> <span class='ocrx_word' id='word_1_265' title='bbox 749 2171 794 2207; x_wconf 91' lang='lat' dir='ltr'>mi</span> <span class='ocrx_word' id='word_1_266' title='bbox 820 2171 985 2208; x_wconf 85' lang='lat' dir='ltr'>Albertel</span> <span class='ocrx_word' id='word_1_267' title='bbox 1012 2172 1173 2219; x_wconf 87' lang='lat' dir='ltr'>Episcopi</span> <span class='ocrx_word' id='word_1_268' title='bbox 1200 2185 1325 2209; x_wconf 88' lang='lat' dir='ltr'>munus</span> <span class='ocrx_word' id='word_1_269' title='bbox 1352 2185 1485 2210; x_wconf 90' lang='lat' dir='ltr'>rursum</span> <span class='ocrx_word' id='word_1_270' title='bbox 1511 2188 1568 2211; x_wconf 92' lang='lat' dir='ltr'>su-</span> 
     </span>
     <span class='ocr_line' id='line_1_30' title="bbox 38 2231 1567 2281; baseline 0.003 -13"><span class='ocrx_word' id='word_1_271' title='bbox 38 2232 144 2280; x_wconf 87' lang='lat' dir='ltr'>scepi,</span> <span class='ocrx_word' id='word_1_272' title='bbox 183 2232 440 2279; x_wconf 81' lang='lat' dir='ltr'>impellentibus</span> <span class='ocrx_word' id='word_1_273' title='bbox 476 2243 527 2267; x_wconf 81' lang='lat' dir='ltr'>me</span> <span class='ocrx_word' id='word_1_274' title='bbox 560 2237 596 2268; x_wconf 86' lang='lat' dir='ltr'>et</span> <span class='ocrx_word' id='word_1_275' title='bbox 630 2231 794 2267; x_wconf 83' lang='lat' dir='ltr'>fratribus</span> <span class='ocrx_word' id='word_1_276' title='bbox 827 2235 864 2268; x_wconf 85' lang='lat' dir='ltr'>et</span> <span class='ocrx_word' id='word_1_277' title='bbox 897 2232 1056 2281; x_wconf 83' lang='lat' dir='ltr'>Principe</span> <span class='ocrx_word' id='word_1_278' title='bbox 1091 2234 1178 2280; x_wconf 80' lang='lat' dir='ltr'>ipsa.</span> <span class='ocrx_word' id='word_1_279' title='bbox 1227 2234 1403 2272; x_wconf 81' lang='lat' dir='ltr'>statutum</span> <span class='ocrx_word' id='word_1_280' title='bbox 1429 2240 1493 2277; x_wconf 88' lang='lat' dir='ltr'>est,</span> <span class='ocrx_word' id='word_1_281' title='bbox 1526 2240 1567 2273; x_wconf 88' lang='lat' dir='ltr'>ut</span> 
     </span>
     <span class='ocr_line' id='line_1_31' title="bbox 38 2291 1567 2339; baseline 0.005 -13"><span class='ocrx_word' id='word_1_282' title='bbox 38 2291 257 2337; x_wconf 82' lang='lat' dir='ltr'>deponantur</span> <span class='ocrx_word' id='word_1_283' title='bbox 293 2302 411 2327; x_wconf 89' lang='lat' dir='ltr'>omnes</span> <span class='ocrx_word' id='word_1_284' title='bbox 445 2297 600 2337; x_wconf 71' lang='lat' dir='ltr'>pastores</span> <span class='ocrx_word' id='word_1_285' title='bbox 636 2292 832 2339; x_wconf 86' lang='lat' dir='ltr'>quicunque</span> <span class='ocrx_word' id='word_1_286' title='bbox 857 2303 1061 2329; x_wconf 89' lang='lat' dir='ltr'>consensum</span> <span class='ocrx_word' id='word_1_287' title='bbox 1093 2293 1272 2330; x_wconf 87' lang='lat' dir='ltr'>doctrinae</span> <span class='ocrx_word' id='word_1_288' title='bbox 1298 2294 1481 2332; x_wconf 79' lang='lat' dir='ltr'>observare</span> <span class='ocrx_word' id='word_1_289' title='bbox 1506 2309 1567 2333; x_wconf 89' lang='lat' dir='ltr'>uo-</span> 
     </span>
     <span class='ocr_line' id='line_1_32' title="bbox 39 2350 1568 2404; baseline 0.004 -16"><span class='ocrx_word' id='word_1_290' title='bbox 39 2353 114 2389; x_wconf 86' lang='lat' dir='ltr'>liut.</span> <span class='ocrx_word' id='word_1_291' title='bbox 141 2350 243 2388; x_wconf 88' lang='lat' dir='ltr'>Idola</span> <span class='ocrx_word' id='word_1_292' title='bbox 268 2352 372 2387; x_wconf 86' lang='lat' dir='ltr'>etiam</span> <span class='ocrx_word' id='word_1_293' title='bbox 398 2355 513 2387; x_wconf 84' lang='lat' dir='ltr'>nostra</span> <span class='ocrx_word' id='word_1_294' title='bbox 539 2351 615 2387; x_wconf 93' lang='lat' dir='ltr'>tolli</span> <span class='ocrx_word' id='word_1_295' title='bbox 640 2353 706 2388; x_wconf 86' lang='lat' dir='ltr'>iam</span> <span class='ocrx_word' id='word_1_296' title='bbox 731 2351 872 2388; x_wconf 82' lang='lat' dir='ltr'>debent.</span> <span class='ocrx_word' id='word_1_297' title='bbox 898 2352 1018 2389; x_wconf 82' lang='lat' dir='ltr'>Habes</span> <span class='ocrx_word' id='word_1_298' title='bbox 1043 2358 1172 2390; x_wconf 87' lang='lat' dir='ltr'>nostra.</span> <span class='ocrx_word' id='word_1_299' title='bbox 1197 2354 1250 2390; x_wconf 93' lang='lat' dir='ltr'>De</span> <span class='ocrx_word' id='word_1_300' title='bbox 1276 2355 1377 2392; x_wconf 89' lang='lat' dir='ltr'>rebus</span> <span class='ocrx_word' id='word_1_301' title='bbox 1402 2357 1470 2393; x_wconf 86' lang='lat' dir='ltr'>tuis</span> <span class='ocrx_word' id='word_1_302' title='bbox 1495 2358 1568 2404; x_wconf 74' lang='lat' dir='ltr'>egit</span> 
     </span>
     <span class='ocr_line' id='line_1_33' title="bbox 39 2412 1567 2460; baseline 0.003 -10"><span class='ocrx_word' id='word_1_303' title='bbox 39 2426 173 2450; x_wconf 88' lang='lat' dir='ltr'>mecum</span> <span class='ocrx_word' id='word_1_304' title='bbox 211 2413 381 2449; x_wconf 86' lang='lat' dir='ltr'>Dominus</span> <span class='ocrx_word' id='word_1_305' title='bbox 413 2413 449 2449; x_wconf 87' lang='lat' dir='ltr'>in</span> <span class='ocrx_word' id='word_1_306' title='bbox 481 2412 692 2460; x_wconf 79' lang='lat' dir='ltr'>Cnyphusen</span> <span class='ocrx_word' id='word_1_307' title='bbox 718 2412 759 2457; x_wconf 77' lang='lat'>³).</span> <span class='ocrx_word' id='word_1_308' title='bbox 791 2418 827 2449; x_wconf 87' lang='lat' dir='ltr'>ct</span> <span class='ocrx_word' id='word_1_309' title='bbox 860 2413 995 2450; x_wconf 83' lang='lat' dir='ltr'>addidit</span> <span class='ocrx_word' id='word_1_310' title='bbox 1018 2426 1053 2450; x_wconf 91' lang='lat' dir='ltr'>se</span> <span class='ocrx_word' id='word_1_311' title='bbox 1080 2414 1141 2451; x_wconf 91' lang='lat' dir='ltr'>tibi</span> <span class='ocrx_word' id='word_1_312' title='bbox 1167 2427 1287 2452; x_wconf 86' lang='lat' dir='ltr'>curare</span> <span class='ocrx_word' id='word_1_313' title='bbox 1313 2417 1402 2453; x_wconf 85' lang='lat' dir='ltr'>velle</span> <span class='ocrx_word' id='word_1_314' title='bbox 1426 2419 1567 2455; x_wconf 87' lang='lat' dir='ltr'>sociam.</span> 
     </span>
     <span class='ocr_line' id='line_1_34' title="bbox 40 2472 1564 2526; baseline 0.003 -16"><span class='ocrx_word' id='word_1_315' title='bbox 40 2473 265 2510; x_wconf 81' lang='lat' dir='ltr'>Percontanti</span> <span class='ocrx_word' id='word_1_316' title='bbox 299 2472 391 2516; x_wconf 87' lang='lat' dir='ltr'>mihi,</span> <span class='ocrx_word' id='word_1_317' title='bbox 422 2485 588 2520; x_wconf 82' lang='lat' dir='ltr'>quaenam</span> <span class='ocrx_word' id='word_1_318' title='bbox 623 2484 662 2509; x_wconf 81' lang='lat' dir='ltr'>ea</span> <span class='ocrx_word' id='word_1_319' title='bbox 695 2479 798 2515; x_wconf 83' lang='lat' dir='ltr'>esset,</span> <span class='ocrx_word' id='word_1_320' title='bbox 831 2475 1018 2521; x_wconf 83' lang='lat' dir='ltr'>respondit,</span> <span class='ocrx_word' id='word_1_321' title='bbox 1056 2487 1128 2512; x_wconf 88' lang='lat' dir='ltr'>esse</span> <span class='ocrx_word' id='word_1_322' title='bbox 1165 2477 1280 2513; x_wconf 83' lang='lat' dir='ltr'>uxoris</span> <span class='ocrx_word' id='word_1_323' title='bbox 1305 2489 1388 2514; x_wconf 86' lang='lat' dir='ltr'>suae</span> <span class='ocrx_word' id='word_1_324' title='bbox 1414 2479 1564 2526; x_wconf 82' lang='lat' dir='ltr'>puellam</span> 
     </span>
     <span class='ocr_line' id='line_1_35' title="bbox 38 2533 1568 2585; baseline 0.004 -14"><span class='ocrx_word' id='word_1_325' title='bbox 38 2535 252 2576; x_wconf 78' lang='lat' dir='ltr'>familiarem,</span> <span class='ocrx_word' id='word_1_326' title='bbox 288 2545 394 2582; x_wconf 87' lang='lat' dir='ltr'>seque</span> <span class='ocrx_word' id='word_1_327' title='bbox 429 2533 472 2569; x_wconf 90' lang='lat' dir='ltr'>de</span> <span class='ocrx_word' id='word_1_328' title='bbox 506 2533 564 2570; x_wconf 85' lang='lat' dir='ltr'>illa</span> <span class='ocrx_word' id='word_1_329' title='bbox 589 2538 703 2571; x_wconf 88' lang='lat' dir='ltr'>tecum</span> <span class='ocrx_word' id='word_1_330' title='bbox 730 2534 835 2572; x_wconf 78' lang='lat' dir='ltr'>verba</span> <span class='ocrx_word' id='word_1_331' title='bbox 859 2534 1030 2577; x_wconf 84' lang='lat' dir='ltr'>habuisse.</span> <span class='ocrx_word' id='word_1_332' title='bbox 1055 2549 1166 2585; x_wconf 85' lang='lat' dir='ltr'>neque</span> <span class='ocrx_word' id='word_1_333' title='bbox 1189 2541 1223 2573; x_wconf 85' lang='lat' dir='ltr'>te</span> <span class='ocrx_word' id='word_1_334' title='bbox 1248 2538 1432 2576; x_wconf 85' lang='lat' dir='ltr'>admodum</span> <span class='ocrx_word' id='word_1_335' title='bbox 1460 2540 1568 2578; x_wconf 84' lang='lat' dir='ltr'>reluc-</span> 
     </span>
     <span class='ocr_line' id='line_1_36' title="bbox 39 2594 1567 2645; baseline 0.004 -13"><span class='ocrx_word' id='word_1_336' title='bbox 39 2599 149 2632; x_wconf 81' lang='lat' dir='ltr'>tatum</span> <span class='ocrx_word' id='word_1_337' title='bbox 176 2608 262 2632; x_wconf 77' lang='lat' dir='ltr'>esse·</span> <span class='ocrx_word' id='word_1_338' title='bbox 298 2594 404 2633; x_wconf 80' lang='lat' dir='ltr'>Quod</span> <span class='ocrx_word' id='word_1_339' title='bbox 428 2594 457 2630; x_wconf 93' lang='lat' dir='ltr'>si</span> <span class='ocrx_word' id='word_1_340' title='bbox 482 2607 522 2630; x_wconf 92' lang='lat' dir='ltr'>eo</span> <span class='ocrx_word' id='word_1_341' title='bbox 547 2595 594 2630; x_wconf 83' lang='lat' dir='ltr'>sis</span> <span class='ocrx_word' id='word_1_342' title='bbox 619 2595 744 2636; x_wconf 83' lang='lat' dir='ltr'>auimo,</span> <span class='ocrx_word' id='word_1_343' title='bbox 768 2600 804 2631; x_wconf 79' lang='lat' dir='ltr'>et</span> <span class='ocrx_word' id='word_1_344' title='bbox 826 2596 1037 2644; x_wconf 80' lang='lat' dir='ltr'>intelligeres</span> <span class='ocrx_word' id='word_1_345' title='bbox 1061 2597 1126 2633; x_wconf 85' lang='lat' dir='ltr'>tibi</span> <span class='ocrx_word' id='word_1_346' title='bbox 1150 2598 1321 2645; x_wconf 87' lang='lat' dir='ltr'>integrum</span> <span class='ocrx_word' id='word_1_347' title='bbox 1348 2611 1423 2637; x_wconf 85' lang='lat' dir='ltr'>esse</span> <span class='ocrx_word' id='word_1_348' title='bbox 1445 2604 1479 2637; x_wconf 82' lang='lat' dir='ltr'>te</span> <span class='ocrx_word' id='word_1_349' title='bbox 1501 2601 1567 2639; x_wconf 84' lang='lat' dir='ltr'>huc</span> 
     </span>
     <span class='ocr_line' id='line_1_37' title="bbox 39 2655 1567 2709; baseline 0.003 -16"><span class='ocrx_word' id='word_1_350' title='bbox 39 2657 235 2698; x_wconf 76' lang='lat' dir='ltr'>transferre,</span> <span class='ocrx_word' id='word_1_351' title='bbox 271 2656 300 2692; x_wconf 91' lang='lat' dir='ltr'>si</span> <span class='ocrx_word' id='word_1_352' title='bbox 335 2655 514 2696; x_wconf 76' lang='lat' dir='ltr'>vocareris,</span> <span class='ocrx_word' id='word_1_353' title='bbox 549 2658 622 2690; x_wconf 89' lang='lat' dir='ltr'>tum</span> <span class='ocrx_word' id='word_1_354' title='bbox 648 2667 684 2690; x_wconf 90' lang='lat' dir='ltr'>sc</span> <span class='ocrx_word' id='word_1_355' title='bbox 709 2656 782 2692; x_wconf 89' lang='lat' dir='ltr'>eius</span> <span class='ocrx_word' id='word_1_356' title='bbox 808 2656 856 2692; x_wconf 88' lang='lat' dir='ltr'>rei</span> <span class='ocrx_word' id='word_1_357' title='bbox 881 2668 996 2693; x_wconf 86' lang='lat' dir='ltr'>curam</span> <span class='ocrx_word' id='word_1_358' title='bbox 1023 2657 1057 2693; x_wconf 87' lang='lat' dir='ltr'>in</span> <span class='ocrx_word' id='word_1_359' title='bbox 1083 2669 1119 2692; x_wconf 87' lang='lat' dir='ltr'>se</span> <span class='ocrx_word' id='word_1_360' title='bbox 1145 2663 1360 2705; x_wconf 85' lang='lat' dir='ltr'>recepturum</span> <span class='ocrx_word' id='word_1_361' title='bbox 1386 2672 1463 2696; x_wconf 80' lang='lat' dir='ltr'>esse</span> <span class='ocrx_word' id='word_1_362' title='bbox 1488 2674 1567 2709; x_wconf 87' lang='lat' dir='ltr'>spo·</span> 
     </span>
     <span class='ocr_line' id='line_1_38' title="bbox 39 2715 1565 2767; baseline 0.003 -13"><span class='ocrx_word' id='word_1_363' title='bbox 39 2718 190 2765; x_wconf 90' lang='lat' dir='ltr'>spondit.</span> <span class='ocrx_word' id='word_1_364' title='bbox 223 2717 348 2763; x_wconf 75' lang='lat' dir='ltr'>Itaque</span> <span class='ocrx_word' id='word_1_365' title='bbox 383 2718 480 2751; x_wconf 84' lang='lat' dir='ltr'>tuum</span> <span class='ocrx_word' id='word_1_366' title='bbox 507 2715 572 2751; x_wconf 88' lang='lat' dir='ltr'>crit</span> <span class='ocrx_word' id='word_1_367' title='bbox 596 2719 658 2751; x_wconf 89' lang='lat' dir='ltr'>aut</span> <span class='ocrx_word' id='word_1_368' title='bbox 682 2715 731 2752; x_wconf 92' lang='lat' dir='ltr'>illi</span> <span class='ocrx_word' id='word_1_369' title='bbox 757 2720 819 2753; x_wconf 89' lang='lat' dir='ltr'>aut</span> <span class='ocrx_word' id='word_1_370' title='bbox 844 2716 926 2752; x_wconf 77' lang='lat' dir='ltr'>milii</span> <span class='ocrx_word' id='word_1_371' title='bbox 950 2717 1102 2754; x_wconf 85' lang='lat' dir='ltr'>animum</span> <span class='ocrx_word' id='word_1_372' title='bbox 1128 2718 1160 2754; x_wconf 93' lang='lat' dir='ltr'>in</span> <span class='ocrx_word' id='word_1_373' title='bbox 1189 2718 1252 2754; x_wconf 84' lang='lat' dir='ltr'>hac</span> <span class='ocrx_word' id='word_1_374' title='bbox 1277 2724 1372 2767; x_wconf 84' lang='lat' dir='ltr'>parte</span> <span class='ocrx_word' id='word_1_375' title='bbox 1398 2726 1496 2758; x_wconf 87' lang='lat' dir='ltr'>tuum</span> <span class='ocrx_word' id='word_1_376' title='bbox 1521 2723 1565 2758; x_wconf 91' lang='lat' dir='ltr'>si-</span> 
     </span>
     <span class='ocr_line' id='line_1_39' title="bbox 38 2776 1564 2824; baseline 0.003 -11"><span class='ocrx_word' id='word_1_377' title='bbox 38 2778 214 2823; x_wconf 82' lang='lat' dir='ltr'>guificare.</span> <span class='ocrx_word' id='word_1_378' title='bbox 264 2776 318 2811; x_wconf 85' lang='lat' dir='ltr'>De</span> <span class='ocrx_word' id='word_1_379' title='bbox 345 2780 462 2810; x_wconf 81' lang='lat' dir='ltr'>vetere</span> <span class='ocrx_word' id='word_1_380' title='bbox 486 2776 596 2811; x_wconf 83' lang='lat' dir='ltr'>amico</span> <span class='ocrx_word' id='word_1_381' title='bbox 622 2780 683 2812; x_wconf 91' lang='lat' dir='ltr'>tuo</span> <span class='ocrx_word' id='word_1_382' title='bbox 708 2776 738 2820; x_wconf 76' lang='lat'>⁴)</span> <span class='ocrx_word' id='word_1_383' title='bbox 774 2788 880 2824; x_wconf 85' lang='lat' dir='ltr'>ponas</span> <span class='ocrx_word' id='word_1_384' title='bbox 905 2778 1058 2819; x_wconf 78' lang='lat' dir='ltr'>omniuo,</span> <span class='ocrx_word' id='word_1_385' title='bbox 1086 2778 1131 2814; x_wconf 91' lang='lat' dir='ltr'>mi</span> <span class='ocrx_word' id='word_1_386' title='bbox 1157 2779 1320 2817; x_wconf 81' lang='lat' dir='ltr'>Alberte!</span> <span class='ocrx_word' id='word_1_387' title='bbox 1346 2793 1481 2818; x_wconf 86' lang='lat' dir='ltr'>omnem</span> <span class='ocrx_word' id='word_1_388' title='bbox 1506 2795 1564 2819; x_wconf 89' lang='lat' dir='ltr'>co-</span> 
     </span>
     <span class='ocr_line' id='line_1_40' title="bbox 36 2836 1564 2889; baseline 0.004 -16"><span class='ocrx_word' id='word_1_389' title='bbox 36 2838 251 2884; x_wconf 69' lang='lat' dir='ltr'>gitationen».</span> <span class='ocrx_word' id='word_1_390' title='bbox 278 2838 360 2873; x_wconf 86' lang='lat' dir='ltr'>Nou</span> <span class='ocrx_word' id='word_1_391' title='bbox 385 2848 517 2883; x_wconf 85' lang='lat' dir='ltr'>possem</span> <span class='ocrx_word' id='word_1_392' title='bbox 545 2836 608 2873; x_wconf 84' lang='lat' dir='ltr'>tibi</span> <span class='ocrx_word' id='word_1_393' title='bbox 631 2841 733 2872; x_wconf 86' lang='lat' dir='ltr'>autor</span> <span class='ocrx_word' id='word_1_394' title='bbox 757 2849 832 2873; x_wconf 85' lang='lat' dir='ltr'>csse</span> <span class='ocrx_word' id='word_1_395' title='bbox 859 2838 1085 2885; x_wconf 86' lang='lat' dir='ltr'>prosequendi</span> <span class='ocrx_word' id='word_1_396' title='bbox 1104 2851 1180 2876; x_wconf 86' lang='lat' dir='ltr'>cum</span> <span class='ocrx_word' id='word_1_397' title='bbox 1201 2840 1260 2876; x_wconf 90' lang='lat' dir='ltr'>illo</span> <span class='ocrx_word' id='word_1_398' title='bbox 1273 2843 1564 2889; x_wconf 82' lang='lat' dir='ltr'>negotii‚ctiamsi</span> 
     </span>
     <span class='ocr_line' id='line_1_41' title="bbox 39 2897 1563 2950; baseline 0.005 -18"><span class='ocrx_word' id='word_1_399' title='bbox 39 2902 154 2945; x_wconf 72' lang='lat' dir='ltr'>posset</span> <span class='ocrx_word' id='word_1_400' title='bbox 188 2897 384 2932; x_wconf 78' lang='lat' dir='ltr'>succedere.</span> <span class='ocrx_word' id='word_1_401' title='bbox 436 2897 574 2932; x_wconf 72' lang='lat' dir='ltr'>Dictum</span> <span class='ocrx_word' id='word_1_402' title='bbox 616 2903 700 2944; x_wconf 83' lang='lat' dir='ltr'>puta</span> <span class='ocrx_word' id='word_1_403' title='bbox 722 2897 763 2943; x_wconf 85' lang='lat'>⁵).</span> <span class='ocrx_word' id='word_1_404' title='bbox 812 2898 848 2932; x_wconf 74' lang='lat' dir='ltr'>Si</span> <span class='ocrx_word' id='word_1_405' title='bbox 875 2898 1066 2946; x_wconf 70' lang='lat' dir='ltr'>Episcopus</span> <span class='ocrx_word' id='word_1_406' title='bbox 1092 2900 1222 2947; x_wconf 78' lang='lat' dir='ltr'>aliquid</span> <span class='ocrx_word' id='word_1_407' title='bbox 1250 2901 1418 2950; x_wconf 75' lang='lat' dir='ltr'>cogitabit</span> <span class='ocrx_word' id='word_1_408' title='bbox 1445 2904 1487 2937; x_wconf 82' lang='lat' dir='ltr'>de</span> <span class='ocrx_word' id='word_1_409' title='bbox 1513 2905 1563 2939; x_wconf 91' lang='lat' dir='ltr'>iu·</span> 
     </span>
    </p>
   </div>
  </div>
 </body>
</html>
