1830 3147
322 125 395 161 542
848 129 939 157 οη.
971 127 1078 156 Ech.
1109 127 1208 156 nun.

322 235 625 278 succumbamus,
666 233 729 272 sed
771 234 879 271 firma
926 232 1000 270 fide
1036 235 1253 270 constanter
1288 233 1512 282 pugnantes,
1549 241 1725 268 coronam

322 312 577 352 assequamur.

959 361 1009 400 Q.
1039 363 1100 400 91.

375 426 479 466 Quid
517 426 647 465 ultima
685 425 867 477 petitione
906 424 1112 474 significas,
1149 437 1230 461 cum
1268 422 1415 474 inquis:
1446 421 1582 462 Libera
1611 434 1681 459 nos
1707 433 1728 458 a

323 493 450 531 malo?

1007 552 1054 592 R.

42 639 232 674 roa11nis.8.
375 620 469 657 Cum
509 618 693 656 Diabolus
729 617 836 666 origo
874 617 922 654 sit
949 620 985 654 et
1012 617 1098 654 fons
1127 615 1294 654 omnium
1323 629 1521 667 pravarum
1550 613 1729 652 tentatio-

41 683 179 757 ἒΡθῖζξὲ
204 684 232 713 5·
324 698 426 729 num,
468 684 543 721 imo
571 682 668 720 nihil
697 694 773 719 non
800 681 986 718 malorum
1016 680 1062 718 ab
1091 680 1157 717 illo
1187 680 1352 718 dimanet
1380 682 1442 728 (ac
1470 678 1731 724 diffundatur),

68 737 86 757 u
91 744 191 759 ”””””
325 749 486 801 petimus
522 752 563 786 ut
601 747 711 785 fortis
748 747 823 789 ille,
859 745 958 783 Deus
989 745 1159 783 coelestis
1190 746 1296 782 Pater
1325 750 1464 789 nostcr,
1493 757 1574 790 nos,
1603 748 1681 781 tum
1711 755 1730 780 a

328 814 501 859 Diabolo,
538 817 620 850 tum
654 825 673 849 a
711 810 863 848 laethali
901 809 1099 859 tyrannide
1127 809 1220 854 eius,
1246 814 1412 860 peccato,
1440 814 1558 846 morte
1585 811 1622 846 et
1650 820 1731 844 om-

325 878 435 916 nibus
464 876 632 928 corporis
661 876 879 926 animaeque
908 874 1016 912 malis
1047 875 1247 911 clementer
1275 874 1406 911 liberet
1434 878 1470 910 ct
1498 872 1645 923 eripiat.
1700 916 1703 919 ,

965 939 1013 978 Q.
1045 942 1108 978 92.

378 1007 481 1045 Quid
511 1005 583 1043 sibi
612 1006 691 1043 vult
720 1005 820 1050 haec,
841 1017 934 1055 quae
953 1017 972 1041 a
995 1003 1145 1041 Christo
1166 1002 1309 1040 adiecta
1328 1007 1396 1046 est,
1416 1001 1601 1039 clausula:
1633 1000 1733 1038 Quia

326 1076 432 1109 tuum
459 1074 515 1109 est
544 1084 716 1120 regnum,
756 1074 791 1107 et
819 1068 986 1120 potentia
1014 1072 1050 1106 et
1076 1068 1197 1117 gloria
1226 1067 1264 1104 in
1293 1066 1440 1104 saecula
1470 1065 1733 1103 saeculorum?

1010 1133 1056 1172 R.

41 1215 160 1248 Psam„
184 1214 233 1246 50.
379 1199 569 1238 Quoniam
608 1211 778 1248 regnum,
816 1198 984 1247 [ornnem]
1021 1197 1227 1248 potentiam
1267 1200 1302 1234 et
1329 1195 1489 1245 gloriam
1519 1195 1635 1232 solius
1664 1194 1733 1232 Dei

43 1258 161 1332 ξῖἒέἔῑέ
183 1258 254 1330 ὲο3·
328 1277 408 1302 esse
444 1269 605 1307 constat,
643 1267 869 1313 nostraeque
905 1275 1031 1310 preces
1068 1262 1146 1299 sola
1183 1261 1261 1298 eius
1298 1260 1466 1312 potentia
1502 1264 1538 1297 et
1567 1259 1736 1296 bonitate

43 1342 119 1374 Luc.
142 1343 172 1375 4
209 1324 214 1332 ’
330 1330 421 1379 [per
463 1328 670 1376 Christum]
709 1326 879 1364 suffultae
916 1332 1017 1371 sunt,
1054 1339 1248 1363 monemus
1276 1325 1394 1371 illum,
1424 1330 1464 1361 ut
1493 1324 1537 1361 ad
1569 1323 1734 1362 nominis

330 1395 387 1432 sui
425 1394 571 1431 laudem
608 1406 735 1444 preces
773 1397 920 1430 nostras
958 1391 1146 1435 (exaudiat,
1176 1404 1316 1442 nosque
1344 1391 1492 1428 tandem
1523 1403 1542 1426 a
1575 1389 1733 1426 Diabolo

329 1458 518 1496 communi
546 1458 710 1507 [nostro]
742 1457 859 1501 hoste,
886 1457 952 1507 qui
980 1456 1053 1494 sibi
1081 1469 1227 1493 omnem
1253 1455 1503 1507 principatum
1525 1459 1560 1492 et
1576 1454 1735 1503 gloriam

331 1523 521 1567 asscribit,
550 1522 708 1560 liberare
735 1521 925 1571 dignetur.

973 1649 1023 1687 Q..
1053 1651 1112 1687 93.

384 1716 508 1765 (Quid
536 1715 629 1753 illud
660 1720 704 1756 τῇ
736 1717 856 1753 Amen
894 1714 1129 1763 significat?)
1159 1713 1282 1762 [Quid
1307 1711 1488 1760 inbelliqz's
1516 1712 1578 1748 sub
1607 1710 1739 1748 vocula

333 1783 404 1820 illa
437 1781 616 1819 “Amen''
641 1780 865 1818 ritecuivis
890 1779 1101 1828 precationi
1130 1780 1167 1815 in
1185 1780 1268 1828 fine
1295 1776 1547 1825 subiunyenda
1558 1775 1596 1824 ?]

1014 1842 1060 1880 R.

53 1933 69 1964 1
93 1931 239 1965 Corinth.
261 1931 289 1964 2·
387 1911 490 1948 Idem
521 1910 630 1953 valet,
657 1921 701 1946 ac
729 1908 760 1946 si
780 1908 904 1946 dicas:
932 1907 978 1945 Id
1002 1907 1096 1945 faxit
1117 1906 1229 1951 Deus,
1250 1905 1348 1943 sive:
1369 1904 1412 1941 Id
1432 1904 1510 1948 fiat,
1525 1906 1589 1941 aut
1608 1901 1740 1940 etiam:

337 1975 380 2011 Id
413 1979 512 2012 certo
543 1975 712 2012 futurum
742 1976 810 2009 est.

970 2036 1020 2074 (2.
1050 2038 1110 2079 94,

392 2103 496 2141 Quid
526 2107 652 2140 monet
681 2114 750 2140 nos
781 2101 869 2139 haec
900 2099 1138 2150 (explicatio)
1168 2096 1464 2147 [siqnifleacioss

1023 2164 1069 2202 R.

53 2238 245 2270 Psalm.61.
391 2229 446 2267 Ut
491 2242 620 2267 omncs
666 2228 900 2279 precationes
945 2226 1091 2264 ardenti
1136 2225 1295 2273 (cordis)
1333 2222 1527 2273 desyderio
1567 2222 1745 2270 firmaque

54 2280 268 2354 ffl‘ssffffi‘isill'jh
344 2294 504 2342 [cordis]
535 2294 618 2337 fide,
647 2293 693 2330 ad
722 2293 840 2330 Deum
871 2292 1091 2341 dirigamus,
1118 2295 1153 2328 ct
1182 2291 1220 2327 in
1259 2288 1395 2326 divinis
1432 2285 1744 2338 promissionibus

56 2364 176 2396 Iacobi.
203 2367 228 2396 l.
342 2358 619 2408 acquiescentes
658 2357 754 2394 nihil
793 2357 1019 2402 dubitemus,
1057 2355 1147 2406 quin
1188 2354 1287 2391 Dcus
1326 2353 1435 2389 Pater
1463 2363 1527 2401 per
1555 2349 1742 2386 Christum

342 2422 458 2460 filium
488 2436 594 2461 suum
624 2435 774 2473 praeces
804 2425 952 2459 nostras
981 2419 1200 2458 exaudierit.

862 2574 990 2623 (4052
1021 2580 1073 2626 τῷ
1104 2574 1218 2624 Θὲῷ.)
