1830 3147
76 745 166 776 Rom.
191 743 221 777 6.

79 1281 96 1313 1
120 1280 194 1314 Cor.
219 1280 268 1313 12.

80 2125 185 2160 Math.
207 2125 257 2159 28.

83 2392 182 2425 Gene.
205 2390 255 2424 17.

87 2721 161 2754 Cor.
183 2718 213 2753 7.

87 2764 177 2795 Gala.
202 2763 232 2795 3.

86 2808 171 2838 Mur.
197 2804 245 2836 lO.

87 2850 184 2882 Gene.
206 2843 258 2881 17.

362 104 438 140 464
842 111 1016 139 CATECH.
1047 111 1157 140 Ech.
1185 110 1302 139 nom).

361 214 408 253 ab
446 214 552 253 omni
578 214 711 253 innata
737 214 956 266 impuritate
990 215 1154 262 lustrati,
1181 214 1336 266 eiusque
1363 216 1485 251 morte
1512 226 1533 250 a
1561 225 1679 263 regno
1708 213 1778 252 Sa·

361 279 499 318 thanac
525 279 704 331 omnique
732 279 1047 318 condemnatione
1074 279 1225 317 liberati
1253 291 1394 317 sumus.
1424 277 1513 315 Hoc
1539 282 1663 316 autem
1690 277 1778 316 uni-

362 344 498 396 cuique
538 348 711 383 nostrum
748 344 788 382 in
826 343 1015 396 baptismo
1053 344 1255 382 visibiliter
1284 343 1332 382 ob
1362 343 1492 381 oculos
1520 342 1685 394 ponitur,
1713 343 1778 381 de-

362 409 526 448 claratur
553 413 602 455 et,
629 414 671 448 ut
699 422 770 448 nos
799 408 1022 455 diceremus,
1049 409 1286 458 obsignatur.

932 538 1074 577 Interr.
1104 540 1191 577 231.

413 604 610 644 Quaenam
639 607 827 655 praeterea
858 616 968 642 causa
996 608 1053 641 est
1080 603 1267 654 Baptismi
1296 601 1575 641 institutionis?

1011 669 1125 720 Resp.

414 735 511 772 Eum
538 733 688 773 assidue
717 733 863 772 hortari
892 747 961 772 nos
990 738 1102 784 atque
1129 732 1288 771 incitare
1315 732 1361 770 ad
1391 731 1643 770 obedientiam
1671 743 1780 768 man·

361 800 532 838 datorum
565 799 646 845 Dei,
672 805 714 837 ut
742 803 907 850 peccatis
936 799 1142 836 moriamur
1171 801 1207 835 et
1236 797 1439 835 Dominum
1460 802 1631 835 nostrum
1653 796 1779 834 Iesum

360 866 399 904 in
428 878 526 903 nova
554 866 631 902 vita
658 864 778 913 magis
803 863 999 915 magisque
1026 863 1238 909 induamus,
1265 863 1371 911 (841³)
1400 862 1430 899 si
1450 866 1619 900 nostram
1638 860 1780 911 alioqui

362 931 549 982 baptismo
576 928 688 967 nobis
716 928 956 978 obsignatam
987 941 1071 966 cum
1103 927 1254 965 Christo
1275 926 1580 965 communionem
1601 938 1687 964 vera
1706 924 1780 963 fide

361 994 617 1045 agnoscimus.

948 1056 1093 1096 Interr.
1123 1059 1212 1096 232.

414 1126 613 1166 Quaenam
640 1124 752 1163 tertia
781 1136 891 1162 causa
919 1126 975 1161 est
1004 1121 1182 1173 baptismi
1209 1121 1405 1159 instituti?

1017 1186 1131 1237 Resp.

417 1256 514 1294 Eum
552 1267 695 1300 omnes,
735 1256 922 1305 quotquot
960 1252 1006 1290 ad
1045 1250 1202 1289 Domini
1230 1249 1360 1288 foedus
1389 1248 1612 1301 pertineant,
1638 1259 1713 1285 una
1740 1246 1779 1285 in

366 1333 482 1359 unum
518 1332 653 1371 corpus
691 1318 880 1367 colligere,
907 1328 1044 1367 eosque
1073 1329 1147 1353 una
1177 1327 1259 1352 cum
1288 1326 1417 1351 eorum
1447 1312 1588 1351 semine
1616 1310 1662 1348 ab
1692 1323 1776 1348 om-

365 1385 478 1424 nibus
522 1384 687 1429 Iudaeis,
733 1382 894 1420 ethnicis
938 1385 1051 1432 atque
1089 1379 1200 1417 sectis
1238 1378 1469 1427 distinguere
1503 1376 1672 1426 adeoque
1708 1375 1778 1412 sub

366 1449 518 1487 Christo
548 1447 713 1486 Domino
741 1447 780 1485 in
809 1446 889 1484 solo
919 1457 1006 1483 vero
1035 1443 1106 1482 Dei
1135 1443 1237 1481 cultu
1267 1442 1474 1481 continere.

605 1682 648 1731 (Ι
701 1680 780 1718 DE
808 1676 1094 1717 BAPTISMO
1123 1672 1529 1714 PARVULORUM.

945 1900 1085 1939 Interr.
1116 1902 1202 1938 233.

416 1971 662 2012 Quibusnam
687 1968 746 2006 ius
775 1965 957 2018 baptismi
984 1965 1067 2003 est?

1012 2030 1127 2081 Resp.

416 2103 470 2141 Iis
499 2100 688 2146 omnibus,
718 2097 783 2149 qui
813 2096 1045 2134 destinatum
1075 2093 1149 2132 sibi
1177 2092 1318 2130 babent
1345 2089 1478 2128 foedus
1498 2087 1569 2126 Dei
1587 2091 1623 2125 et
1640 2084 1780 2123 doctri-

364 2182 453 2208 nam
490 2165 611 2206 sancti
646 2161 862 2212 Euangeffi,
889 2163 992 2209 (85³)
1029 2159 1152 2211 qualis
1187 2158 1235 2195 ab
1264 2155 1460 2207 Apostolis
1489 2152 1684 2201 divulgata
1712 2153 1781 2189 est.

365 2233 517 2273 Etenim
552 2231 610 2269 fas
651 2232 707 2267 est
745 2227 895 2276 signum
933 2224 1039 2276 sequi
1074 2237 1152 2261 rem
1191 2221 1427 2271 designatam
1463 2221 1576 2270 (quae
1611 2216 1649 2253 in
1679 2215 1781 2252 hisee

366 2297 609 2351 praecipuum
643 2294 771 2331 locum
806 2294 927 2337 tenet)
963 2294 998 2327 et
1026 2288 1193 2338 sigillum
1220 2284 1497 2338 promissionis,
1524 2286 1566 2320 ut
1594 2281 1642 2319 ab
1669 2279 1781 2317 initio

366 2364 455 2403 inde
482 2365 522 2401 in
551 2363 681 2400 sancta
708 2356 878 2394 Ecclesia
907 2353 1087 2406 exemplis
1115 2353 1408 2390 demonstratur.
1649 2347 1655 2351 ’

946 2483 1086 2522 Interr,
1116 2484 1204 2520 234.

420 2561 482 2597 An
508 2557 626 2607 igitur
651 2553 818 2607 parvulis
847 2562 997 2602 quoque
1022 2548 1082 2585 ius
1109 2545 1289 2598 baptismi
1316 2544 1400 2583 est?

1018 2614 1131 2663 Resp.

422 2685 666 2725 Hauddubie‚
721 2682 852 2721 Quum
889 2678 988 2716 enim
1024 2675 1171 2728 parvuli
1199 2686 1350 2733 quoque
1377 2671 1415 2708 in
1443 2668 1615 2707 Ecclesia
1645 2667 1715 2706 Dei
1742 2667 1781 2705 in

371 2751 521 2791 foedere
557 2749 627 2788 Dei
670 2743 1046 2797 comprehendantur,
1094 2739 1315 2778 sententiam
1357 2734 1545 2786 sequimur
1580 2733 1700 2770 totius
1734 2732 1780 2770 ab

373 2815 643 2868 Apostolorum
688 2812 776 2850 inde
815 2804 985 2860 tempore
1022 2805 1260 2844 Christianae
1294 2799 1499 2845 Ecclesiae,
1536 2811 1555 2836 a
1594 2797 1781 2849 baptismo

374 2880 556 2921 arcendos
583 2891 647 2916 eos
675 2889 751 2915 non
779 2887 872 2919 esse,
899 2870 1115 2924 praesertim
1147 2867 1325 2921 quoniam
1348 2864 1474 2902 divina
1498 2862 1673 2900 voluntas
1691 2860 1780 2902 satis
