1830 3147
1582 151 1653 188 251

120 259 290 297 Psalmus
317 262 503 297 extremus
532 258 763 302 decantetur,
792 258 943 309 prodire
970 258 1152 297 iubentur
1181 260 1446 299 contrahentes
1473 261 1653 300 inlocum

117 325 229 374 paulo
265 324 482 362 aeditiorem
521 337 646 361 coram
685 324 873 362 Ministris
909 329 945 362 et
983 324 1218 371 Senioribus,
1253 332 1292 364 ut
1328 340 1349 364 a
1376 330 1458 364 tota
1484 326 1655 380 Ecclesia

119 388 286 439 conspici
321 387 481 439 possint,
517 393 628 438 atque
657 388 736 425 illic
764 389 803 426 in
831 389 949 427 totius
977 388 1169 427 Ecclesiae
1197 394 1411 442 prospectu-
1428 391 1656 437 constitutis,

120 453 294 492 Minister
337 457 422 491 ante
464 453 590 490 onmia
632 453 841 491 Ecclesiam
888 453 1007 504 ipsam
1044 453 1250 505 alloquitur
1286 455 1397 494 claris
1432 459 1469 495 et
1505 456 1655 495 disertis

118 518 242 556 verbis
269 518 308 556 in
337 517 438 555 hunc
472 518 538 569 qui
566 519 734 569 sequitur
762 518 928 557 modum.

168 649 461 687 Admonitio
498 649 550 688 ad
587 649 855 689 Ecclesiam
892 650 940 688 in
976 650 1178 702 publica
1210 651 1516 692 Matrimonii
1546 667 1653 693 con·

118 714 396 753 iunctione.

172 841 283 879 aviri
318 842 451 880 fratres
487 855 531 879 ac
567 855 713 880 sorores
750 843 788 880 in
827 842 990 881 Domino
1019 848 1055 882 et
1083 845 1298 896 quicunque
1325 850 1513 897 praeterea
1539 849 1651 897 (576)

117 907 179 944 hic
206 906 362 945 adestis!
416 907 645 958 Iampridem
680 908 852 952 audistis,
890 908 971 954 hos,
1006 910 1071 961 qui
1095 923 1199 948 nunc
1237 924 1321 948 ecce
1349 911 1388 949 in
1418 917 1540 949 vestro
1570 926 1653 950 om-

118 972 219 1010 nium
248 977 452 1024 conspectu
479 973 643 1018 adstant,
671 973 721 1011 N.
751 978 786 1011 et
816 974 880 1020 N.,
906 975 1134 1013 unanimiter
1162 975 1199 1013 id
1228 977 1429 1027 postulare,
1457 982 1498 1015 ut
1527 991 1652 1016 coram

117 1040 225 1074 coetu
253 1036 325 1073 hoc
353 1041 492 1079 vestro,
517 1041 761 1088 posteaquam
791 1039 934 1076 nullum
966 1039 1146 1077 hactenus
1182 1041 1390 1090 legitimum
1422 1043 1653 1081 matrimonii

114 1101 280 1151 ipsorum
315 1101 626 1152 impedimentum
661 1108 717 1140 est
754 1116 773 1139 a
811 1116 1001 1154 quoquam
1039 1105 1279 1155 productum,
1312 1106 1350 1144 in
1389 1107 1541 1145 nomine
1577 1108 1652 1146 iam

114 1166 266 1204 tandem
302 1165 372 1204 Dei
407 1167 524 1218 patris
561 1171 597 1205 et
625 1166 714 1204 Filii
742 1171 778 1205 et
806 1169 969 1219 Spiritus
997 1170 1117 1207 sancti
1147 1171 1435 1221 coniungantur.
1490 1173 1654 1212 Proinde

116 1230 248 1268 horum
285 1243 351 1268 vos
388 1231 463 1268 iam
500 1231 668 1268 omnium
713 1236 825 1270 testes
852 1246 944 1275 esse,
972 1238 1008 1271 et
1035 1234 1268 1272 adorandum
1296 1241 1485 1286 praeterea
1513 1250 1650 1276 nomen

116 1295 185 1333 Dei
230 1309 339 1347 super
385 1296 649 1334 contrahentes
693 1296 786 1334 istos
825 1298 863 1335 in
902 1298 1034 1336 vestris
1073 1299 1250 1338 cordibus
1287 1301 1505 1352 suppliciter
1541 1302 1651 1340 invo-

114 1373 196 1398 care
233 1360 389 1408 debetis,
419 1366 458 1399 ut
487 1361 557 1398 hoc
585 1361 751 1412 ipsorum
782 1362 1065 1401 matrimonium
1094 1377 1158 1415 per
1187 1369 1358 1402 nostrum
1388 1366 1652 1410 ministerium,

114 1440 197 1464 cum
236 1427 373 1465 virtute
408 1432 443 1465 et
480 1431 664 1478 potestate
694 1427 848 1465 Domini
877 1429 997 1467 nostri
1026 1430 1113 1468 Iesu
1141 1430 1285 1469 Christi
1312 1431 1492 1470 adversus
1521 1446 1651 1470 omnes

113 1492 273 1529 Satanae
310 1496 466 1530 conatus
504 1492 694 1530 sanciatur
729 1496 765 1529 et
803 1493 1054 1543 coniungatur
1091 1495 1138 1533 ad
1173 1496 1334 1544 gloriam
1372 1495 1491 1534 divini
1526 1497 1649 1534 nomi-

113 1556 186 1601 nis,
220 1556 268 1594 ad
305 1557 461 1594 salutem
498 1557 744 1607 ipsorummet
780 1558 1085 1597 contrahentium
1122 1564 1158 1597 et
1194 1560 1241 1597 ad
1277 1560 1470 1599 Ecclesiae
1510 1561 1650 1599 Christi

112 1621 421 1661 aedificationem.
452 1622 615 1661 Amen.''

164 1749 354 1788 Absoluta
383 1751 452 1788 hac
479 1751 815 1797 admonitiuncula,
843 1752 987 1790 accedit
1008 1753 1181 1792 Minister
1198 1753 1246 1792 ad
1265 1755 1367 1806 ipsos
1384 1759 1648 1805 contra-(577)

113 1813 254 1859 hentes,
289 1820 329 1852 ut
364 1828 439 1852 una
477 1828 560 1853 cum
597 1816 651 1853 eis
688 1829 708 1853 a
735 1820 816 1854 tota
846 1817 1016 1855 Ecclesia
1044 1819 1211 1870 conspici
1238 1825 1274 1857 et
1303 1821 1497 1859 commode
1526 1822 1647 1860 audiri

108 1879 220 1916 etiam
255 1879 388 1930 possit,
422 1879 674 1932 impositoque
707 1881 856 1919 silentio
886 1887 922 1920 et
960 1895 1139 1921 conversa
1176 1884 1224 1922 ad
1254 1885 1518 1924 contrahentes
1545 1887 1648 1938 ipsos

109 1943 290 1990 oratione,
328 1944 474 1982 orditur
509 1958 613 1983 suam
650 1945 698 1983 ad
733 1946 820 1984 illos
856 1946 1166 1995 admonitionem,
1204 1949 1242 1987 in
1272 1963 1345 2001 qua
1375 1951 1466 1989 haec
1492 1951 1646 2002 potissi-

110 2022 212 2046 mum
238 2012 447 2046 tractantur
475 2022 543 2060 pro
574 2023 616 2047 co
645 2023 688 2047 ac
714 2014 861 2062 tempus
890 2011 928 2049 id
954 2013 1150 2063 permittit.

162 2141 516 2189 Argumentum
563 2141 924 2180 admonitionis
966 2143 1022 2180 ad
1069 2143 1430 2182 contrahentes
1477 2145 1525 2183 in
1571 2159 1646 2196 pu-

112 2203 242 2242 blica
269 2204 493 2255 ipsorum
521 2205 892 2245 coniunctione.

162 2335 262 2372 Ante
299 2334 427 2372 omnia
461 2335 675 2384 gratulatur
716 2336 888 2374 minister
924 2336 1015 2387 ipsis
1053 2337 1378 2383 contrahentibus,
1414 2338 1584 2411 adeoque
1611 2345 1648 2379 et

110 2400 320 2450 coniugatis
345 2400 386 2438 in
414 2400 583 2438 Ecclesia
610 2401 799 2448 omnibns,
825 2401 869 2440 de
896 2402 1062 2453 ipsorum
1091 2402 1281 2449 felicitate,
1308 2404 1411 2455 quod
1439 2404 1541 2456 ipsos
1565 2405 1646 2443 Do-

110 2466 234 2504 minus
270 2465 318 2503 ad
355 2466 426 2503 hoc
463 2465 559 2503 vitae
595 2479 713 2515 genus
740 2480 808 2518 pro
837 2481 903 2511 sua
931 2467 1189 2506 misericordia
1225 2470 1382 2508 vocarit.
1424 2470 1537 2510 Esse
1542 2471 1645 2509 enim

110 2530 181 2567 hoc
218 2530 316 2568 vitae
350 2543 469 2579 genus
505 2530 701 2575 eiusmodi,
729 2536 770 2569 ut
795 2531 861 2569 illo
888 2520 929 2570 fh
957 2533 1064 2570 terris
1094 2533 1198 2571 iuxta
1225 2533 1344 2584 ipsam
1376 2535 1490 2573 creati
1516 2549 1537 2574 a
1567 2535 1645 2574 Deo

111 2595 275 2634 hominis
313 2600 500 2639 naturam,
533 2609 653 2646 neque
687 2597 831 2646 gratius
871 2598 986 2636 ullum
1021 2597 1114 2644 Deo,
1151 2612 1272 2650 neque
1299 2599 1451 2638 homine
1477 2601 1559 2652 ipso
1589 2602 1647 2639 di-

109 2660 236 2710 gnius,
263 2672 383 2711 neque
410 2660 498 2697 item
528 2660 675 2698 felicius
703 2662 780 2699 ullo
810 2662 924 2701 modo
951 2676 1032 2700 esse
1058 2666 1182 2714 queat.
1221 2663 1267 2701 Id
1296 2677 1381 2702 vero
1409 2666 1573 2716 explicat
1598 2667 1645 2704 ad

111 2725 214 2763 hunc
241 2725 408 2763 modum.

161 2791 194 2827 1.
252 2788 538 2826 Matrimonium
574 2803 653 2827 esse
689 2792 856 2829 omniurn
893 2792 1150 2841 gratissimum
1185 2793 1226 2831 in
1262 2795 1371 2832 terris
1400 2795 1499 2832 vitae
1525 2809 1645 2845 genus

109 2852 202 2897 Deo,
230 2852 268 2890 id
299 2853 440 2891 clarum
468 2867 548 2891 esse
575 2867 620 2892 ex
648 2854 724 2893 illis
752 2855 821 2894 Dei
849 2857 995 2895 verbis:
1027 2857 1147 2895 nNon
1176 2862 1231 2896 est
1257 2859 1398 2897 bonum
1429 2859 1586 2900 homini.
1607 2865 1646 2897 ut

109 2917 156 2955 sit
184 2917 323 2957 solus”.
353 2918 468 2956 Quod
495 2918 595 2957 enim
625 2919 685 2957 hic
714 2919 813 2960 Deus
843 2921 985 2959 homini
1002 2922 1302 2968 convenientius,
1320 2923 1465 2970 utilius,
1484 2924 1644 2978 denique
