1830 3147
821 98 890 136 677
1345 90 1405 139 [A.
1433 89 1478 126 D.
1503 86 1614 134 1553]

80 213 134 249 nis
169 212 280 260 palam
314 214 350 248 iu
384 210 552 247 concione
584 208 774 250 ‹laum-avit,
816 208 853 242 et
886 205 1092 252 quicunque
1132 200 1412 250 genuflexionem
1439 199 1474 235 in
1499 211 1607 235 coena

78 286 294 323 quocunque
324 272 465 309 tandem
499 270 602 307 modo
637 268 810 306 ferendam
845 279 920 304 esse
953 266 1121 309 dicerent,
1153 276 1273 301 omnes
1296 262 1478 309 chirurgos
1503 260 1606 297 Anti-

79 336 202 372 christi
228 347 303 371 esse
327 331 584 382 pronuntiavit.
635 331 832 374 Postremo,
865 327 1054 365 articulum
1086 327 1124 362 in
1149 324 1306 374 symbolo
1341 323 1414 364 ,de
1439 323 1607 360 descensu

79 396 211 433 Christi
238 395 280 431 ad
299 394 428 431 inferos
439 394 460 410 ''
485 392 741 441 plantationem
766 404 786 426 a
813 389 964 426 Domino
990 401 1060 424 non
1086 387 1280 435 plantatam
1305 387 1341 422 et
1366 384 1512 433 proinde
1537 395 1609 420 era-

77 456 258 495 dicandam
283 468 358 492 esse
383 454 515 492 docuit.
541 453 755 490 Admonitus
782 452 907 489 horum
933 451 1090 488 omnium
1114 462 1174 497 per
1199 461 1263 485 nos
1289 450 1325 484 et
1349 447 1503 483 seniores
1521 445 1610 482 utri-

77 531 190 567 usque
214 517 390 554 Ecclesiae
415 529 544 559 omnes,
571 520 651 564 post
676 514 815 561 longam
840 512 1165 560 tergiversationem
1189 510 1327 558 culpam
1352 509 1492 545 tandem
1511 520 1609 543 suam

79 581 114 617 in
138 583 244 617 coetu
269 579 441 615 seniorem
465 578 624 625 agnovit,
652 589 721 613 non
748 579 890 612 tantum
916 574 1011 622 quod
1037 586 1129 610 nova
1154 572 1222 608 ista
1247 572 1410 619 dogmata
1434 570 1524 618 apud
1550 583 1610 617 po-

79 641 202 689 pulum
219 641 415 689 sparsisset,
442 652 533 687 quae
560 639 675 675 Verbo
697 638 763 674 Dei
782 636 961 673 infundari
977 637 1007 683 6)
1025 634 1160 682 alioqui
1177 646 1247 670 non
1265 636 1421 681 possent,
1439 632 1499 669 sed
1517 631 1611 680 quod

79 703 185 740 etiam
211 705 379 750 concepta
413 701 456 737 de
489 700 592 737 nobis
628 699 790 736 omnibus
823 697 911 734 mala
938 696 1135 744 suspicione
1162 695 1344 731 nobiscum
1369 693 1412 730 de
1437 693 1490 729 his
1514 693 1613 741 prius

82 765 239 802 noluerit
256 766 526 801 communicare.
554 763 603 798 At
623 774 704 798 vero
721 760 820 797 illum
841 761 906 796 iam
925 759 1065 805 agnitae
1083 757 1205 805 culpae
1222 757 1326 793 huius
1343 768 1426 792 suae
1444 756 1614 803 poenitet,

80 829 117 863 et
143 826 340 874 quaeritur,
366 838 402 860 se
427 826 464 860 in
490 822 710 872 agnoscenda
734 821 838 869 culpa
862 833 925 856 sua
951 819 1111 856 humanis
1133 818 1329 854 rationibus
1353 818 1483 866 potius,
1507 829 1612 864 quam

82 887 190 923 Verbi
204 886 327 922 Divini
343 885 538 922 autoritate
558 895 758 932 persuasum
779 882 897 926 fuisse,
923 894 1002 917 eum
1028 887 1144 916 tamen
1169 893 1274 916 manu
1292 879 1364 927 ipse
1381 891 1444 915 sua
1461 882 1616 915 testatus

83 948 143 991 sit,
178 960 215 984 se
240 950 381 983 nostrae
406 946 586 982 doctrinae
610 956 791 981 assensum
817 956 891 979 esse
916 943 951 978 in
977 941 1130 984 Christo,
1156 941 1257 977 iuxta
1282 940 1426 977 verbum
1440 941 1506 977 Dei
1521 943 1556 976 et
1574 953 1617 977 ex

81 1010 210 1046 animo.
247 1008 358 1044 Hisce
387 1007 477 1044 enim
506 1006 621 1042 verbis
646 1005 826 1041 doctrinae
851 1007 994 1040 nostrae
1020 1004 1177 1040 omnium
1194 1015 1299 1038 manu
1317 1015 1379 1038 sua
1398 1002 1618 1050 subscripsit,

83 1072 192 1117 atque
216 1081 276 1105 ore
295 1068 441 1116 ipsemet
467 1080 530 1104 suo
558 1067 634 1102 Deo
659 1065 761 1102 Patri
786 1068 910 1102 nostro
935 1077 996 1112 per
1021 1064 1203 1100 Christum
1228 1063 1346 1100 Iesum
1373 1064 1409 1099 in
1434 1067 1540 1099 coetu
1565 1076 1619 1099 se-

84 1131 224 1168 niorum
256 1129 413 1166 omnium
445 1128 575 1176 gratias
609 1128 682 1175 egit
708 1139 778 1163 non
804 1127 855 1163 ita
881 1126 993 1162 multo
1020 1128 1112 1174 post,
1146 1124 1241 1172 quod
1275 1125 1308 1161 ei
1333 1137 1485 1161 errorem
1511 1137 1614 1161 suum

86 1193 123 1228 in
150 1191 212 1227 hae
239 1203 302 1226 sua
327 1189 508 1226 nobiscum
535 1188 777 1225 controversia
810 1200 870 1234 per
896 1187 1067 1235 Spiritum
1094 1186 1262 1222 Sanctum
1288 1199 1392 1222 suum
1416 1186 1618 1223 revelasset.

85 1252 133 1289 Et
166 1255 281 1288 tamen
322 1250 409 1287 nihil
447 1262 540 1286 nunc
573 1251 658 1285 sunt
689 1248 782 1297 apud
816 1248 914 1284 illum
949 1248 1032 1284 haec
1057 1248 1184 1291 omnia,
1221 1251 1257 1284 et
1282 1260 1372 1295 quae
1397 1260 1433 1283 se
1458 1249 1555 1296 prius
1581 1248 1619 1285 in

86 1312 227 1348 Christo
264 1312 364 1347 iuxta
390 1310 535 1347 verbum
563 1310 629 1346 Dei
668 1313 704 1346 et
730 1309 866 1358 Spiritu
899 1309 1028 1345 Sancto
1067 1311 1191 1345 autore
1224 1309 1336 1355 egisse
1361 1309 1506 1357 ipsemet
1533 1309 1618 1346 sate-

87 1373 202 1416 batur,
237 1385 330 1408 nunc
363 1384 399 1408 se
434 1384 574 1407 rursum
609 1370 744 1418 Spiritu
769 1371 898 1407 Sancto
927 1373 1051 1406 autore
1077 1369 1271 1417 improbare
1297 1369 1392 1414 dicit,
1419 1383 1554 1418 nosque
1579 1383 1619 1406 ea

87 1433 286 1481 suspicione
312 1444 432 1469 omnes
457 1436 592 1479 gravat,
630 1432 732 1479 quasi
758 1444 822 1468 nos
846 1435 984 1479 praeter
1009 1431 1167 1467 Verbum
1194 1431 1260 1468 Dei
1285 1431 1321 1467 et
1347 1432 1412 1479 ipsi
1436 1431 1619 1469 doceamus

88 1495 170 1531 haec
206 1494 323 1530 omnia
355 1493 392 1529 in
425 1493 602 1529 hominum
639 1494 788 1540 gratiam
826 1492 863 1528 et
888 1492 975 1528 alios
1001 1492 1182 1528 nobiseum
1208 1491 1325 1528 eadem
1351 1492 1474 1529 docere
1499 1497 1620 1530 nostra

85 1553 280 1590 autoritate
304 1564 479 1599 cogamus.

136 1613 254 1650 Habes
286 1615 321 1649 et
346 1613 448 1648 aliam
490 1612 628 1649 turbam
670 1615 838 1656 nostram,
881 1613 988 1649 frater
1029 1614 1065 1649 in
1107 1613 1260 1650 Domino
1286 1613 1617 1652 observandissime!

97 1687 158 1722 per
191 1687 296 1721 quam
321 1686 444 1721 parum
469 1673 595 1717 abfuit,
629 1673 716 1720 quin
753 1676 906 1720 utraque
947 1676 1068 1710 nostra
1108 1674 1276 1718 Ecclesia,
1319 1675 1387 1711 nisi
1428 1675 1526 1713 Deus
1557 1677 1619 1713 mi-

91 1735 249 1773 rabiliter
297 1735 541 1778 succurrisset,
582 1735 618 1770 in
661 1740 855 1771 extremum
898 1735 952 1771 hie
986 1735 1088 1783 plane
1128 1735 1314 1773 discrimen
1350 1737 1499 1775 veniret.
1548 1740 1619 1776 Ne·

92 1811 162 1846 que
187 1810 330 1846 prorsus
356 1797 469 1833 adhuc
496 1801 595 1833 extra
622 1795 817 1844 periculum
849 1809 982 1840 sumuS,
1017 1801 1059 1834 ut
1083 1803 1169 1834 sunt
1201 1799 1256 1835 hie
1297 1799 1488 1836 multorum
1528 1801 1621 1848 inge-

92 1860 161 1903 nia,
187 1859 247 1895 sed
274 1859 426 1895 Domino
453 1858 669 1902 confidimus,
695 1858 731 1894 in
757 1859 857 1894 euius
883 1862 1085 1907 conspectu,
1112 1860 1207 1907 quod
1232 1860 1274 1897 ad
1300 1874 1373 1898 eam
1391 1874 1462 1898 rem
1479 1863 1622 1907 attinet,

90 1921 177 1957 bene
201 1921 331 1957 conscii
356 1933 488 1957 sumus.
515 1920 569 1956 Ad
598 1920 764 1967 quintum
788 1920 830 1956 ab
857 1921 935 1957 hinc
961 1920 1049 1956 diem
1076 1924 1328 1970 exspectamus,
1354 1926 1396 1959 ut
1421 1924 1520 1961 nobis
1538 1925 1623 1961 ulti-

90 1995 180 2018 mam
212 1985 365 2018 mentem
390 1995 486 2018 suam
513 1981 647 2028 collega
672 1981 731 2018 ille
757 1985 919 2029 exponat.
945 1982 1050 2018 Faxit
1077 1983 1250 2019 Dominus
1268 1987 1310 2020 ut
1327 1983 1455 2021 bonum
1487 1986 1622 2023 exitum

93 2043 197 2079 huius
223 2055 347 2079 causae
373 2043 490 2079 videre
516 2042 705 2091 possimus!
743 2042 819 2078 Iam
845 2046 881 2079 et
906 2043 998 2079 inter
1024 2044 1083 2080 has
1109 2045 1230 2081 turbas
1256 2058 1388 2094 semper
1413 2046 1625 2084 oboriuntur

89 2105 157 2141 alia
188 2104 305 2147 etiam,
337 2116 427 2152 quae
459 2117 513 2140 me
544 2104 646 2152 plane
680 2104 850 2148 obruunt,
884 2105 944 2141 sed
970 2118 1039 2142 non
1065 2106 1116 2142 ita
1139 2109 1255 2143 tamen
1280 2108 1436 2154 graviter
1455 2109 1624 2153 afficiunt,

92 2165 146 2202 Ut
171 2165 213 2202 de
237 2164 359 2201 aulicis
385 2165 538 2212 negotiis
563 2168 709 2208 taceam,
735 2178 755 2201 a
781 2166 910 2213 quibus
936 2179 991 2203 me
1009 2170 1124 2203 totum
1144 2167 1316 2216 explicare
1333 2181 1404 2205 non
1421 2182 1562 2217 possum
1582 2173 1624 2219 ⁷).

141 2226 208 2262 Sed
235 2238 403 2273 quorsum
429 2225 512 2262 haec
538 2225 691 2272 querela,
718 2226 882 2273 inquies?
908 2227 1077 2270 Primum,
1096 2231 1137 2264 ut
1162 2229 1199 2264 in
1226 2230 1352 2266 vestris
1377 2230 1537 2278 precibus
1563 2245 1623 2269 no-

93 2288 158 2323 stri
192 2286 500 2333 Ecclesiarumque
535 2289 736 2322 nostrarum
762 2287 962 2324 meminisse
994 2288 1133 2325 velitis:
1176 2289 1310 2334 deinde,
1337 2295 1378 2327 ut
1404 2291 1626 2339 intelligatis,

94 2361 166 2384 non
191 2360 324 2395 semper
350 2347 434 2383 milii
459 2348 564 2384 licere
588 2348 630 2383 ad
657 2360 720 2384 vos
745 2348 906 2393 scribere,
932 2362 1012 2386 cum
1038 2349 1130 2386 volo.
1180 2351 1302 2388 Habeo
1328 2365 1422 2389 nunc
1446 2365 1529 2400 prae
1553 2367 1623 2389 ma-

95 2410 199 2446 nibus
225 2410 437 2446 ceremonias
462 2412 603 2446 nostrae
629 2409 804 2446 Ecclesiae
829 2423 1038 2458 omnemque
1069 2411 1167 2448 illius
1192 2413 1227 2449 in
1267 2417 1389 2450 nostro
1431 2415 1626 2453 ministerio

97 2471 397 2519 gubernationem.
424 2470 587 2507 Prodibit
611 2484 712 2519 spero
737 2471 802 2508 sub
828 2472 983 2519 hyemen.
1011 2473 1130 2510 Scribo
1155 2478 1272 2511 autem
1298 2488 1366 2511 non
1392 2477 1466 2513 sinc
1483 2477 1627 2521 Theseo,

95 2536 216 2569 nostro
241 2532 386 2579 inquam
412 2532 599 2574 Micronio‚
627 2544 732 2579 quem
759 2535 899 2568 nostrae
927 2533 980 2570 hic
1007 2533 1183 2570 Ecclesiae
1210 2535 1309 2571 valde
1333 2536 1506 2582 gratulor.
1549 2537 1627 2574 Rex

97 2606 195 2630 meus
230 2593 397 2629 Poloniae
429 2592 559 2628 dieitur
584 2592 751 2630 adornare
778 2607 885 2630 novas
912 2595 1053 2642 nuptias
1079 2597 1120 2642 ⁸).
1171 2596 1307 2633 Putant
1334 2597 1501 2645 plerique,
1527 2599 1628 2635 illum

102 2655 262 2691 nonnihil
297 2655 454 2702 cogitare
489 2654 532 2690 de
564 2655 783 2691 restituenda
820 2655 911 2703 apud
951 2669 1033 2692 suos
1066 2656 1234 2704 religione
1269 2657 1413 2705 foreque
1437 2663 1479 2695 ut
1505 2663 1540 2696 et
1565 2673 1630 2707 ego

101 2715 143 2751 ab
177 2715 238 2752 illo
273 2728 388 2752 vocer.
439 2714 505 2751 Sed
541 2727 605 2761 ego
644 2715 728 2751 nihil
757 2716 840 2752 mihi
867 2717 953 2753 certi
980 2717 1092 2754 adhue
1118 2717 1160 2754 de
1186 2718 1270 2754 meis
1295 2718 1452 2766 polliceri
1478 2733 1632 2769 possum.

102 2775 179 2811 Rex
214 2778 334 2812 noster
361 2775 508 2822 Angliae
534 2775 783 2813 Serenissimus
809 2777 876 2813 iam
910 2777 1041 2824 pridem
1066 2778 1215 2825 languit,
1241 2780 1300 2815 sed
1327 2792 1447 2817 rursus
1473 2781 1539 2817 iam
1567 2782 1629 2829 (sit

106 2834 258 2871 Domino
285 2836 361 2872 Deo
389 2838 511 2872 nostro
537 2836 667 2883 gratia)
694 2837 890 2874 revalescit.
917 2838 1084 2875 Libenter
1109 2839 1244 2884 scirem,
1270 2840 1355 2888 quid
1379 2835 1422 2877 ad
1449 2842 1630 2890 Hoperum

105 2893 149 2931 de
173 2895 494 2942 praedestinatione
520 2896 711 2944 scripseris.
746 2898 835 2934 Mihi
859 2902 1002 2947 propter
1029 2899 1177 2937 hominis
1200 2901 1394 2938 absentiam
1421 2902 1538 2939 videre
1562 2914 1630 2938 non
