1830 3147
21 929 123 962 Roma
145 926 176 962 8.

22 1036 139 1068 Matth.
165 1035 193 1068 l.

26 1628 127 1661 Exod.
151 1628 180 1660 6.

26 1672 122 1703 Dent.
146 1672 176 1702 4.

26 1714 113 1746 Esai.
135 1715 166 1744 4.

27 1757 145 1787 Jerem.
169 1754 220 1786 23.

30 1799 143 1830 Zacha.
168 1797 196 1828 3.

29 1842 143 1872 Roma.
165 1840 194 1871 9.

30 1883 121 1914 Ioau.
145 1882 174 1914 1.

32 1925 168 1956 Ibidem.

32 1967 135 1999 Mieh.
161 1967 188 1997 5.

33 2011 105 2041 Act.
129 2009 157 2042 7.
181 2009 211 2040 9.

32 2051 123 2083 Ioan.
146 2052 197 2083 20.

37 2159 119 2191 Mar.
143 2156 172 2188 2.

38 2287 127 2320 Ioan.
153 2287 180 2319 5.
203 2285 300 2319 6.10.

39 2331 89 2362 ll.
115 2330 165 2362 14.

42 2480 160 2513 Psalm.
184 2476 256 2512 116.

45 2608 164 2642 Psalm.
188 2608 217 2638 3.

46 2653 136 2684 Ioau.
160 2651 210 2684 ll.

49 2796 313 2835 Ioan.14.15.16.

303 93 376 129 320
802 99 913 128 conr.
944 98 1053 128 Ech.
1081 98 1196 128 hono.

305 205 457 253 aspectu
505 215 615 252 super
659 201 778 240 filium
826 201 1033 241 descendit.
1087 202 1278 241 Nimirum
1316 202 1389 240 hoc
1424 206 1500 240 tam
1536 202 1708 241 mirando

305 266 514 318 spectaculo
551 266 669 305 voluit
703 266 814 305 nobis
848 267 1057 318 patefacere
1084 266 1186 306 Deus
1215 281 1389 306 sensuum
1418 267 1529 306 etiam
1558 271 1708 306 nostro-

304 344 387 368 rum
426 331 642 369 testimonio
677 332 914 370 reconditum
952 336 1062 371 antea
1098 333 1170 371 toti
1207 333 1348 371 mundo
1386 346 1615 384 prorsusque
1650 333 1708 371 in·

304 395 448 433 effabile
485 396 635 434 Triadis
671 395 882 434 adorandae
918 397 1138 446 mysterium
1175 397 1212 436 in
1256 397 1419 436 Monade
1456 410 1522 435 sua
1558 396 1710 436 Divina.

305 460 355 498 Et
391 474 490 507 sane,
528 474 613 499 cum
648 461 687 499 in
724 461 893 499 omnium
921 461 1033 500 trium
1062 475 1305 513 personarum
1337 462 1638 500 communionem
1667 475 1710 500 ex

305 539 424 576 aequo
461 526 706 577 baptizamur,
742 539 818 564 non
855 529 1014 577 possunt
1051 526 1126 564 illis
1162 529 1248 575 (24)
1275 527 1387 565 etiam
1415 540 1491 566 non
1519 540 1564 566 ex
1592 540 1711 578 aequo

308 589 519 628 communia
547 604 626 629 esse
654 590 795 635 omnia,
820 591 860 628 in
889 603 1049 641 quorum
1078 591 1381 630 communionem
1408 591 1654 643 baptizamur.

359 913 489 951 Altera
533 913 624 951 haec
666 913 784 963 igitur
827 912 867 951 in
907 912 1028 951 triade
1064 912 1204 951 Divina
1237 925 1409 964 persona,
1444 927 1576 965 nempe
1613 913 1714 952 Deus

309 978 421 1022 filius,
464 981 654 1029 assumpta
699 991 809 1015 carne
841 981 971 1015 nostra
1008 978 1130 1015 factus
1167 982 1222 1016 est
1258 977 1384 1025 homo,
1421 982 1533 1029 atque
1568 979 1608 1016 in
1645 979 1715 1017 hac

308 1045 413 1082 iuxta
440 1043 662 1092 Angelicum
692 1043 885 1081 oraculum
913 1048 1069 1081 vocatus
1088 1047 1144 1081 est
1164 1043 1284 1090 Iesus,
1311 1047 1351 1081 ut
1379 1043 1523 1082 dictum
1550 1047 1618 1084 est.
1646 1044 1716 1083 Est

308 1122 380 1160 que
408 1109 482 1146 iam
508 1108 548 1145 in
575 1122 652 1145 una
678 1112 788 1159 atque
816 1108 944 1146 eadem
972 1108 1168 1159 hypostasi
1196 1112 1231 1146 et
1258 1108 1370 1146 homo
1391 1109 1530 1160 pariter
1549 1112 1584 1147 et
1601 1108 1716 1156 Deus,

317 1174 423 1212 Iesus
452 1173 637 1217 Christus,
663 1172 782 1211 Filius
811 1171 880 1211 Dei
909 1172 995 1211 vivi.

360 1303 410 1340 Et
442 1306 485 1340 ut
512 1302 672 1340 sciamus
700 1302 802 1340 hunc
829 1305 998 1340 nostrum
1029 1301 1234 1340 Dominum
1261 1301 1388 1340 Iesum
1418 1303 1608 1342 Christum
1638 1316 1718 1341 esse

309 1366 557 1419 proculdubio
585 1367 625 1405 in
654 1380 719 1405 sua
747 1367 940 1418 hypostasi
968 1379 1031 1404 seu
1058 1379 1216 1418 persona
1244 1380 1371 1405 verum
1399 1366 1531 1414 Deum,
1558 1368 1629 1405 Dei
1647 1369 1718 1406 Pa-

311 1432 379 1469 tris
415 1431 565 1477 Filium,
601 1431 767 1468 eiusdem
806 1443 888 1468 cum
926 1430 1008 1481 ipso
1039 1433 1195 1468 naturae
1222 1434 1257 1469 et
1286 1431 1496 1480 diguitatis,
1525 1431 1717 1482 Scriptura

312 1496 368 1533 illi
406 1495 541 1533 diserte
577 1495 721 1542 tribuit,
759 1508 852 1546 quae
889 1495 960 1534 soli
995 1495 1051 1533 illi
1089 1495 1155 1533 uni
1193 1508 1280 1534 vero
1317 1499 1429 1547 atque
1458 1499 1609 1534 aeterno
1640 1495 1719 1534 Deo

312 1561 462 1612 propria
490 1574 570 1599 esse
599 1564 759 1599 constat.

367 1628 400 1664 l.
453 1625 603 1663 Nomen
632 1625 701 1663 soli
729 1624 808 1662 Deo
837 1625 1042 1676 proprium,
1073 1624 1258 1664 Jehovah.

366 1694 401 1730 2.
456 1691 603 1729 Nomen
633 1691 730 1728 idem
761 1690 915 1735 Graece,
943 1694 957 1730 ὃ
991 1694 1036 1731 ὤν
1066 1696 1124 1731 ἐπὶ
1153 1698 1305 1732 πάντων
1335 1694 1447 1738 Θεός.

366 1759 400 1794 3.
457 1755 571 1794 Quod
599 1755 647 1793 sit
673 1755 848 1806 proprius
875 1758 984 1805 atque
1012 1755 1227 1804 unigenitus
1257 1754 1325 1792 Dei
1351 1755 1468 1805 patris
1495 1754 1609 1794 filius.

365 1822 400 1858 4.
457 1819 571 1857 Quod
600 1823 654 1857 est
682 1820 719 1857 in
749 1819 833 1857 sinu
861 1819 943 1870 ipso
971 1819 1087 1870 patris
1115 1819 1296 1870 illincque
1323 1818 1518 1870 prodierit.

367 1887 402 1922 5.
457 1884 572 1922 Quod
619 1885 666 1922 sit
707 1888 895 1930 aeternus,
931 1887 967 1936 et
1002 1897 1067 1935 per
1104 1884 1209 1922 illum
1248 1883 1400 1921 condita
1437 1883 1574 1929 omnia,
1610 1884 1722 1921 etiam

317 1949 464 1988 saecula
492 1950 586 2000 ipsa.
1199 1939 1205 1944 ”

369 2018 404 2053 6.
435 2016 470 2055 7.
526 2014 641 2052 Quod
668 2014 865 2051 invocetur
892 2026 913 2051 a
943 2013 1131 2065 Stephano
1161 2016 1196 2051 et
1232 2013 1327 2060 aliis,
1356 2026 1376 2051 a
1406 2013 1551 2051 Thoma
1580 2013 1724 2051 dicatur

319 2079 505 2116 Dominus
532 2082 568 2116 et
596 2080 681 2127 (25)
710 2077 825 2117 Deus.

371 2147 405 2182 8.
461 2142 575 2181 Quod
603 2156 668 2194 per
696 2156 734 2181 sc
760 2146 913 2194 peccata
941 2142 1055 2180 verbo
1083 2142 1251 2190 remittit,
1280 2142 1380 2193 quod
1415 2146 1472 2181 est
1500 2142 1615 2180 solius
1643 2141 1725 2181 Dei.

374 2277 408 2313 9.
465 2273 580 2312 Quod
609 2274 647 2311 in
687 2287 724 2312 se
751 2274 864 2313 habet
893 2275 1020 2319 vitam,
1047 2277 1083 2312 et
1111 2287 1190 2311 eam
1220 2273 1283 2311 dat
1309 2287 1375 2325 per
1402 2287 1452 2320 se,
1478 2286 1554 2311 non
1581 2276 1725 2311 tantum

323 2339 361 2377 in
391 2339 538 2377 Patrem
566 2338 630 2376 sed
658 2338 770 2377 etiam
798 2339 838 2378 in
867 2352 904 2377 se
933 2338 1183 2377 credentibus.

376 2470 438 2506 10.
492 2468 606 2506 Quod
644 2468 691 2506 sit
728 2481 852 2515 verax,
889 2481 1003 2520 aeque
1039 2471 1151 2519 atque
1187 2467 1307 2514 Pater,
1343 2466 1464 2504 omnis
1491 2465 1588 2504 enim
1617 2465 1729 2503 homo

326 2532 498 2570 mendax.

380 2597 439 2634 11.
494 2596 610 2634 Quod
646 2610 665 2634 a
702 2600 822 2635 morte
858 2610 924 2648 per
959 2610 996 2635 se
1032 2596 1243 2641 resuscitat,
1269 2595 1348 2647 ipse
1376 2595 1471 2633 enim
1502 2599 1557 2633 est
1585 2595 1732 2641 veritas,

329 2660 550 2697 resurrectio
579 2665 614 2698 et
642 2661 716 2699 vita
743 2661 925 2700 omnium.

385 2790 444 2827 12.
499 2788 611 2826 Quod
639 2790 699 2827 det
729 2789 908 2841 Spiritum
940 2790 1119 2828 Sanctum
1150 2789 1207 2827 cui
1236 2790 1326 2833 vult,
1354 2791 1390 2826 et
1417 2793 1458 2824 ut
1488 2786 1578 2826 vult.
