1830 3147
1611 68 1683 103 235

149 189 303 232 tionem,
339 187 370 225 si
405 185 619 223 obstinatus
643 188 735 221 'esse
771 187 914 234 pergat.
956 180 1270 232 quemadmodum
1307 179 1352 217 de
1400 190 1477 216 uno
1514 177 1684 229 quolibet

150 253 224 291 alio
271 250 460 296 Ministro,
497 251 754 299 contemptore
791 245 1104 290 admonitionum,
1145 245 1287 282 dictum
1323 243 1495 281 habetur.
1550 242 1686 292 Neque

151 317 251 356 enim
279 316 319 354 in
346 328 416 354 usu
445 313 665 364 disciplinae
693 312 760 349 ulli
790 311 934 349 homini
961 310 1141 360 parcitur,
1168 309 1233 359 qui
1261 307 1372 346 modo
1401 306 1448 345 ad
1477 305 1685 344 Ecclesiam

153 382 326 433 pertinet,
360 379 496 417 nedum
534 383 576 416 ut
614 377 727 414 ullius
763 375 962 427 peculiaris
991 374 1116 425 aliqua
1145 372 1241 410 ratio
1271 372 1465 415 habeatur,
1491 370 1566 408 nisi
1592 383 1687 421 qua-

154 451 260 485 tenus
286 445 324 483 id
351 444 433 495 ipsa
460 442 661 481 ministerii
690 441 837 479 vocatio
863 439 1055 491 postulare
1082 436 1241 475 videtur.
1297 436 1399 475 Quin
1429 435 1554 486 potius
1580 438 1687 472 tanto

155 511 294 550 maiore
339 509 534 547 severitate
569 507 695 556 agitur
730 506 909 543 adversus
945 502 1166 554 praecipuos
1204 514 1372 551 quosque
1408 499 1608 538 Ministros
1648 498 1688 536 in

154 574 335 618 Ecclesia,
371 572 403 611 si
440 571 661 621 disciplinae
696 568 982 607 Ecclesiasticae
1017 579 1146 618 parere
1182 577 1335 616 quoquo
1364 565 1475 602 modo
1504 568 1690 606 recusent,

156 643 297 691 quanto
334 637 454 687 magis
482 642 569 674 sunt
598 636 767 686 exposita
795 635 914 672 oculis
943 632 1112 670 omnium
1140 631 1308 682 exempla
1336 629 1500 674 illorum,
1526 629 1686 680 plusque.

155 711 191 744 et
228 702 440 742 offendiculi
468 707 503 740 et
529 702 685 753 periculi
713 701 828 739 etiam
856 699 1003 737 adferre
1030 697 1225 735 videntum
1274 695 1456 746 Equidem
1486 695 1606 745 palam
1636 698 1692 732 est

158 770 254 809 nihil
289 782 382 814 esse,
419 767 519 819 quod
548 765 728 805 maiorem
757 778 881 804 secum
908 764 1056 802 ruinam
1084 762 1202 800 totius
1231 761 1422 798 Ecclesiae
1450 760 1507 797 vel
1535 759 1692 798 traxerit

156 835 338 873 hactenus
374 834 431 871 vel
467 832 614 871 trahere
642 831 756 869 etiam
783 829 916 881 possit,
949 842 1060 879 quam
1091 828 1122 865 si
1149 827 1260 875 (535)
1290 824 1460 863 Ministri
1487 824 1690 870 Ecclesiae,

156 900 195 937 in
232 911 457 950 quacunque
492 897 643 935 tandem
680 894 876 933 functione
903 897 1110 936 versentur,
1136 891 1183 929 ab
1211 903 1283 928 usu
1310 889 1532 941 disciplinae
1558 888 1692 926 Eccle-

158 964 330 1002 siasticae
365 964 507 1014 seipsos
543 962 721 1006 eximant,
757 973 867 1011 quam
903 959 986 996 aliis
1023 957 1299 1008 praescribunt,
1337 968 1421 992 cum
1456 955 1625 1005 ipsorum
1651 954 1691 992 in

156 1029 288 1081 primis
314 1032 436 1080 partes
466 1027 552 1073 sint,
580 1027 685 1063 illam
712 1038 780 1063 suo
809 1023 977 1074 exemplo
1007 1022 1091 1059 aliis
1121 1019 1394 1058 commendare.
1423 1020 1483 1057 Ita
1504 1019 1544 1057 in
1571 1023 1693 1057 vetere

161 1094 312 1132 Israelis
348 1092 518 1130 Ecclesia
554 1092 791 1142 profanatam
829 1088 945 1126 fuisse
982 1087 1141 1136 legimus
1178 1098 1327 1123 omnem
1356 1085 1432 1137 fere
1459 1083 1695 1133 religionem,

159 1159 258 1211 quod
299 1157 491 1208 Principes
529 1155 765 1193 sacerdotum
804 1167 847 1191 ac
881 1151 1076 1190 Pharisaei
1113 1162 1159 1188 ne
1202 1149 1357 1187 summis
1385 1147 1534 1198 quidem
1565 1147 1695 1195 digitis

161 1237 202 1262 ea
237 1223 421 1272 attingere
449 1221 717 1271 dignabantur,
745 1232 840 1270 quae
868 1217 926 1255 vel
952 1216 1103 1268 ipsimet
1139 1215 1177 1252 in
1213 1213 1353 1264 populo
1384 1212 1612 1257 statuebant,
1639 1211 1696 1249 vel

161 1289 341 1327 divinitus
377 1287 550 1325 instituta
587 1285 790 1323 habebant.
844 1284 905 1320 Ita
950 1295 1036 1319 vero
1073 1293 1175 1318 nunc
1209 1279 1309 1316 idem
1336 1278 1447 1316 etiam
1477 1277 1596 1314 oculis
1623 1276 1696 1327 ipsi

160 1353 299 1391 nostris
325 1352 365 1389 in
393 1352 515 1402 Papae
542 1350 712 1388 Ecclesia
741 1348 923 1391 videmus,
950 1347 1032 1391 ubi,
1060 1345 1207 1383 abiecto
1235 1356 1390 1395 prorsus
1408 1355 1474 1393 per
1497 1341 1695 1380 Ministros

160 1417 265 1455 omni
292 1416 458 1464 legitimo
488 1414 774 1452 Ecclesiasticae
802 1411 1023 1462 disciplinae
1050 1423 1133 1453 usu,
1153 1409 1403 1446 adulteratam
1426 1406 1696 1444 nefandissime

162 1496 311 1521 omnem
346 1481 566 1531 religionem
602 1493 646 1517 ac
683 1492 811 1517 verum
846 1477 917 1516 Dei
963 1478 1105 1514 cultum
1152 1475 1412 1523 inventamque
1439 1472 1696 1523 prodigiosam

162 1549 282 1599 plane,
310 1559 352 1585 ac
380 1560 426 1584 ne
453 1545 626 1583 Ethnicis
663 1544 815 1595 quidem
841 1555 1010 1593 unquam
1045 1541 1223 1583 auditam,
1252 1541 1539 1589 ἀρτολκτρεὶοιν
1567 1542 1603 1576 et
1635 1542 1698 1587 ty-

161 1611 358 1650 rannidem
384 1611 431 1648 ad
459 1616 667 1648 extremum
696 1621 849 1660 prorsus
881 1605 1221 1644 Antichristianam
1248 1604 1444 1642 inductam
1460 1605 1697 1652 usurpatam-

163 1691 234 1728 que
271 1681 376 1715 tanto
414 1676 488 1713 iam
525 1681 692 1725 tempore
717 1673 919 1712 intuemur.
975 1671 1058 1709 Imo
1088 1684 1133 1708 ne
1162 1683 1263 1708 nunc
1292 1668 1454 1720 quidem,
1482 1671 1566 1718 post
1594 1679 1699 1704 reve-

163 1742 278 1780 latam
313 1741 450 1792 passim
490 1740 619 1777 divino
655 1739 730 1775 iam
771 1736 949 1775 beneficio
987 1735 1150 1773 Romani
1179 1733 1406 1773 Antichristi
1433 1732 1587 1782 eiusque
1614 1743 1699 1768 cor·

163 1820 278 1845 nuum
328 1803 566 1856 tyrannidem
612 1807 648 1841 et
689 1803 901 1840 restitutam
938 1814 1075 1849 magna
1112 1812 1155 1837 ex
1191 1804 1295 1850 parte
1331 1797 1541 1846 Euangelio
1578 1796 1698 1833 lucem

164 1885 281 1917 suam,
326 1884 451 1908 veram
494 1870 617 1908 adhuc
662 1868 883 1917 religionem
927 1866 1080 1904 interim
1120 1864 1406 1914 legitimumque
1444 1861 1513 1899 Dei
1559 1862 1700 1898 cultum

163 1940 314 1987 propter
360 1935 476 1972 solam
515 1933 735 1984 disciplinae
768 1933 879 1980 (536)
924 1931 1022 1969 inter
1067 1929 1265 1966 Ministros
1303 1926 1572 1977 negligentiam
1610 1938 1699 1962 con-

166 2004 425 2050 temptumque
462 1998 764 2035 admonitionum
801 1995 995 2046 repurgari
1034 1995 1108 2031 ullo
1138 1995 1249 2033 modo
1278 2005 1387 2043 posse
1415 1991 1597 2028 videmus.
1652 1989 1701 2026 Et

165 2065 372 2117 periculum
400 2067 467 2109 est,
503 2062 688 2113 siquidem
716 2061 938 2111 disciplinae
967 2060 1028 2097 hic
1057 2058 1346 2096 Ecclesiastioae
1373 2055 1578 2094 remedium
1607 2058 1701 2092 tem-

166 2130 249 2181 pori
277 2142 354 2167 non
381 2128 615 2170 adhibeatur,
652 2140 710 2172 ne,
745 2139 857 2177 quam
886 2124 1033 2173 magnis
1062 2123 1292 2161 clamoribus
1320 2134 1552 2166 accusamUS,
1580 2120 1702 2170 Papae

164 2193 419 2245 tyrannidem,
455 2205 531 2230 non
568 2197 644 2229 tam
680 2203 769 2228 sane
806 2190 1007 2233 sublatam,
1034 2200 1147 2238 quam
1175 2191 1357 2224 mutatam
1384 2184 1512 2236 potius
1541 2184 1581 2222 in
1609 2185 1701 2221 orbe

168 2258 384 2297 Christiano
430 2257 645 2294 habeamus.
700 2255 786 2293 Qua
834 2267 921 2291 sane
957 2252 1003 2291 de
1038 2266 1078 2290 re
1114 2252 1234 2289 multa
1270 2250 1428 2288 dicenda
1464 2254 1602 2296 essent,
1637 2248 1700 2287 sed

169 2336 270 2363 nunc
307 2323 365 2361 vel
400 2323 531 2360 leviter
559 2320 729 2370 attigisse
757 2320 847 2358 satis
876 2320 960 2364 erit,
985 2324 1027 2356 ut
1054 2331 1184 2356 omnes
1211 2317 1438 2365 intelligant,
1468 2315 1610 2353 nullam
1640 2327 1703 2352 ve·

167 2403 246 2427 ram
285 2401 328 2426 ac
363 2387 569 2437 legitimam
599 2399 705 2424 verae
732 2385 926 2435 religionis
955 2384 1104 2435 verique
1132 2383 1255 2420 cultus
1293 2381 1364 2420 Dei
1391 2380 1705 2419 instaurationem

168 2458 232 2492 aut
267 2453 572 2504 repurgationem
608 2450 878 2502 expectandam
915 2449 1026 2487 nobis
1062 2461 1154 2493 esse,
1192 2447 1313 2484 donec
1347 2459 1458 2484 usum
1494 2445 1704 2495 legitimum

171 2518 394 2569 disciplinae
432 2515 718 2554 Ecclesiasticae
754 2515 851 2558 inter
889 2514 1086 2552 Ministros
1114 2511 1352 2563 potissimum
1380 2510 1484 2561 ipsos
1512 2510 1620 2561 plene
1647 2523 1704 2547 re-

172 2583 347 2621 stitutum
383 2581 589 2618 videamus.
646 2578 974 2618 Quemadmodum
1013 2590 1100 2614 sanc
1129 2575 1259 2625 negari
1286 2588 1362 2613 non
1389 2579 1526 2626 potest,
1554 2573 1704 2623 neglec-

169 2653 249 2685 tum
285 2646 410 2689 initio,
445 2645 579 2683 deinde
617 2657 703 2682 vero
738 2657 892 2695 prorsus
920 2642 1104 2680 abolitum
1130 2640 1233 2678 illius
1261 2653 1386 2684 usum,
1412 2652 1563 2677 causam
1591 2638 1707 2676 fuisse

169 2714 282 2761 atque
325 2709 530 2750 etiamnum
576 2721 655 2745 esse
698 2707 820 2744 omnis
856 2704 1133 2757 profanationis
1170 2702 1414 2751 omniumque
1450 2702 1631 2740 abusuum
1670 2705 1707 2738 et

171 2774 294 2813 omnis
319 2773 532 2823 tyrannidis
559 2772 598 2810 in
627 2771 718 2809 orbe
745 2771 974 2815 Christiano,
991 2791 1043 2798 —
1062 2767 1219 2819 proinde
1247 2780 1317 2805 nos
1345 2766 1535 2804 Ecclesiae
1556 2771 1705 2803 nostrae

166 2837 441 2878 institutionem
484 2838 572 2876 inde
619 2836 856 2889 potissimum
892 2834 1162 2887 auspicandam
1195 2846 1276 2873 esse
1311 2831 1622 2875 existimavimus,
1661 2833 1700 2867 ut
