1830 3147
1563 81 1634 117 215

92 194 260 233 mandati
295 194 426 233 Divini
463 193 729 240 obedientiam,
758 207 877 245 neque
905 194 982 230 ullo
1013 193 1123 230 modo
1154 192 1420 230 conferendam
1449 205 1533 229 cum
1561 206 1621 230 ra-

91 259 207 298 tionis
242 273 329 298 suae
366 259 522 298 consilio
561 260 605 297 de
634 259 814 297 servando
842 260 882 297 in
910 258 1142 309 triumphum
1169 271 1276 296 suum
1305 271 1391 306 rege
1418 258 1528 307 Agag
1555 257 1621 294 ad-

91 324 358 375 servandisque
399 324 439 362 in
486 324 627 362 cultum
673 323 743 361 Dei
786 323 1044 374 pinguissimis
1088 322 1299 373 quibusque
1337 321 1504 365 Amalec,
1542 334 1619 359 non

91 395 168 426 tam
207 389 307 440 quod
341 389 397 426 illi
435 388 539 426 cordi
576 388 719 439 alioqui
754 392 850 426 esset
886 388 956 425 Dei
991 387 1126 436 gloria,
1162 400 1273 438 quam
1309 387 1410 438 quod
1439 387 1617 424 honorem

91 454 190 504 apud
226 454 407 505 populum
441 467 486 491 ex
525 453 706 504 triumphi
734 453 1012 504 oblationisque
1040 465 1128 490 suae
1154 452 1256 490 illius
1285 452 1482 503 splendore
1510 456 1621 501 atque

90 523 271 570 apparatu
308 523 519 558 venaretur.
573 519 700 557 Facile
734 519 832 557 enim
869 522 1022 570 apparet
1060 531 1137 556 non
1164 521 1240 555 tam
1268 518 1325 554 illi
1354 531 1462 555 curae
1489 517 1618 561 fuisse,

88 588 131 622 ut
167 584 288 622 Deum
323 584 396 622 sibi
431 584 635 635 propitium
672 584 836 630 haberet,
873 597 955 621 eum
992 598 1013 621 a
1048 583 1233 634 Propheta
1268 583 1412 633 peccati
1445 583 1521 619 iam
1557 582 1615 619 sui

91 651 284 690 convictus
321 655 430 698 esset,
464 665 576 703 quam
612 652 747 702 potius,
775 656 817 690 ut
843 652 882 689 in
910 650 1042 702 populi
1070 654 1272 701 conspectu
1299 649 1448 700 publice
1475 663 1495 686 a
1524 649 1616 686 Pro·

89 717 198 767 pheta
231 717 624 765 h0n01·a-(383)retur.
679 717 872 755 Offensum
899 720 1022 755 autem
1050 716 1218 767 adeoque
1245 719 1281 754 et
1307 715 1495 752 irritatum
1522 715 1615 751 fuis-

87 794 126 818 se
165 781 292 819 oblato
319 795 383 833 per
413 782 637 833 Prophetam
663 782 807 833 peccati
835 782 891 819 sui
919 781 1081 820 remedio
1109 784 1260 832 (nempe
1286 780 1546 818 admonitione
1573 793 1616 816 ex

87 846 201 884 verbo
231 846 331 894 Dei),
357 847 479 898 palam
507 853 561 885 est
589 861 633 886 ex
660 861 715 891 eo,
743 848 844 899 quod
872 847 1079 899 Prophetae
1098 847 1316 885 adversatus
1335 846 1491 884 dixerit:
1520 846 1617 888 Imo,

85 910 220 961 inquit,
258 911 407 949 obedivi
444 912 556 950 verbo
585 912 738 950 Domini
768 914 808 961 ¹),
839 917 877 950 ut
903 913 1076 950 innueret
1105 926 1142 949 se
1168 925 1252 949 eum
1281 925 1357 949 non
1386 924 1477 952 esse,
1505 910 1569 960 qui
1597 924 1617 946 a

86 975 272 1026 Propheta
299 976 347 1014 ad
376 976 474 1014 hunc
501 977 652 1014 modum
680 977 900 1027 reprehendi
928 981 992 1014 aut
1018 981 1221 1015 mereretur
1264 980 1326 1014 aut
1353 976 1465 1014 etiam
1494 975 1615 1013 vellet.

87 1041 316 1093 Oppressum
357 1055 442 1079 vero
488 1042 534 1080 ad
574 1047 780 1080 extremum
815 1042 915 1080 iusto
954 1042 1023 1080 Dei
1060 1043 1212 1087 iudicio,
1239 1046 1397 1080 testatur
1425 1054 1497 1079 vox
1533 1041 1619 1078 illa:

87 1108 254 1154 Peccavi,
297 1121 370 1159 qua
415 1107 566 1146 tandem
602 1108 754 1146 tandem
789 1108 932 1159 pec-cati
969 1108 1025 1145 sui
1062 1108 1285 1146 dissimulati
1322 1106 1617 1156 magnitudinem

87 1185 162 1208 una
191 1184 274 1209 cum
304 1171 565 1222 desperatione
592 1172 791 1220 agnovisse
820 1171 978 1221 videtur.
1034 1172 1238 1210 Enimvero
1268 1172 1312 1209 de
1339 1171 1519 1222 placanda
1549 1170 1618 1207 Dei

85 1234 139 1272 ira
177 1234 353 1272 adversus
394 1247 503 1277 suum
530 1239 726 1285 peecatum
754 1248 800 1272 ne
828 1235 942 1272 verbo
971 1235 1120 1285 quidem
1150 1235 1330 1281 meminit,
1360 1234 1422 1272 sed
1450 1237 1614 1271 tantum-

85 1299 197 1337 modo
235 1299 459 1350 Proplietam
495 1303 616 1348 rogat,
651 1304 693 1338 ut
729 1305 922 1350 peceatum
959 1300 1078 1351 ipsius
1106 1300 1268 1346 sufferat,
1294 1300 1490 1351 ipsumque
1518 1298 1614 1349 apud

84 1365 263 1416 populum
300 1365 448 1415 publice
475 1365 515 1403 in
544 1378 611 1403 suo
639 1365 718 1410 illo,
745 1365 844 1416 quod
873 1365 1098 1412 instituerat,
1128 1366 1310 1403 sacrificio
1339 1366 1510 1409 honoret,
1539 1377 1614 1400 ma-

82 1432 141 1480 gis
181 1430 354 1469 videlicet
389 1430 574 1468 sollicitus
611 1430 655 1468 de
690 1431 820 1481 populi
857 1431 926 1476 sui,
960 1444 1070 1482 quam
1107 1431 1152 1469 de
1180 1431 1249 1468 Dei
1274 1431 1394 1481 ipsius
1421 1430 1542 1479 gratia
1571 1443 1611 1465 ac

83 1496 222 1540 favore,
257 1509 277 1532 a
305 1508 377 1546 quo
407 1508 445 1533 se
471 1495 545 1532 iam
573 1495 814 1546 reprobatum
843 1509 923 1533 esse
950 1496 1136 1534 audiebat.
1196 1496 1335 1533 Odium
1364 1508 1475 1546 porro
1504 1495 1614 1545 plane

86 1559 321 1611 implacabile
356 1559 534 1597 adversus
572 1559 694 1597 Deum
728 1560 850 1610 ipsum
888 1564 921 1598 et
959 1560 1037 1598 eius
1073 1561 1113 1598 in
1142 1560 1298 1598 Davidis
1327 1559 1523 1597 vocatione
1551 1572 1612 1596 or-

84 1625 313 1663 dinationem
350 1624 459 1661 facile
502 1624 641 1662 relucet
686 1624 726 1661 in
762 1624 880 1675 ipsius
916 1625 1093 1663 adversus
1132 1624 1315 1662 Davidem
1354 1623 1565 1666 conatibus,
1593 1637 1613 1660 a

82 1690 220 1741 quibus
257 1689 370 1727 nullis
407 1689 561 1727 omnino
598 1702 718 1740 neque
745 1689 1081 1736 admonitionibus,
1107 1703 1228 1741 neque
1253 1690 1344 1727 item
1374 1688 1529 1726 Davidis
1558 1689 1614 1739 ip·

83 1755 159 1792 sius
188 1753 317 1791 officiis
340 1753 478 1790 abduci
495 1766 646 1804 quoquo
668 1752 779 1790 modo
800 1753 935 1804 potuit.
963 1753 1025 1790 Sic
1044 1757 1085 1791 ut
1105 1767 1181 1791 non
1204 1757 1277 1790 tam
1301 1752 1483 1790 Davidem
1500 1754 1611 1800 (384)

82 1832 183 1863 sane,
211 1818 372 1856 Divinae
399 1818 648 1856 ordinationis
677 1832 873 1868 organum,
901 1833 1012 1870 quam
1040 1819 1166 1870 potius
1195 1818 1316 1856 Deum
1331 1818 1455 1869 ipsum
1474 1817 1514 1854 in
1536 1817 1612 1853 Da-

83 1882 167 1920 vide
201 1881 373 1934 persequi
410 1882 541 1919 rebelli
578 1882 843 1933 obstinatoque
878 1882 1005 1920 animo
1041 1882 1208 1933 adeoque
1245 1886 1281 1920 et
1310 1881 1517 1933 opprimere
1544 1894 1610 1917 vo-

80 1947 195 1985 luisse
237 1946 421 1985 videatur.
476 1946 588 1984 Hanc
629 1947 801 1998 equidem
839 1947 1045 1985 voluntarii
1082 1947 1338 1997 obstinatique
1375 1950 1611 1996 contemptus

82 2012 283 2061 imaginem
318 2011 359 2048 in
387 2010 498 2048 unico
527 2011 599 2048 hoe
628 2012 751 2049 Saulis
780 2013 948 2063 exemplo
977 2012 1236 2050 adumbratam
1259 2012 1310 2049 ita
1340 2011 1528 2056 habemus,
1558 2013 1611 2055 ut,

83 2076 229 2114 etiamsi
263 2076 336 2113 alia
373 2089 474 2113 nuno
508 2077 737 2122 omittamus,
783 2077 947 2115 diversas
976 2091 1065 2115 sane
1094 2081 1329 2127 contemptus
1358 2076 1474 2127 ipsius
1502 2079 1611 2112 notas

85 2153 106 2177 a
141 2144 291 2177 nostrae
318 2139 549 2177 infirmitatis
577 2140 650 2177 iam
680 2140 930 2192 suprascripta
957 2141 1123 2190 imagine
1152 2141 1367 2191 conspicere
1394 2140 1433 2177 in
1460 2140 1527 2177 illo
1555 2140 1610 2176 fa-

83 2205 153 2242 cile
188 2204 387 2255 possimus.
442 2204 522 2241 Iam
560 2205 876 2255 quemadmodum
913 2218 989 2243 non
1025 2209 1079 2242 est
1106 2218 1172 2256 par
1200 2209 1329 2242 nostra
1357 2204 1525 2241 omnium
1553 2204 1611 2241 iu-

84 2269 253 2312 firmitas,
289 2268 354 2306 sed
380 2268 529 2305 interim
557 2273 611 2306 est
638 2269 842 2315 eiusmodi,
863 2274 903 2307 ut
930 2283 994 2320 per
1021 2269 1126 2306 illam
1153 2283 1281 2306 omnes
1308 2269 1348 2306 in
1377 2282 1460 2306 eum
1487 2268 1609 2319 ipsum

85 2337 353 2383 contemptum,
389 2332 490 2383 quod
527 2332 564 2369 in
606 2333 714 2370 nohis
751 2338 819 2378 est,
851 2334 922 2371 toti
957 2334 1267 2384 propendeamus,
1304 2334 1334 2371 si
1372 2347 1448 2371 non
1486 2333 1532 2370 ab
1570 2346 1611 2370 eo

85 2397 268 2447 singulari
303 2397 413 2448 plane
450 2397 519 2434 Dei
556 2398 677 2447 gratia
715 2412 958 2442 servaremur,
983 2398 1037 2436 ita
1066 2402 1101 2436 et
1131 2403 1366 2449 contemptus
1394 2398 1467 2443 hic,
1495 2412 1615 2449 quan-

84 2476 195 2514 quam
233 2461 393 2499 maxime
428 2461 571 2500 invisus
608 2462 701 2507 Deo,
730 2477 816 2500 suos
843 2468 966 2501 tamen
995 2464 1107 2501 etiam
1135 2463 1272 2512 gradus
1301 2463 1425 2509 habet,
1452 2463 1518 2514 qui
1545 2476 1614 2500 no-

85 2528 143 2565 bis
178 2528 298 2577 magis
334 2541 376 2565 ac
416 2528 533 2576 magis
567 2541 714 2566 omnem
752 2529 880 2567 veniae
908 2543 1009 2580 spem
1038 2528 1297 2580 praecludunt,
1325 2542 1467 2580 nosque
1496 2529 1614 2577 magis

84 2606 126 2630 ac
162 2592 281 2642 magis
317 2592 536 2643 praeGIpites
573 2597 689 2642 agunt
718 2594 765 2631 ad
792 2598 983 2632 aeternum
1013 2593 1207 2631 interitum
1235 2607 1300 2631 seu
1328 2593 1612 2631 condemnatio-

83 2672 180 2696 nem.
234 2658 382 2695 Primus
417 2658 518 2695 illius
554 2659 693 2708 gradus
729 2664 797 2704 est,
830 2661 975 2711 placere
1003 2659 1076 2697 sibi
1103 2660 1143 2697 in
1171 2663 1322 2710 peceato
1350 2673 1414 2710 per
1442 2658 1519 2696 eius
1547 2672 1611 2696 ex-

83 2723 313 2761 cusationem
348 2736 391 2760 ac
426 2723 583 2774 proinde
621 2724 761 2762 nullam
798 2724 900 2763 illius
936 2724 1261 2776 reprehensionem
1298 2737 1342 2761 ex
1379 2724 1492 2762 verbo
1541 2722 1606 2760 Dei

130 2852 154 2890 ¹)
180 2851 196 2882 l
221 2851 304 2882 Sam.
330 2852 379 2884 15.
