1830 3147
38 399 126 431 Ioan.
153 400 180 431 1.

87 730 135 762 Dc
158 731 238 763 Deo.

34 1061 118 1092 Psal.
142 1060 192 1092 82.

34 1103 117 1134 Psal.
143 1104 214 1137 134.

34 1146 130 1177 Dcut.
155 1147 183 1176 6.

36 1188 137 1220 Marc.
163 1188 212 1220 12.

33 1383 111 1415 Exo.
135 1383 186 1414 33.

34 1426 124 1457 Ioan.
149 1426 176 1456 1.

36 1468 52 1498 1
77 1468 159 1500 Tim.
183 1468 211 1500 6.

36 1511 147 1542 Roma.
171 1510 221 1542 11.

33 1552 49 1583 1
75 1553 149 1584 Cor.
173 1553 202 1585 2.

33 2103 121 2134 loan.
148 2103 175 2134 1.

33 2146 128 2178 Matt.
152 2146 201 2177 11.

37 2800 126 2833 Ioan.
149 2800 178 2833 9.

324 95 396 129 314
835 103 947 132 coNF.
978 104 1084 131 ECCL.
1116 104 1230 133 LoNn.

374 335 513 379 Quare,
550 335 618 372 etsi
657 347 786 372 omnes
823 334 888 385 qui
917 334 1074 372 eredunt
1100 335 1141 373 in
1168 349 1253 373 eum
1281 335 1403 387 ipsum
1434 335 1638 383 Christum,
1666 349 1732 374 vo-

322 404 452 437 centur
489 404 524 437 et
562 399 637 437 sint
673 413 712 437 re
740 413 824 437 vera
853 399 923 436 filii
953 399 1036 446 Dei,
1061 402 1200 447 tamen,
1230 414 1313 438 cum
1344 401 1517 440 Christus
1545 400 1732 440 Dominus

321 465 434 514 longe
461 464 679 503 sublimiore
715 464 827 502 modo
866 464 915 502 sit
944 464 1044 502 filius
1072 463 1144 502 Dei
1171 464 1276 504 iuxta
1305 466 1528 516 Prophetica
1556 480 1599 504 ac
1627 469 1732 517 Apo-

322 530 454 568 stolica
489 530 718 575 testimonia,
755 529 1011 567 observandae
1040 529 1151 568 nobis
1180 534 1289 569 erunt
1318 535 1442 577 notae,
1483 532 1553 570 soli
1588 531 1732 571 Christi

320 595 484 633 Domino
513 595 698 646 propriae,
724 598 909 645 quatenus
936 594 1016 645 ipse
1043 594 1195 645 quidem
1223 598 1278 633 est
1306 595 1405 634 filius
1434 595 1504 634 Dei
1532 596 1621 635 vivi.

371 725 592 776 Priusquam
629 728 752 762 autem
788 724 834 761 ad
864 737 990 762 earum
1019 725 1320 763 observationem
1351 727 1553 772 veniamus,
1579 725 1624 763 de
1653 725 1731 764 Deo

319 791 479 842 primum
517 796 571 828 cst
609 789 818 835 dicendum,
858 790 948 840 quid
985 791 1035 828 sit
1072 790 1186 837 Deus,
1220 794 1263 828 ut
1300 791 1345 828 ad
1374 792 1444 829 filii
1480 804 1627 842 quoque
1664 791 1732 830 Dei

320 869 445 894 veram
474 868 517 893 ac
546 855 747 892 salutarem
777 854 1035 904 cognitionem
1063 855 1337 906 perveniamus.

371 987 496 1037 Atque
538 985 677 1024 habent
704 985 855 1036 quidem
886 984 1042 1023 Ethnici
1071 985 1171 1022 Deos
1195 998 1283 1023 suos
1310 985 1465 1023 fictitios
1493 984 1734 1037 Deorumque

319 1051 430 1089 filios.
486 1051 672 1100 Agnoscit
716 1063 865 1101 quoque
912 1054 946 1087 et
986 1050 1171 1101 scriptura
1207 1050 1346 1087 multos
1384 1050 1497 1096 Deos,
1533 1050 1622 1088 dum
1659 1051 1731 1089 ait:

323 1118 437 1167 uEgo
475 1117 553 1155 dixi
590 1116 653 1154 Dii
689 1116 820 1160 estis''‚
857 1120 893 1154 et
924 1133 941 1150 a
957 1115 1056 1154 Deus
1087 1116 1188 1154 stetit
1216 1116 1254 1154 in
1284 1115 1406 1154 medio
1432 1103 1639 1161 Deorum''‚
1667 1117 1730 1154 sed

319 1183 383 1220 isti
411 1195 539 1219 omnes
567 1194 754 1231 nusquam
783 1184 975 1224 vocantur,
1002 1193 1123 1231 neque
1152 1184 1252 1225 sunt,
1274 1180 1441 1218 viventes
1462 1184 1572 1231 atque
1591 1181 1732 1219 aeterni

321 1247 396 1285 Dii.
451 1247 593 1297 Estque
631 1259 727 1283 unus
765 1245 948 1282 duntaxat
986 1258 1093 1282 verus
1124 1244 1251 1282 vivens
1280 1249 1391 1295 atque
1418 1250 1590 1283 aeternus
1619 1245 1732 1291 Deus,

319 1310 531 1348 laudandus
559 1310 598 1347 in
626 1309 786 1347 saecula.
816 1311 950 1347 Amen.

371 1377 456 1422 (19)
487 1374 602 1411 Hunc
631 1387 717 1411 vero
745 1386 852 1410 nemo
883 1372 986 1418 vidit,
1015 1385 1059 1410 ao
1088 1386 1133 1410 ne
1161 1372 1286 1410 videre
1314 1372 1463 1423 quidem
1493 1373 1532 1410 in
1562 1374 1635 1411 vita
1662 1373 1731 1411 hac

319 1442 440 1489 potest
467 1438 678 1489 quisquam.
723 1437 868 1475 Deinde
897 1450 1016 1486 neque
1045 1449 1097 1481 ea,
1126 1449 1221 1487 quae
1247 1436 1317 1473 Dei
1345 1440 1445 1481 sunt,
1472 1437 1658 1487 percipere
1685 1451 1729 1475 ex

320 1516 358 1539 se
394 1502 591 1553 quisquam
629 1501 807 1538 omnibus
842 1500 988 1538 animae
1026 1512 1114 1537 suae
1150 1500 1327 1550 potentiis
1355 1499 1465 1537 etiam
1493 1505 1628 1550 potest.
1683 1500 1731 1538 Et

319 1567 477 1618 proinde
513 1568 652 1604 frustro
691 1566 735 1604 de
763 1566 842 1603 Deo
873 1578 958 1603 vero
987 1565 1142 1616 eiusque
1170 1565 1260 1611 filio,
1290 1578 1333 1602 ex
1362 1565 1473 1602 nobis
1502 1565 1592 1616 ipsis
1620 1565 1729 1616 quid·

319 1645 431 1683 quam
460 1631 613 1669 omnino
642 1630 905 1680 imaginemur.

371 1697 420 1735 Et
446 1700 569 1734 tamen
601 1700 655 1733 est
683 1695 794 1732 nobis
824 1693 1121 1743 cognoscendus,
1151 1694 1183 1731 si
1209 1693 1328 1731 filium
1356 1693 1475 1744 ipsius
1504 1706 1730 1742 cognoscere

319 1761 531 1799 debeamus.
586 1759 752 1798 Aliunde
786 1758 915 1808 igitur,
951 1772 1063 1809 quam
1101 1771 1145 1796 ex
1183 1757 1293 1796 nobis
1329 1757 1432 1808 ipsis,
1471 1757 1542 1795 Dei
1578 1758 1730 1808 eiusque

320 1826 388 1863 filii
425 1824 678 1874 cognoscendi
715 1823 898 1861 rationem
933 1827 1055 1873 petere
1094 1834 1162 1859 nos
1191 1826 1351 1872 oportet,
1379 1821 1410 1859 si
1437 1822 1542 1859 illum
1570 1835 1654 1859 vere
1681 1822 1726 1859 ad

319 1892 474 1929 salutem
504 1894 671 1927 nostram
699 1901 809 1925 nosse
837 1887 1004 1925 velimus.

370 1954 501 1992 Tradit
528 1956 654 1991 autem
692 1952 853 2003 Spiritus
884 1947 937 1997 S..
964 1963 1029 2002 per
1056 1963 1165 2001 quem
1195 1950 1430 2001 potissimum
1460 1949 1506 1986 ad
1537 1963 1659 1987 vcram
1688 1963 1730 1988 ac

318 2021 519 2058 salutarem
547 2018 616 2056 Dei
643 2018 721 2056 veri
750 2016 1002 2067 cognitionem
1030 2015 1312 2067 perveniamus:
1341 2015 1475 2059 Filius,
1502 2014 1638 2066 inquit,
1665 2015 1730 2066 qui

318 2091 372 2124 est
407 2085 446 2122 in
485 2084 567 2122 sinu
604 2082 738 2127 Patris,
766 2082 845 2133 ipse
873 2082 1075 2120 enarravit.
1128 2081 1178 2118 Et
1206 2080 1363 2131 ipsemet
1392 2079 1565 2117 Christus
1596 2079 1728 2117 Domi-

318 2165 406 2189 nus:
463 2150 599 2193 Nemo,
636 2148 774 2198 inquit,
810 2147 916 2185 novit
953 2147 1115 2192 Patrem,
1152 2145 1226 2183 nisi
1262 2145 1382 2183 Filius
1419 2149 1454 2182 et
1484 2145 1540 2182 cui
1569 2145 1728 2182 voluerit

317 2216 415 2253 filius
445 2214 618 2252 revelare.
673 2214 799 2251 Quare
828 2211 1034 2249 cavendum
1071 2214 1127 2248 est
1155 2210 1266 2247 nobis
1295 2209 1461 2249 omnino,
1491 2222 1537 2247 ne
1564 2209 1655 2260 quid
1683 2209 1728 2247 de

318 2280 398 2317 Deo
434 2279 544 2316 Patre
577 2277 828 2326 imaginemur
866 2275 1034 2326 scireque
1063 2275 1232 2319 velimus,
1261 2287 1372 2325 supra
1402 2286 1512 2324 quam
1541 2273 1652 2310 nobis
1677 2273 1725 2318 ab

319 2345 389 2383 hoc
424 2344 543 2395 ipsius
578 2343 657 2380 filio
696 2341 899 2379 revelatum
937 2340 1129 2378 habemus.
1188 2339 1329 2389 Estque
1364 2339 1458 2376 mira
1486 2337 1726 2375 revelationis

319 2408 460 2447 Christi
486 2408 595 2452 ratio,
622 2412 664 2444 ut
692 2406 835 2443 nullam
862 2405 973 2442 aliam
1001 2417 1113 2455 penes
1143 2417 1180 2441 se
1209 2404 1302 2441 ferat
1330 2402 1400 2440 Dei
1429 2402 1727 2451 Divinorumque

318 2472 486 2510 omnium
535 2470 787 2519 cognitionem
831 2472 894 2505 aut
938 2467 1234 2516 indagationem,
1279 2466 1340 2504 sed
1378 2468 1549 2503 excaecet
1585 2478 1725 2507 omnes,

320 2539 420 2576 dictu
447 2536 630 2580 mirabile,
664 2534 876 2585 quicunque
915 2537 1019 2570 extra
1047 2533 1144 2570 hanc
1172 2532 1289 2568 solam
1317 2530 1434 2581 ipsius
1461 2530 1724 2568 revelationem

321 2604 365 2641 de
402 2603 481 2641 Deo
517 2601 671 2652 aliquid,
707 2603 771 2637 aut
807 2599 940 2636 volunt
978 2610 1099 2643 nosse,
1140 2600 1204 2634 aut
1233 2609 1269 2633 se
1297 2608 1407 2633 nosse
1434 2598 1578 2644 putant,
1606 2609 1724 2645 neque

321 2667 492 2717 cuiquam
537 2665 741 2716 quidquam
789 2663 942 2700 omnino
990 2662 1034 2699 ad
1085 2661 1240 2698 salutem
1286 2659 1434 2704 revelet,
1472 2659 1536 2709 qui
1573 2672 1648 2696 non
1686 2674 1724 2697 se

320 2736 423 2769 extra
452 2731 575 2781 ipsum
603 2741 752 2767 caecum
782 2729 867 2775 (20)
897 2727 1051 2763 omnino
1080 2738 1160 2763 esse
1188 2722 1326 2762 fatetur
1354 2736 1434 2760 cum
1464 2723 1606 2771 gratiae
1635 2737 1723 2761 suae

320 2794 593 2846 imploratione.
640 2793 699 2830 Ita
726 2791 825 2830 enim
856 2791 900 2828 de
928 2803 964 2827 se
992 2790 1077 2840 ipso
1107 2788 1230 2827 verbis
1258 2787 1414 2837 ipsemet
1441 2787 1517 2825 suis
1545 2790 1720 2825 testatur:

320 2860 366 2897 In
393 2858 587 2903 iudicium,
621 2855 759 2906 inquit,
795 2854 877 2893 veui
916 2854 952 2891 in
981 2853 1164 2891 mundum
1193 2852 1304 2898 hunc,
1330 2854 1371 2889 ut
1399 2851 1463 2902 qui
1492 2864 1567 2888 non
1596 2851 1723 2890 vident
