1830 3147
209 108 273 154 [A.
300 108 343 145 D.
365 108 476 155 1552]
938 110 1007 149 672

209 217 272 252 N⁰.
300 218 356 252 88.
901 217 1014 265 [Autogr.
1036 221 1106 254 tund.
1126 219 1209 254 tansi.
1225 220 1254 253 tt.
1267 221 1292 253 S.
1309 219 1335 253 11.
1351 219 1394 254 ot.
1413 219 1529 261 Strype.
1546 230 1569 253 ο.
1585 220 1602 254 Ι.
1615 221 1642 254 ll.
1659 217 1735 263 3861]

835 339 890 376 Ad
916 339 1114 378 Cnenaum.

257 462 408 498 Rursum
445 460 691 508 perturbantur
723 462 860 509 quidam
899 473 918 497 e
944 467 1062 499 nostra
1087 464 1232 500 ecclesia
1257 467 1325 500 tam
1353 464 1387 500 in
1412 463 1550 504 maiore,
1572 475 1672 511 quam
1703 463 1735 498 in

208 522 338 558 minore
374 522 554 563 Sudwerk,
589 522 642 557 vir
673 522 882 559 clarissime!
910 525 946 558 et
970 535 1122 560 carceres
1148 524 1215 559 illis
1241 525 1470 566 intentantur,
1497 524 1563 559 nisi
1586 523 1630 559 ad
1654 534 1736 559 suas

210 584 381 631 paroecias
412 583 564 619 veniant.
612 583 760 619 Faciunt
797 587 911 620 autem
949 584 983 620 id
1020 597 1089 621 non
1127 589 1281 632 pastores
1315 586 1391 633 ipsi,
1424 585 1485 621 sed
1521 584 1647 621 aediles
1679 585 1737 632 qui

209 645 372 692 praefecti
399 644 618 681 ecclesiarum
644 647 825 687 vocantur,
851 657 920 692 qua
943 645 985 680 de
1014 657 1047 681 re
1071 657 1149 682 cnm
1175 646 1313 682 domino
1338 646 1625 682 reverendissimo
1656 657 1737 681 can-

209 704 351 740 cellario
378 705 406 748 ¹)
434 704 505 739 lieri
530 704 596 751 egi.
645 702 691 739 Et
717 703 773 739 ille
798 704 913 744 iussit.
936 709 977 739 ut
1002 716 1079 740 cum
1105 708 1165 741 tua
1190 704 1402 742 humanitate
1427 717 1572 752 agerem,
1596 708 1635 740 ut
1659 706 1735 752 ipso

208 769 387 812 praesente
421 767 456 800 in
489 769 614 801 senatu
640 765 740 801 hodie
765 778 784 800 a
808 766 953 812 prandio
978 778 1030 801 res
1059 778 1117 812 per
1141 770 1236 802 tuam
1262 765 1507 802 humanitatem
1536 778 1737 813 proponere·

209 832 276 866 tur,
311 826 554 872 pollicitusque
579 831 642 866 est,
667 837 702 860 se
727 825 824 860 nobis
852 824 1053 861 adiumento
1077 838 1152 861 esse
1177 825 1330 861 futurum
1354 827 1390 861 in
1423 830 1556 868 senatu,
1581 830 1618 860 ut
1644 837 1737 860 nian-

207 887 326 921 datum
362 887 396 921 in
429 886 561 932 scripto
586 884 628 920 ad
654 897 771 920 omnes
799 897 960 931 paroecos
986 890 1022 920 et
1046 886 1265 921 eeclesiarum
1293 888 1483 931 praefectos
1507 885 1540 921 in
1568 885 1735 921 Sudwerk

205 952 240 982 et
274 951 397 990 sancta
426 946 611 981 Catharina
644 946 871 988 obtineamus,
904 958 948 981 ne
980 947 1089 982 nostri
1114 947 1156 981 ab
1182 947 1250 982 illis
1273 947 1435 994 deinceps
1469 947 1530 982 hac
1569 948 1605 982 in
1639 951 1736 993 parte

206 1007 437 1042 molestentur
461 1006 508 1048 2).
557 1005 624 1040 Sed
660 1005 829 1041 eiusmodi
856 1006 1053 1042 mandatum
1082 1007 1231 1043 obtineri
1256 1012 1444 1057 oporteret,
1471 1008 1562 1055 quod
1590 1018 1650 1053 per
1674 1019 1735 1042 nos

205 1067 274 1102 illis
307 1066 431 1107 offerri,
468 1067 526 1113 qui
553 1070 689 1102 nostros
716 1066 912 1107 molestant,
938 1070 974 1102 et
998 1067 1133 1103 demum
1161 1080 1219 1114 per
1245 1080 1306 1104 nos
1331 1068 1435 1104 etiam
1461 1067 1636 1103 adservari
1662 1080 1737 1114 pos·

204 1129 260 1167 sit.
298 1140 340 1164 ue
373 1129 534 1174 deinceps
568 1128 666 1163 novis
701 1139 834 1163 rursum
870 1128 1040 1164 mandatis
1075 1129 1311 1177 impetrandis,
1337 1129 1365 1165 si
1393 1130 1478 1165 forte
1513 1129 1563 1165 ita
1599 1128 1738 1168 incidat,

210 1188 346 1224 molesti
383 1201 515 1235 semper
551 1194 586 1224 et
628 1190 763 1224 senatui
806 1190 870 1235 ipsi
908 1190 1002 1237 regio
1035 1194 1071 1225 et
1107 1194 1185 1226 tuae
1212 1190 1418 1226 humanitati
1452 1202 1526 1226 esse
1560 1202 1734 1236 cogamur.

213 1250 384 1285 Venturus
421 1262 512 1285 eram
553 1251 624 1296 ipse
660 1250 703 1285 ad
749 1255 842 1286 tuam
883 1251 1144 1293 humanitatem,
1175 1252 1235 1286 sed
1262 1264 1321 1298 per
1345 1252 1585 1298 gravissimum
1613 1251 1737 1297 capitis

206 1310 357 1345 dolorem
383 1311 538 1357 profecto
563 1323 631 1346 non
661 1311 767 1347 licuit.
821 1312 929 1347 Mitto
954 1315 1068 1347 tamen
1094 1313 1136 1347 ad
1164 1316 1257 1347 tunm
1285 1313 1531 1347 humanitatem
1560 1313 1648 1347 hunc
1674 1313 1735 1346 sra-

209 1376 296 1406 trem
332 1374 502 1412 nostrum,
543 1372 601 1418 qui
637 1376 690 1407 est
725 1384 813 1407 unus
846 1386 864 1406 e
901 1372 1093 1408 senioribus
1121 1378 1258 1408 nostrae
1284 1373 1447 1408 ecelesiae
1474 1375 1513 1417 3).
1545 1384 1674 1419 oroque
1699 1377 1737 1407 nt

206 1433 303 1468 illum
347 1433 491 1478 henigne
532 1432 652 1468 audiat
692 1437 727 1468 et
763 1433 931 1470 absolvat.
984 1435 1194 1469 Commendo
1229 1446 1281 1469 me
1318 1434 1578 1479 diligentissime
1617 1434 1733 1469 huma-

206 1495 309 1531 nitati
335 1498 428 1530 tuac.
480 1493 669 1540 [Novemh.
698 1494 822 1540 1552]

996 1556 1090 1591 Tuae
1115 1557 1346 1603 praestantiae
1371 1557 1642 1599 addictissimus,

1119 1617 1173 1652 lo.
1201 1617 1222 1652 a
1247 1617 1369 1653 LAsco
1393 1630 1436 1654 m.
1467 1630 1516 1664 pr.

255 1728 280 1767 ¹)
303 1727 469 1768 Peregrini
502 1727 628 1769 saepius
663 1727 700 1758 ab
729 1726 917 1759 officialibus
953 1727 1105 1758 ecelesiae
1142 1727 1346 1769 Anglicanae,
1384 1739 1517 1769 quorum
1554 1729 1739 1771 parochiam

209 1783 442 1822 inhabitabant,
476 1784 515 1814 ad
538 1783 716 1815 Ecclesiam
742 1784 978 1815 invitabantur:
1011 1784 1043 1815 ni
1067 1783 1224 1822 adessent,
1248 1785 1499 1817 sollicitarentur
1523 1786 1560 1817 ad
1588 1797 1739 1819 carceres.

210 1840 404 1871 Praesertim
427 1841 484 1871 sub
509 1840 601 1871 initio
624 1851 665 1871 m.
690 1840 771 1872 Nov.
795 1840 876 1871 1552
900 1841 1006 1872 Germ.
1031 1841 1117 1872 Eecl.
1141 1841 1291 1880 membra,
1316 1842 1369 1882 qui
1382 1842 1415 1872 in
1428 1842 1619 1873 Southwark
1632 1843 1737 1874 sedem

211 1896 356 1935 fixerant,
383 1896 582 1938 gravissimis
611 1895 829 1928 afficiebantur
851 1896 1017 1934 molestiis,
1041 1907 1118 1938 quas
1141 1899 1341 1939 praevertere
1364 1899 1496 1928 conatus
1519 1900 1567 1929 est
1588 1898 1607 1929 ὲ.
1629 1898 1742 1931 Lasco.

213 1952 262 1985 Cf.
287 1953 429 1991 swam,
452 1953 547 1985 Mem.
570 1953 612 1993 of
632 1952 755 1986 Cramn.
776 1951 804 1986 l.
827 1962 860 1994 Ρ.
883 1952 955 1986 341.
988 1952 1015 1992 ²)
1039 1953 1088 1985 Se.
1112 1953 1284 1992 Goodrick,
1307 1953 1401 1996 bshp.
1424 1954 1459 1985 of
1479 1954 1551 1996 Ely.
1579 1954 1612 1995 ¹³)
1635 1955 1742 1986 Haud-

213 2008 308 2040 dubie
331 2009 542 2041 Utenhovius.

215 2219 278 2256 N⁰.
305 2220 362 2255 89.
989 2219 1037 2265 [Ex
1059 2223 1128 2256 Arcti.
1150 2222 1221 2256 tomi.
1245 2221 1372 2255 additional
1390 2225 1418 2258 tt.
1436 2224 1460 2258 S.
1480 2222 1521 2259 11⁰.
1539 2225 1624 2259 21524.
1645 2226 1662 2259 t.
1682 2222 1741 2268 aa]
1774 2196 1777 2198 ·

760 2340 817 2376 Ad
843 2342 978 2378 REGEM
1004 2342 1215 2379 Pononmn.

265 2462 369 2497 Sacra
408 2461 577 2498 Maiestas
602 2463 713 2509 Regia
746 2467 781 2499 et
819 2464 978 2507 Domine,
1015 2465 1161 2501 Domine
1193 2466 1484 2504 Clementissime!
1534 2467 1739 2514 Perpetuam

218 2523 296 2559 fidei
320 2526 355 2558 et
380 2523 619 2559 observantiae
645 2536 739 2559 meae
764 2526 1113 2564 commendationem!

266 2584 343 2619 Etsi
378 2584 451 2619 scio
476 2596 585 2620 meam
611 2586 944 2622 commendationem
971 2587 1048 2634 plus
1074 2588 1163 2623 forte
1188 2588 1337 2624 invidiae
1351 2589 1448 2630 istic,
1472 2601 1570 2636 quam
1597 2591 1740 2636 gratiam

220 2643 411 2680 habituram
450 2657 522 2680 esse
557 2645 621 2680 sub
654 2645 716 2682 hac
742 2649 934 2692 temporum
956 2651 1151 2684 nostrorum
1178 2649 1372 2695 iniquitate,
1393 2649 1613 2684 serenissime
1647 2649 1742 2685 Rex!

219 2708 323 2751 atque
361 2705 505 2752 ipsemet
539 2707 653 2753 potius
692 2707 834 2743 aliorum
873 2708 950 2743 istic
984 2709 1283 2746 commendat-ioue
1315 2723 1442 2756 egeam,
1467 2722 1566 2756 quam
1594 2714 1631 2745 ut
1656 2711 1741 2746 alios

219 2766 480 2802 commendandi
506 2771 620 2813 partes
646 2769 727 2804 mihi
750 2770 993 2815 quoquomodo
1017 2782 1160 2813 sumam,
1185 2771 1241 2818 qui
1268 2771 1464 2817 praesertim
1484 2774 1536 2806 tot
1549 2771 1612 2806 iam
1632 2784 1741 2807 annos

221 2825 324 2861 istinc
356 2826 522 2862 abfuerim
556 2833 590 2863 et
624 2829 678 2864 vix
715 2829 778 2864 sim
817 2833 920 2865 notus
946 2833 1027 2865 tuae
1054 2832 1245 2872 Maiestati,
1275 2836 1508 2878 praeterquam
1535 2832 1569 2867 in
1595 2833 1742 2878 pueritia

221 2887 341 2939 ipsius,
365 2891 479 2923 tamen
505 2888 726 2925 inhumanum
753 2902 829 2926 esse
848 2891 978 2936 putavi,
992 2891 1083 2926 nolle
1101 2904 1286 2939 agnoscere
1302 2892 1393 2939 apud
1413 2896 1505 2935 tuam
1522 2893 1739 2930 Maiestatem
