1830 3147
853 63 921 98 583
1380 65 1441 112 [A.
1468 64 1514 102 D.
1542 66 1654 114 1544]

111 187 154 212 ex
180 173 500 222 Argentincnsibus
535 171 764 220 quibusdam,
792 171 855 218 qui
889 174 926 209 te
959 173 1042 207 ante
1074 171 1266 207 triennium
1300 171 1372 208 sere
1403 173 1478 210 vita
1502 174 1565 211 hac
1590 175 1648 212 ‹le-

108 237 272 273 functum
306 248 380 272 esse
413 233 639 271 affirmabant.
695 233 823 280 Neque
854 232 953 281 prius
988 238 1024 269 te
1060 245 1241 280 superesse
1274 235 1438 281 cognovi,
1471 247 1576 283 quam
1611 237 1647 274 id

110 298 193 334 mihi
231 298 367 334 Doctor
399 295 570 332 Albertus
603 294 904 341 Hardemburgns,
939 296 976 331 et
1009 294 1074 330 tibi
1108 295 1232 341 opinor
1257 295 1324 331 iam
1351 296 1456 332 etiam
1481 301 1600 342 notus,
1627 311 1646 335 e

107 359 263 407 Spirensi
297 360 478 394 conventu
513 369 624 404 nuper
656 356 899 403 significasset.
960 356 1092 392 Postea
1126 368 1209 392 vero
1244 356 1273 392 is
1305 356 1389 393 mihi
1422 360 1458 393 et
1492 364 1572 394 tuas
1607 366 1643 396 ct

105 419 303 466 Bullingeri
341 419 461 454 literas
494 417 627 465 pridem
661 418 869 461 transmisit,
907 429 996 464 quas
1027 416 1130 464 plane
1164 420 1334 464 utrasque
1367 419 1444 454 sine
1477 418 1641 467 lacrymis

106 481 223 528 legere
256 493 327 517 11011
360 480 472 528 potui,
510 480 560 515 ita
595 479 678 515 mihi
711 479 754 515 de
785 479 856 515 illis
887 478 1101 526 gratulabar,
1134 479 1201 515 nisi
1228 479 1325 526 quod
1359 479 1520 527 plurimis
1546 482 1640 517 curis

105 543 291 579 districtus
337 541 403 577 tibi
437 545 514 577 tum
551 540 761 588 respondere
793 553 864 577 non
898 541 1012 588 potui,
1046 553 1182 588 agoque
1213 541 1348 587 gratias
1382 543 1482 578 Patri
1517 546 1641 580 nostro

101 602 255 646 caelesti,
289 602 384 649 quod
419 607 456 638 te
481 602 592 638 adhue
618 601 793 639 Ecclesiae
819 614 903 637 suae
928 601 1122 638 servaverit
1147 605 1184 638 et
1209 605 1337 647 servet,
1364 615 1454 650 quae
1479 616 1584 648 nunc,
1610 605 1639 641 si

102 676 259 711 unquam
285 663 371 700 alias
397 664 559 700 fidelibus
585 663 756 700 ministris
783 676 885 710 egere
911 663 1065 699 videtur.

146 725 237 761 Mihi
263 737 408 773 quoque
434 737 645 772 magnopere
671 737 753 761 sane
778 724 952 771 gratulor,
970 724 1065 771 quod
1091 724 1152 767 Te,
1180 728 1334 760 veterem
1353 724 1501 760 amicum
1520 738 1635 761 meum

96 785 255 832 adeoque
288 792 562 833 praeceptorem,
599 786 635 821 111
671 785 762 821 vivis
796 786 947 822 habeam.
998 786 1192 832 Nunquam
1227 797 1370 832 possum
1404 786 1480 822 sine
1512 799 1637 833 magna

96 846 202 881 animi
236 847 421 894 voluptate
457 847 654 883 meminisse
687 846 954 883 consuetudinis
988 850 1131 883 nostrae
1155 846 1359 882 Basiliensis
1381 848 1421 893 ¹),
1458 847 1519 883 sed
1544 860 1634 883 nuu-

96 919 201 954 quam
228 908 313 943 satis
340 920 481 943 rursum
507 907 625 943 dolere
651 920 806 955 possum,
834 907 928 943 illam
954 907 1038 943 mihi
1063 911 1140 943 tum
1166 908 1337 944 maiorum
1363 920 1520 944 meorum
1533 912 1634 945 auto-

96 969 203 1005 ritate
238 970 474 1016 interruptam
508 969 627 1006 fuisse.
677 970 784 1005 Nune
820 969 912 1006 enim
940 969 1101 1016 intelligo
1129 976 1302 1016 quantum
1330 970 1467 1006 fructus
1493 982 1632 1018 pereep-

96 1033 200 1066 turus
235 1043 328 1066 eram
360 1043 402 1066 ex
437 1031 584 1074 Erasini,
611 1031 686 1066 Tua
712 1035 748 1067 et
774 1030 1033 1078 Oecolampadii
1058 1030 1324 1074 consuetudine,
1351 1031 1380 1066 si
1405 1031 1465 1066 illa
1490 1031 1626 1067 diutius

95 1091 164 1127 srui
197 1091 366 1128 licuisset.
404 1092 521 1135 Nunc,
558 1105 647 1138 quae
681 1092 718 1128 in
752 1092 934 1128 Hebraicis
971 1104 1013 1128 ex
1046 1095 1082 1127 te
1115 1092 1313 1136 didiceram,
1349 1094 1466 1128 onmia
1490 1093 1633 1141 penitus

93 1153 312 1196 exciderunt,
347 1156 383 1189 et
415 1158 554 1201 tempus
588 1153 676 1189 illud
712 1157 841 1197 totum,
876 1166 947 1200 quo
982 1154 1150 1189 Erasmus
1184 1153 1345 1201 deinceps
1378 1155 1480 1198 vixit,
1507 1155 1632 1191 misere

94 1214 179 1250 mihi
213 1217 331 1250 totum
366 1215 471 1262 periit
504 1214 836 1253 incursitationibus
874 1215 1006 1251 bellicis
1039 1214 1254 1251 tumultibus
1295 1219 1332 1251 et
1366 1215 1459 1251 fastu
1506 1216 1630 1261 aulico,

92 1274 189 1322 quod
214 1275 342 1311 studiis
369 1275 526 1322 alioquin
552 1276 638 1311 meis
664 1275 865 1323 impendere
889 1275 1004 1312 multo
1031 1275 1166 1311 felicius
1194 1276 1397 1323 potuissem.

138 1335 205 1372 Sed
239 1335 351 1372 bonus
386 1337 483 1372 Deus
516 1350 570 1373 me
603 1337 687 1372 mihi
713 1349 855 1373 rursum
880 1337 1042 1373 restituit
1077 1340 1185 1384 atque
1218 1337 1261 1373 ad
1287 1350 1403 1374 veram
1430 1339 1484 1375 sui
1510 1341 1628 1386 cogni-

93 1397 226 1434 tionem
253 1411 271 1434 e
298 1397 412 1434 medio
438 1398 674 1434 Pharisaismo
701 1398 840 1435 demum
866 1398 1074 1434 mirabiliter
1100 1399 1272 1442 evocavit,
1297 1420 1344 1426 -—
1370 1399 1421 1435 illi
1446 1400 1559 1447 gloria
1594 1401 1629 1437 in

88 1459 248 1495 saccula!
279 1461 400 1495 Amen.
427 1459 534 1496 Nunc
552 1460 663 1506 igitur
680 1460 763 1495 inihi
781 1460 901 1496 divino
921 1460 1080 1496 benificio
1099 1459 1270 1504 redditus,
1290 1461 1465 1498 Ecclesiae
1484 1463 1628 1506 Christi,

89 1533 194 1567 quam
220 1520 256 1555 111
284 1520 519 1556 Pharisaismo
546 1533 622 1556 meo
648 1533 711 1568 per
736 1521 969 1567 ignorantiam
999 1521 1149 1564 oderam,
1176 1521 1307 1557 servire
1333 1534 1396 1569 pro
1414 1536 1489 1558 mea
1508 1524 1626 1559 tenui-

86 1584 162 1616 tate
186 1593 308 1624 conor,
332 1593 370 1616 ac
397 1593 519 1628 precor
545 1581 685 1616 Domini
713 1581 995 1624 misericordiam,
1024 1584 1064 1617 ut
1090 1581 1267 1617 minutum
1293 1595 1408 1618 meum
1435 1583 1527 1620 inter
1553 1598 1623 1620 ma-

85 1645 213 1691 gnifica
250 1644 399 1680 aliorum
432 1657 577 1680 munera
613 1644 738 1680 viduae
764 1644 860 1680 illius
886 1645 1117 1692 Evangelieae
1144 1645 1302 1692 exemplo
1329 1659 1372 1681 ne
1407 1652 1627 1694 aspernetur,

85 1706 146 1742 sed
172 1705 260 1742 illud
288 1706 436 1752 benigne
463 1706 638 1753 suscipere
664 1706 830 1753 dignetur
855 1705 898 1741 ad
924 1705 1101 1742 Ecclesiae
1125 1720 1208 1743 suae
1230 1707 1518 1744 aedificationem.
1546 1709 1625 1745 Scio

87 1765 173 1813 quid
199 1766 234 1802 in
274 1779 327 1802 1110
352 1766 545 1802 desiderem
580 1769 616 1802 et
654 1766 801 1814 proinde
826 1779 845 1802 a
871 1766 985 1802 doctis
1011 1767 1124 1803 iuvari
1150 1768 1265 1815 cupio.
1316 1769 1394 1804 Hoc
1418 1769 1565 1806 consilio
1591 1773 1627 1806 et

83 1827 282 1874 Bullingeri
322 1827 511 1863 amicitiani
545 1828 701 1875 expetivi
725 1829 768 1874 ⁶2),
809 1827 910 1863 0111115
942 1828 1202 1874 simplicitatem
1238 1832 1274 1864 et
1308 1829 1514 1865 modestiam
1551 1844 1622 1866 11011

84 1900 226 1935 possum
264 1901 335 1924 non
369 1901 495 1924 amare.
545 1888 647 1934 Quod
681 1888 711 1924 si
743 1893 779 1924 te
804 1888 888 1924 mihi
914 1901 1097 1936 superesse
1122 1889 1312 1933 scivissem,
1340 1897 1376 1926 te
1402 1890 1456 1926 hic
1483 1891 1623 1938 potissi-

83 1961 179 1984 mum
204 1949 418 1996 apellassem.
469 1950 575 1986 Nunc
603 1962 685 1985 vero
711 1952 905 1996 utrumque
932 1953 1088 1985 vestrum
1121 1950 1258 1997 appello
1293 1964 1434 1998 unaque
1460 1958 1496 1988 et
1523 1953 1621 2000 Sym-

84 2014 215 2056 mystas
242 2013 378 2046 vestros
405 2023 536 2053 omnes,
562 2015 671 2057 atque
696 2023 716 2046 a
743 2010 841 2046 vobis
868 2011 981 2046 iuvari
1007 2010 1163 2058 postulo.
1206 2011 1351 2048 Videbis
1379 2012 1475 2048 brevi
1502 2021 1624 2049 nostra

82 2070 252 2117 quaedam
285 2070 378 2118 apud
411 2070 667 2117 Bullingerum,
694 2083 784 2118 quae
811 2071 945 2106 Doctor
971 2070 1140 2107 Albertus
1166 2071 1209 2108 ad
1235 2072 1335 2108 illum
1362 2077 1415 2109 est
1442 2075 1622 2110 transmis-

83 2144 198 2168 surus.
250 2132 389 2168 Horum
417 2141 452 2169 te
478 2145 622 2180 quoque
647 2132 879 2169 aristarchum
906 2145 980 2168 esse
1007 2132 1100 2169 volo.

133 2193 186 2228 De
212 2196 276 2229 tuo
302 2194 338 2230 in
364 2194 547 2230 Erasmum
573 2194 690 2230 animo
717 2207 788 2230 non
813 2194 973 2230 dubitavi
999 2207 1166 2241 unquam,
1193 2208 1307 2242 neque
1333 2195 1440 2231 ullam
1466 2196 1559 2233 inter
1586 2201 1622 2233 te

78 2257 115 2290 et
149 2253 261 2298 illum,
295 2267 374 2291 eum
408 2267 479 2291 una
514 2268 679 2299 essemus,
718 2255 935 2292 simultatem
970 2255 1226 2303 deprehendere
1261 2257 1374 2305 potui,
1409 2258 1477 2294 nisi
1511 2258 1618 2305 quod,

77 2328 158 2353 cum
184 2316 379 2352 doctrinam
414 2316 675 2365 Oecolampadii
711 2317 754 2353 de
780 2316 897 2352 Caena
923 2317 1067 2353 Domini
1093 2317 1159 2353 sibi
1185 2318 1341 2354 nondum
1367 2319 1453 2354 satis
1479 2319 1618 2366 probari

78 2390 181 2425 posse
206 2377 350 2421 diecret,
376 2391 445 2414 non
475 2378 618 2422 serebat,
645 2378 674 2414 si
700 2378 792 2425 quis,
819 2391 855 2414 se
880 2390 959 2414 cum
986 2378 1255 2427 Oeeolampadio
1273 2379 1363 2416 idem
1382 2380 1618 2424 doecre‚affir-

76 2441 217 2475 masset.
267 2439 423 2474 Tametsi
462 2444 503 2474 tu
546 2439 582 2474 in
623 2438 818 2475 doctrinam
857 2439 1118 2487 Oecolampadii
1158 2440 1226 2476 iam
1261 2443 1338 2476 tum
1374 2442 1619 2489 propcndems,

74 2498 135 2536 ille
161 2512 255 2542 vero,
282 2512 352 2535 non
379 2506 450 2535 tam
478 2499 662 2536 damnaret
688 2499 796 2544 illam,
823 2511 929 2547 quam
954 2500 1087 2537 diceret
1105 2501 1236 2548 potius,
1255 2501 1322 2537 sibi
1343 2501 1437 2537 illam
1457 2503 1612 2539 nondum

75 2561 161 2597 satis
188 2560 326 2608 probari
351 2574 465 2609 posse,
499 2573 570 2597 11011
601 2560 676 2597 ideo
703 2563 821 2597 tamen
846 2561 1035 2597 amicitiam
1062 2567 1216 2597 vestram
1242 2562 1456 2599 dissolutum
1483 2564 1526 2599 iri
1551 2576 1614 2612 pu-

75 2622 202 2666 tabam,
237 2622 439 2669 praescrtim
473 2635 553 2658 eum
593 2621 761 2658 Erasmus
789 2623 863 2670 ipse
889 2635 952 2670 pro
979 2635 1043 2658 sua
1068 2623 1160 2670 apud
1186 2636 1240 2659 me
1266 2623 1431 2661 libertate
1457 2638 1527 2661 11011
1554 2628 1614 2662 01)-

73 2696 175 2721 scure
200 2688 403 2727 testaretur,
429 2697 466 2720 se
491 2688 622 2720 certam
650 2683 775 2720 habere
801 2697 871 2720 non
890 2696 990 2731 posse
1009 2683 1112 2719 etiam
1131 2683 1312 2721 doctrinae
1329 2698 1413 2721 suae
1431 2687 1612 2723 rationem.

73 2745 264 2781 Fatebatur
290 2746 391 2788 enim,
419 2758 494 2781 esse
519 2744 705 2792 quaedam,
732 2739 823 2792 spae
849 2758 886 2781 se
913 2745 946 2780 in
972 2757 1037 2780 sua
1061 2745 1171 2792 ipsius
1197 2745 1358 2782 doctrina
1383 2746 1613 2790 offenderent,

71 2805 133 2842 sed
170 2818 207 2843 se
240 2819 311 2843 non
345 2806 468 2842 habere
500 2817 641 2841 rursum
669 2805 806 2842 dicebat
832 2805 982 2842 solidum
1017 2805 1222 2853 quidquam,
1247 2806 1304 2842 cui
1330 2807 1555 2851 inniteretur,
1581 2808 1611 2844 si

73 2866 232 2904 doctrina
266 2881 329 2905 sua
361 2867 427 2905 sihi
459 2866 678 2904 immutanda
703 2869 808 2912 esset,
834 2871 870 2904 et
895 2866 1040 2916 proinde
1066 2879 1102 2904 se
1128 2867 1162 2903 in
1190 2870 1308 2906 vetere
1335 2869 1511 2905 sententia
1529 2882 1606 2919 per-
