<?xml version="1.0" encoding="UTF-8"?>
<!DOCTYPE html PUBLIC "-//W3C//DTD XHTML 1.0 Transitional//EN"
    "http://www.w3.org/TR/xhtml1/DTD/xhtml1-transitional.dtd">
<html xmlns="http://www.w3.org/1999/xhtml" xml:lang="en" lang="en">
 <head>
  <title>
</title>
<meta http-equiv="Content-Type" content="text/html;charset=utf-8" />
  <meta name='ocr-system' content='tesseract 3.04.00' />
  <meta name='ocr-capabilities' content='ocr_page ocr_carea ocr_par ocr_line ocrx_word'/>
</head>
<body>
  <div class='ocr_page' id='page_1' title='image "./operatameditaqua02lask_0597.png"; bbox 0 0 1830 3147; ppageno 0'>
   <div class='ocr_carea' id='block_1_1' title="bbox 835 86 1638 135">
    <p class='ocr_par' dir='ltr' id='par_1_1' title="bbox 835 86 1638 135">
     <span class='ocr_line' id='line_1_1' title="bbox 835 86 1638 135; baseline 0 -13"><span class='ocrx_word' id='word_1_1' title='bbox 835 87 909 126; x_wconf 76' lang='lat'>⁵77·</span> <span class='ocrx_word' id='word_1_2' title='bbox 1367 86 1428 135; x_wconf 84' lang='lat' dir='ltr'><strong>[A.</strong></span> <span class='ocrx_word' id='word_1_3' title='bbox 1455 86 1500 123; x_wconf 89' lang='lat' dir='ltr'><strong>D.</strong></span> <span class='ocrx_word' id='word_1_4' title='bbox 1528 87 1638 135; x_wconf 85' lang='lat'>1544]</span> 
     </span>
    </p>
   </div>
   <div class='ocr_carea' id='block_1_2' title="bbox 92 192 1639 2924">
    <p class='ocr_par' dir='ltr' id='par_1_2' title="bbox 95 192 1637 364">
     <span class='ocr_line' id='line_1_2' title="bbox 99 192 1637 243; baseline 0.001 -14"><span class='ocrx_word' id='word_1_5' title='bbox 99 193 196 236; x_wconf 90' lang='lat' dir='ltr'><strong>dero,</strong></span> <span class='ocrx_word' id='word_1_6' title='bbox 223 198 300 229; x_wconf 90' lang='lat' dir='ltr'><strong>tum</strong></span> <span class='ocrx_word' id='word_1_7' title='bbox 328 195 481 241; x_wconf 80' lang='lat' dir='ltr'><strong>repetam</strong></span> <span class='ocrx_word' id='word_1_8' title='bbox 507 204 527 228; x_wconf 88' lang='lat' dir='ltr'><strong>a</strong></span> <span class='ocrx_word' id='word_1_9' title='bbox 552 196 601 237; x_wconf 89' lang='lat' dir='ltr'><strong>te,</strong></span> <span class='ocrx_word' id='word_1_10' title='bbox 627 204 719 239; x_wconf 83' lang='lat' dir='ltr'><strong>quae</strong></span> <span class='ocrx_word' id='word_1_11' title='bbox 743 192 859 231; x_wconf 80' lang='lat' dir='ltr'><strong>debes.</strong></span> <span class='ocrx_word' id='word_1_12' title='bbox 901 193 965 230; x_wconf 86' lang='lat' dir='ltr'><strong>Sin</strong></span> <span class='ocrx_word' id='word_1_13' title='bbox 991 193 1120 238; x_wconf 88' lang='lat' dir='ltr'><strong>minus,</strong></span> <span class='ocrx_word' id='word_1_14' title='bbox 1144 196 1221 230; x_wconf 88' lang='lat' dir='ltr'><strong>tum</strong></span> <span class='ocrx_word' id='word_1_15' title='bbox 1247 194 1352 231; x_wconf 90' lang='lat' dir='ltr'><strong>etiam</strong></span> <span class='ocrx_word' id='word_1_16' title='bbox 1376 194 1499 231; x_wconf 82' lang='lat' dir='ltr'><strong>addam</strong></span> <span class='ocrx_word' id='word_1_17' title='bbox 1524 194 1637 243; x_wconf 85' lang='lat' dir='ltr'><strong>plura,</strong></span> 
     </span>
     <span class='ocr_line' id='line_1_3' title="bbox 97 253 1636 302; baseline 0.001 -12"><span class='ocrx_word' id='word_1_18' title='bbox 97 260 140 290; x_wconf 87' lang='lat' dir='ltr'><strong>ut</strong></span> <span class='ocrx_word' id='word_1_19' title='bbox 173 255 236 302; x_wconf 89' lang='lat' dir='ltr'><strong>qui</strong></span> <span class='ocrx_word' id='word_1_20' title='bbox 272 255 336 291; x_wconf 88' lang='lat' dir='ltr'><strong>tibi</strong></span> <span class='ocrx_word' id='word_1_21' title='bbox 370 253 502 290; x_wconf 91' lang='lat' dir='ltr'><strong>dudum</strong></span> <span class='ocrx_word' id='word_1_22' title='bbox 534 253 818 291; x_wconf 88' lang='lat' dir='ltr'><strong>communionem</strong></span> <span class='ocrx_word' id='word_1_23' title='bbox 853 253 1043 292; x_wconf 78' lang='lat' dir='ltr'><strong>detulerim</strong></span> <span class='ocrx_word' id='word_1_24' title='bbox 1076 267 1194 291; x_wconf 89' lang='lat' dir='ltr'><strong>rerum</strong></span> <span class='ocrx_word' id='word_1_25' title='bbox 1226 267 1381 292; x_wconf 87' lang='lat' dir='ltr'><strong>mearum</strong></span> <span class='ocrx_word' id='word_1_26' title='bbox 1406 255 1574 300; x_wconf 88' lang='lat' dir='ltr'><strong>omnium,</strong></span> <span class='ocrx_word' id='word_1_27' title='bbox 1600 256 1636 293; x_wconf 87' lang='lat' dir='ltr'><strong>in</strong></span> 
     </span>
     <span class='ocr_line' id='line_1_4' title="bbox 95 315 1386 364; baseline 0.002 -13"><span class='ocrx_word' id='word_1_28' title='bbox 95 317 200 352; x_wconf 89' lang='lat' dir='ltr'><strong>cuius</strong></span> <span class='ocrx_word' id='word_1_29' title='bbox 225 315 445 364; x_wconf 85' lang='lat' dir='ltr'>possessione</span> <span class='ocrx_word' id='word_1_30' title='bbox 471 320 507 351; x_wconf 87' lang='lat' dir='ltr'><strong>te</strong></span> <span class='ocrx_word' id='word_1_31' title='bbox 533 327 621 359; x_wconf 86' lang='lat' dir='ltr'><strong>esse,</strong></span> <span class='ocrx_word' id='word_1_32' title='bbox 648 318 805 353; x_wconf 81' lang='lat' dir='ltr'>statuere</span> <span class='ocrx_word' id='word_1_33' title='bbox 829 319 925 353; x_wconf 88' lang='lat' dir='ltr'><strong>certe</strong></span> <span class='ocrx_word' id='word_1_34' title='bbox 949 315 1066 360; x_wconf 86' lang='lat' dir='ltr'><strong>debes,</strong></span> <span class='ocrx_word' id='word_1_35' title='bbox 1092 316 1152 352; x_wconf 88' lang='lat' dir='ltr'><strong>ubi</strong></span> <span class='ocrx_word' id='word_1_36' title='bbox 1178 316 1240 352; x_wconf 94' lang='lat' dir='ltr'><strong>ubi</strong></span> <span class='ocrx_word' id='word_1_37' title='bbox 1265 317 1386 354; x_wconf 85' lang='lat' dir='ltr'><strong>fueris.</strong></span> 
     </span>
    </p>

    <p class='ocr_par' dir='ltr' id='par_1_3' title="bbox 95 376 1638 593">
     <span class='ocr_line' id='line_1_5' title="bbox 144 376 1636 424; baseline 0 -11"><span class='ocrx_word' id='word_1_38' title='bbox 144 377 434 424; x_wconf 85' lang='lat' dir='ltr'><strong>Responsionem‚</strong></span> <span class='ocrx_word' id='word_1_39' title='bbox 469 388 575 423; x_wconf 86' lang='lat' dir='ltr'><strong>quam</strong></span> <span class='ocrx_word' id='word_1_40' title='bbox 608 376 778 413; x_wconf 88' lang='lat' dir='ltr'><strong>adversus</strong></span> <span class='ocrx_word' id='word_1_41' title='bbox 804 377 1053 414; x_wconf 89' lang='lat' dir='ltr'><strong>Coloniensem</strong></span> <span class='ocrx_word' id='word_1_42' title='bbox 1079 390 1150 413; x_wconf 91' lang='lat' dir='ltr'><strong>una</strong></span> <span class='ocrx_word' id='word_1_43' title='bbox 1175 390 1254 414; x_wconf 90' lang='lat' dir='ltr'><strong>cum</strong></span> <span class='ocrx_word' id='word_1_44' title='bbox 1281 378 1419 416; x_wconf 88' lang='lat' dir='ltr'><strong>Bucero</strong></span> <span class='ocrx_word' id='word_1_45' title='bbox 1445 378 1636 422; x_wconf 87' lang='lat' dir='ltr'><strong>adornatis,</strong></span> 
     </span>
     <span class='ocr_line' id='line_1_6' title="bbox 95 436 1638 486; baseline 0.002 -14"><span class='ocrx_word' id='word_1_46' title='bbox 95 436 149 473; x_wconf 87' lang='lat' dir='ltr'><strong>fac</strong></span> <span class='ocrx_word' id='word_1_47' title='bbox 174 440 217 473; x_wconf 86' lang='lat' dir='ltr'><strong>ut</strong></span> <span class='ocrx_word' id='word_1_48' title='bbox 241 437 381 473; x_wconf 85' lang='lat' dir='ltr'><strong>habeam</strong></span> <span class='ocrx_word' id='word_1_49' title='bbox 413 438 468 483; x_wconf 64' lang='grc' dir='ltr'><strong>Μ).</strong></span> <span class='ocrx_word' id='word_1_50' title='bbox 522 437 653 474; x_wconf 88' lang='lat' dir='ltr'><strong>Petrus</strong></span> <span class='ocrx_word' id='word_1_51' title='bbox 687 437 924 474; x_wconf 88' lang='lat' dir='ltr'><strong>Medmannus</strong></span> <span class='ocrx_word' id='word_1_52' title='bbox 953 440 997 486; x_wconf 87' lang='lat'><strong>¹⁵)</strong></span> <span class='ocrx_word' id='word_1_53' title='bbox 1032 438 1100 474; x_wconf 89' lang='lat' dir='ltr'><strong>erit</strong></span> <span class='ocrx_word' id='word_1_54' title='bbox 1125 437 1226 474; x_wconf 89' lang='lat' dir='ltr'><strong>nobis</strong></span> <span class='ocrx_word' id='word_1_55' title='bbox 1251 439 1473 485; x_wconf 87' lang='lat' dir='ltr'><strong>gratissimus</strong></span> <span class='ocrx_word' id='word_1_56' title='bbox 1497 439 1638 486; x_wconf 67' lang='lat' dir='ltr'><strong>hospes·</strong></span> 
     </span>
     <span class='ocr_line' id='line_1_7' title="bbox 95 497 1634 548; baseline 0.003 -15"><span class='ocrx_word' id='word_1_57' title='bbox 95 497 126 533; x_wconf 89' lang='lat' dir='ltr'><strong>si</strong></span> <span class='ocrx_word' id='word_1_58' title='bbox 148 497 192 534; x_wconf 91' lang='lat' dir='ltr'><strong>ad</strong></span> <span class='ocrx_word' id='word_1_59' title='bbox 217 509 282 534; x_wconf 91' lang='lat' dir='ltr'><strong>nos</strong></span> <span class='ocrx_word' id='word_1_60' title='bbox 306 498 438 541; x_wconf 88' lang='lat' dir='ltr'><strong>veniat,</strong></span> <span class='ocrx_word' id='word_1_61' title='bbox 465 501 502 534; x_wconf 93' lang='lat' dir='ltr'><strong>et</strong></span> <span class='ocrx_word' id='word_1_62' title='bbox 528 497 654 534; x_wconf 90' lang='lat' dir='ltr'><strong>vellem</strong></span> <span class='ocrx_word' id='word_1_63' title='bbox 680 500 723 534; x_wconf 91' lang='lat' dir='ltr'><strong>ut</strong></span> <span class='ocrx_word' id='word_1_64' title='bbox 750 499 909 536; x_wconf 86' lang='lat' dir='ltr'><strong>veniret:</strong></span> <span class='ocrx_word' id='word_1_65' title='bbox 936 499 1049 536; x_wconf 85' lang='lat' dir='ltr'><strong>multa</strong></span> <span class='ocrx_word' id='word_1_66' title='bbox 1074 500 1167 536; x_wconf 89' lang='lat' dir='ltr'><strong>enim</strong></span> <span class='ocrx_word' id='word_1_67' title='bbox 1192 499 1235 536; x_wconf 91' lang='lat' dir='ltr'><strong>de</strong></span> <span class='ocrx_word' id='word_1_68' title='bbox 1259 500 1410 537; x_wconf 89' lang='lat' dir='ltr'><strong>hominis</strong></span> <span class='ocrx_word' id='word_1_69' title='bbox 1427 500 1634 548; x_wconf 86' lang='lat' dir='ltr'><strong>integritate</strong></span> 
     </span>
     <span class='ocr_line' id='line_1_8' title="bbox 95 556 229 593; baseline 0 -1"><span class='ocrx_word' id='word_1_70' title='bbox 95 556 229 593; x_wconf 85' lang='lat' dir='ltr'><strong>audivi.</strong></span> 
     </span>
    </p>

    <p class='ocr_par' dir='ltr' id='par_1_4' title="bbox 92 618 1637 1089">
     <span class='ocr_line' id='line_1_9' title="bbox 145 618 1634 667; baseline 0.002 -14"><span class='ocrx_word' id='word_1_71' title='bbox 145 618 272 655; x_wconf 85' lang='lat' dir='ltr'><strong>Vestes</strong></span> <span class='ocrx_word' id='word_1_72' title='bbox 297 623 381 654; x_wconf 88' lang='lat' dir='ltr'><strong>tuae</strong></span> <span class='ocrx_word' id='word_1_73' title='bbox 407 618 640 654; x_wconf 87' lang='lat' dir='ltr'><strong>excutiuntur</strong></span> <span class='ocrx_word' id='word_1_74' title='bbox 666 630 928 666; x_wconf 86' lang='lat' dir='ltr'><strong>saepenumero,</strong></span> <span class='ocrx_word' id='word_1_75' title='bbox 953 621 996 655; x_wconf 90' lang='lat' dir='ltr'><strong>ut</strong></span> <span class='ocrx_word' id='word_1_76' title='bbox 1021 631 1093 655; x_wconf 89' lang='lat' dir='ltr'><strong>non</strong></span> <span class='ocrx_word' id='word_1_77' title='bbox 1118 622 1239 667; x_wconf 88' lang='lat' dir='ltr'><strong>putem</strong></span> <span class='ocrx_word' id='word_1_78' title='bbox 1265 630 1342 655; x_wconf 89' lang='lat' dir='ltr'><strong>esse</strong></span> <span class='ocrx_word' id='word_1_79' title='bbox 1367 632 1387 656; x_wconf 88' lang='lat' dir='ltr'><strong>a</strong></span> <span class='ocrx_word' id='word_1_80' title='bbox 1412 619 1518 656; x_wconf 86' lang='lat' dir='ltr'><strong>tineis</strong></span> <span class='ocrx_word' id='word_1_81' title='bbox 1544 620 1634 667; x_wconf 90' lang='lat' dir='ltr'><strong>peri-</strong></span> 
     </span>
     <span class='ocr_line' id='line_1_10' title="bbox 95 677 1636 728; baseline 0.002 -14"><span class='ocrx_word' id='word_1_82' title='bbox 95 677 227 722; x_wconf 90' lang='lat' dir='ltr'><strong>culum,</strong></span> <span class='ocrx_word' id='word_1_83' title='bbox 263 681 509 726; x_wconf 78' lang='lat' dir='ltr'><strong>praeterquam</strong></span> <span class='ocrx_word' id='word_1_84' title='bbox 545 677 642 724; x_wconf 90' lang='lat' dir='ltr'><strong>quod</strong></span> <span class='ocrx_word' id='word_1_85' title='bbox 669 678 804 714; x_wconf 76' lang='lat' dir='ltr'>tibialia</span> <span class='ocrx_word' id='word_1_86' title='bbox 830 680 875 725; x_wconf 71' lang='lat'><strong>¹²⁵)</strong></span> <span class='ocrx_word' id='word_1_87' title='bbox 902 679 969 715; x_wconf 88' lang='lat' dir='ltr'><strong>iam</strong></span> <span class='ocrx_word' id='word_1_88' title='bbox 996 679 1160 716; x_wconf 84' lang='lat' dir='ltr'><strong>arrodere</strong></span> <span class='ocrx_word' id='word_1_89' title='bbox 1184 684 1384 728; x_wconf 77' lang='lat' dir='ltr'><strong>coeperant,</strong></span> <span class='ocrx_word' id='word_1_90' title='bbox 1409 681 1470 717; x_wconf 89' lang='lat' dir='ltr'><strong>sed</strong></span> <span class='ocrx_word' id='word_1_91' title='bbox 1495 694 1636 718; x_wconf 89' lang='lat' dir='ltr'><strong>rursum</strong></span> 
     </span>
     <span class='ocr_line' id='line_1_11' title="bbox 92 738 1635 788; baseline 0.003 -14"><span class='ocrx_word' id='word_1_92' title='bbox 92 751 259 775; x_wconf 82' lang='lat' dir='ltr'><strong>excussae</strong></span> <span class='ocrx_word' id='word_1_93' title='bbox 284 741 381 775; x_wconf 86' lang='lat' dir='ltr'><strong>sunt.</strong></span> <span class='ocrx_word' id='word_1_94' title='bbox 415 738 493 784; x_wconf 78' lang='lat' dir='ltr'><strong>Ego</strong></span> <span class='ocrx_word' id='word_1_95' title='bbox 520 749 605 774; x_wconf 88' lang='lat' dir='ltr'><strong>vero</strong></span> <span class='ocrx_word' id='word_1_96' title='bbox 631 739 803 786; x_wconf 88' lang='lat' dir='ltr'><strong>reliquam</strong></span> <span class='ocrx_word' id='word_1_97' title='bbox 830 739 905 775; x_wconf 88' lang='lat' dir='ltr'><strong>eius</strong></span> <span class='ocrx_word' id='word_1_98' title='bbox 931 739 1090 776; x_wconf 85' lang='lat' dir='ltr'><strong>cucullae</strong></span> <span class='ocrx_word' id='word_1_99' title='bbox 1117 744 1198 776; x_wconf 88' lang='lat' dir='ltr'><strong>tuae</strong></span> <span class='ocrx_word' id='word_1_100' title='bbox 1224 745 1358 788; x_wconf 84' lang='lat' dir='ltr'><strong>partem</strong></span> <span class='ocrx_word' id='word_1_101' title='bbox 1386 742 1502 787; x_wconf 86' lang='lat' dir='ltr'><strong>(cuius</strong></span> <span class='ocrx_word' id='word_1_102' title='bbox 1528 743 1635 778; x_wconf 89' lang='lat' dir='ltr'><strong>mani-</strong></span> 
     </span>
     <span class='ocr_line' id='line_1_12' title="bbox 93 799 1635 848; baseline 0.001 -11"><span class='ocrx_word' id='word_1_103' title='bbox 93 814 170 837; x_wconf 89' lang='lat' dir='ltr'><strong>cam</strong></span> <span class='ocrx_word' id='word_1_104' title='bbox 203 800 246 836; x_wconf 87' lang='lat' dir='ltr'><strong>ad</strong></span> <span class='ocrx_word' id='word_1_105' title='bbox 277 803 314 836; x_wconf 88' lang='lat' dir='ltr'><strong>te</strong></span> <span class='ocrx_word' id='word_1_106' title='bbox 350 799 589 846; x_wconf 81' lang='lat' dir='ltr'><strong>Witebergam</strong></span> <span class='ocrx_word' id='word_1_107' title='bbox 625 799 802 846; x_wconf 86' lang='lat' dir='ltr'><strong>miseram)</strong></span> <span class='ocrx_word' id='word_1_108' title='bbox 840 800 878 836; x_wconf 92' lang='lat' dir='ltr'><strong>in</strong></span> <span class='ocrx_word' id='word_1_109' title='bbox 902 812 1005 835; x_wconf 91' lang='lat' dir='ltr'><strong>usum</strong></span> <span class='ocrx_word' id='word_1_110' title='bbox 1033 813 1148 837; x_wconf 88' lang='lat' dir='ltr'><strong>meum</strong></span> <span class='ocrx_word' id='word_1_111' title='bbox 1173 801 1302 848; x_wconf 87' lang='lat' dir='ltr'><strong>accepi,</strong></span> <span class='ocrx_word' id='word_1_112' title='bbox 1328 801 1532 838; x_wconf 85' lang='lat' dir='ltr'><strong>redditurus</strong></span> <span class='ocrx_word' id='word_1_113' title='bbox 1558 814 1635 838; x_wconf 91' lang='lat' dir='ltr'><strong>rur-</strong></span> 
     </span>
     <span class='ocr_line' id='line_1_13' title="bbox 95 858 1634 907; baseline 0.002 -11"><span class='ocrx_word' id='word_1_114' title='bbox 95 873 186 897; x_wconf 89' lang='lat' dir='ltr'><strong>sum.</strong></span> <span class='ocrx_word' id='word_1_115' title='bbox 237 858 433 902; x_wconf 87' lang='lat' dir='ltr'><strong>Annulum,</strong></span> <span class='ocrx_word' id='word_1_116' title='bbox 466 858 528 905; x_wconf 90' lang='lat' dir='ltr'><strong>qui</strong></span> <span class='ocrx_word' id='word_1_117' title='bbox 563 858 675 895; x_wconf 89' lang='lat' dir='ltr'><strong>adhuc</strong></span> <span class='ocrx_word' id='word_1_118' title='bbox 707 859 801 907; x_wconf 89' lang='lat' dir='ltr'><strong>apud</strong></span> <span class='ocrx_word' id='word_1_119' title='bbox 825 872 890 896; x_wconf 92' lang='lat' dir='ltr'><strong>nos</strong></span> <span class='ocrx_word' id='word_1_120' title='bbox 916 862 1004 903; x_wconf 89' lang='lat' dir='ltr'><strong>erat,</strong></span> <span class='ocrx_word' id='word_1_121' title='bbox 1030 859 1073 896; x_wconf 90' lang='lat' dir='ltr'><strong>ad</strong></span> <span class='ocrx_word' id='word_1_122' title='bbox 1098 863 1135 896; x_wconf 85' lang='lat' dir='ltr'><strong>te</strong></span> <span class='ocrx_word' id='word_1_123' title='bbox 1161 860 1266 897; x_wconf 90' lang='lat' dir='ltr'><strong>mitto</strong></span> <span class='ocrx_word' id='word_1_124' title='bbox 1292 864 1334 896; x_wconf 87' lang='lat' dir='ltr'><strong>ut</strong></span> <span class='ocrx_word' id='word_1_125' title='bbox 1360 860 1513 898; x_wconf 88' lang='lat' dir='ltr'><strong>volebas.</strong></span> <span class='ocrx_word' id='word_1_126' title='bbox 1561 863 1634 899; x_wconf 86' lang='lat' dir='ltr'><strong>Pro</strong></span> 
     </span>
     <span class='ocr_line' id='line_1_14' title="bbox 94 919 1637 968; baseline 0.002 -12"><span class='ocrx_word' id='word_1_127' title='bbox 94 920 229 956; x_wconf 90' lang='lat' dir='ltr'><strong>sanctis</strong></span> <span class='ocrx_word' id='word_1_128' title='bbox 255 919 380 955; x_wconf 85' lang='lat' dir='ltr'><strong>Bibliis</strong></span> <span class='ocrx_word' id='word_1_129' title='bbox 405 919 553 955; x_wconf 86' lang='lat' dir='ltr'><strong>scribam</strong></span> <span class='ocrx_word' id='word_1_130' title='bbox 578 919 621 956; x_wconf 89' lang='lat' dir='ltr'><strong>ad</strong></span> <span class='ocrx_word' id='word_1_131' title='bbox 648 920 819 955; x_wconf 76' lang='lat' dir='ltr'><strong>Catonem</strong></span> <span class='ocrx_word' id='word_1_132' title='bbox 842 923 896 964; x_wconf 77' lang='lat'><strong>¹⁷),</strong></span> <span class='ocrx_word' id='word_1_133' title='bbox 921 924 964 956; x_wconf 93' lang='lat' dir='ltr'><strong>ut</strong></span> <span class='ocrx_word' id='word_1_134' title='bbox 991 919 1101 957; x_wconf 89' lang='lat' dir='ltr'><strong>iubes.</strong></span> <span class='ocrx_word' id='word_1_135' title='bbox 1127 920 1184 956; x_wconf 91' lang='lat' dir='ltr'><strong>Ad</strong></span> <span class='ocrx_word' id='word_1_136' title='bbox 1209 925 1304 964; x_wconf 81' lang='lat' dir='ltr'><strong>tuos,</strong></span> <span class='ocrx_word' id='word_1_137' title='bbox 1330 933 1479 968; x_wconf 88' lang='lat' dir='ltr'><strong>quorum</strong></span> <span class='ocrx_word' id='word_1_138' title='bbox 1495 923 1637 959; x_wconf 87' lang='lat' dir='ltr'><strong>nomina</strong></span> 
     </span>
     <span class='ocr_line' id='line_1_15' title="bbox 95 979 1636 1030; baseline 0.002 -13"><span class='ocrx_word' id='word_1_139' title='bbox 95 981 210 1017; x_wconf 88' lang='lat' dir='ltr'><strong>literis</strong></span> <span class='ocrx_word' id='word_1_140' title='bbox 235 980 431 1024; x_wconf 84' lang='lat' dir='ltr'><strong>inseruisti,</strong></span> <span class='ocrx_word' id='word_1_141' title='bbox 466 979 614 1016; x_wconf 89' lang='lat' dir='ltr'><strong>scribam</strong></span> <span class='ocrx_word' id='word_1_142' title='bbox 639 979 753 1017; x_wconf 85' lang='lat' dir='ltr'><strong>multo</strong></span> <span class='ocrx_word' id='word_1_143' title='bbox 777 980 1019 1018; x_wconf 84' lang='lat' dir='ltr'><strong>libentissime.</strong></span> <span class='ocrx_word' id='word_1_144' title='bbox 1068 981 1217 1018; x_wconf 85' lang='lat' dir='ltr'><strong>Utinam</strong></span> <span class='ocrx_word' id='word_1_145' title='bbox 1244 981 1325 1026; x_wconf 89' lang='lat' dir='ltr'><strong>illis,</strong></span> <span class='ocrx_word' id='word_1_146' title='bbox 1351 982 1447 1030; x_wconf 90' lang='lat' dir='ltr'><strong>quod</strong></span> <span class='ocrx_word' id='word_1_147' title='bbox 1472 984 1636 1028; x_wconf 87' lang='lat' dir='ltr'><strong>suadebo,</strong></span> 
     </span>
     <span class='ocr_line' id='line_1_16' title="bbox 96 1040 493 1089; baseline -0.003 -12"><span class='ocrx_word' id='word_1_148' title='bbox 96 1040 309 1089; x_wconf 89' lang='lat' dir='ltr'><strong>persuadere</strong></span> <span class='ocrx_word' id='word_1_149' title='bbox 337 1041 493 1088; x_wconf 89' lang='lat' dir='ltr'><strong>possem!</strong></span> 
     </span>
    </p>

    <p class='ocr_par' dir='ltr' id='par_1_5' title="bbox 94 1101 1638 1456">
     <span class='ocr_line' id='line_1_17' title="bbox 143 1101 1638 1140; baseline 0.001 -2"><span class='ocrx_word' id='word_1_150' title='bbox 143 1101 411 1139; x_wconf 84' lang='lat' dir='ltr'><strong>Schwencfeldii</strong></span> <span class='ocrx_word' id='word_1_151' title='bbox 437 1101 524 1138; x_wconf 86' lang='lat' dir='ltr'><strong>nihil</strong></span> <span class='ocrx_word' id='word_1_152' title='bbox 550 1101 622 1138; x_wconf 89' lang='lat' dir='ltr'><strong>vidi</strong></span> <span class='ocrx_word' id='word_1_153' title='bbox 648 1102 832 1139; x_wconf 85' lang='lat' dir='ltr'><strong>hactenus.</strong></span> <span class='ocrx_word' id='word_1_154' title='bbox 857 1101 956 1138; x_wconf 91' lang='lat' dir='ltr'><strong>Nihil</strong></span> <span class='ocrx_word' id='word_1_155' title='bbox 982 1102 1109 1137; x_wconf 87' lang='lat' dir='ltr'><strong>mirum</strong></span> <span class='ocrx_word' id='word_1_156' title='bbox 1134 1106 1252 1139; x_wconf 87' lang='lat' dir='ltr'><strong>autem</strong></span> <span class='ocrx_word' id='word_1_157' title='bbox 1279 1103 1408 1139; x_wconf 77' lang='lat' dir='ltr'><strong>exoriri</strong></span> <span class='ocrx_word' id='word_1_158' title='bbox 1433 1116 1526 1140; x_wconf 88' lang='lat' dir='ltr'><strong>nunc</strong></span> <span class='ocrx_word' id='word_1_159' title='bbox 1551 1104 1638 1140; x_wconf 87' lang='lat' dir='ltr'><strong>talia</strong></span> 
     </span>
     <span class='ocr_line' id='line_1_18' title="bbox 96 1160 1637 1213; baseline 0.001 -13"><span class='ocrx_word' id='word_1_160' title='bbox 96 1166 266 1207; x_wconf 89' lang='lat' dir='ltr'><strong>monstra,</strong></span> <span class='ocrx_word' id='word_1_161' title='bbox 291 1176 371 1200; x_wconf 89' lang='lat' dir='ltr'><strong>cum</strong></span> <span class='ocrx_word' id='word_1_162' title='bbox 397 1170 555 1199; x_wconf 68' lang='lat' dir='ltr'><strong>extrema</strong></span> <span class='ocrx_word' id='word_1_163' title='bbox 579 1163 652 1199; x_wconf 90' lang='lat' dir='ltr'><strong>sint</strong></span> <span class='ocrx_word' id='word_1_164' title='bbox 663 1160 849 1211; x_wconf 55' lang='lat' dir='ltr'><strong>{tempora,</strong></span> <span class='ocrx_word' id='word_1_165' title='bbox 874 1163 911 1199; x_wconf 89' lang='lat' dir='ltr'><strong>in</strong></span> <span class='ocrx_word' id='word_1_166' title='bbox 937 1163 1066 1210; x_wconf 88' lang='lat' dir='ltr'><strong>quibus</strong></span> <span class='ocrx_word' id='word_1_167' title='bbox 1091 1167 1248 1200; x_wconf 86' lang='lat' dir='ltr'><strong>armatus</strong></span> <span class='ocrx_word' id='word_1_168' title='bbox 1266 1164 1325 1200; x_wconf 94' lang='lat' dir='ltr'><strong>ille</strong></span> <span class='ocrx_word' id='word_1_169' title='bbox 1343 1168 1379 1201; x_wconf 91' lang='lat' dir='ltr'><strong>et</strong></span> <span class='ocrx_word' id='word_1_170' title='bbox 1396 1168 1534 1213; x_wconf 65' lang='lat' dir='ltr'><strong>potem,</strong></span> <span class='ocrx_word' id='word_1_171' title='bbox 1552 1166 1637 1203; x_wconf 86' lang='lat' dir='ltr'><strong>dum</strong></span> 
     </span>
     <span class='ocr_line' id='line_1_19' title="bbox 94 1223 1637 1275; baseline 0.003 -15"><span class='ocrx_word' id='word_1_172' title='bbox 94 1225 206 1261; x_wconf 87' lang='lat' dir='ltr'><strong>sentit</strong></span> <span class='ocrx_word' id='word_1_173' title='bbox 232 1224 444 1272; x_wconf 87' lang='lat' dir='ltr'><strong>potentioris</strong></span> <span class='ocrx_word' id='word_1_174' title='bbox 469 1223 661 1260; x_wconf 85' lang='lat' dir='ltr'><strong>adventum</strong></span> <span class='ocrx_word' id='word_1_175' title='bbox 687 1224 756 1260; x_wconf 89' lang='lat' dir='ltr'><strong>iam</strong></span> <span class='ocrx_word' id='word_1_176' title='bbox 782 1225 928 1268; x_wconf 89' lang='lat' dir='ltr'><strong>instare,</strong></span> <span class='ocrx_word' id='word_1_177' title='bbox 954 1228 1150 1261; x_wconf 78' lang='lat' dir='ltr'><strong>extremum</strong></span> <span class='ocrx_word' id='word_1_178' title='bbox 1177 1226 1289 1273; x_wconf 83' lang='lat' dir='ltr'><strong>(quod</strong></span> <span class='ocrx_word' id='word_1_179' title='bbox 1307 1226 1452 1275; x_wconf 89' lang='lat' dir='ltr'><strong>dicitur)</strong></span> <span class='ocrx_word' id='word_1_180' title='bbox 1470 1232 1637 1265; x_wconf 90' lang='lat' dir='ltr'><strong>conatum</strong></span> 
     </span>
     <span class='ocr_line' id='line_1_20' title="bbox 95 1285 1635 1334; baseline 0.003 -12"><span class='ocrx_word' id='word_1_181' title='bbox 95 1285 178 1322; x_wconf 89' lang='lat' dir='ltr'><strong>edat</strong></span> <span class='ocrx_word' id='word_1_182' title='bbox 202 1285 246 1323; x_wconf 85' lang='lat' dir='ltr'><strong>ad</strong></span> <span class='ocrx_word' id='word_1_183' title='bbox 271 1297 419 1332; x_wconf 89' lang='lat' dir='ltr'><strong>regnum</strong></span> <span class='ocrx_word' id='word_1_184' title='bbox 444 1298 549 1321; x_wconf 90' lang='lat' dir='ltr'><strong>suum</strong></span> <span class='ocrx_word' id='word_1_185' title='bbox 574 1285 746 1321; x_wconf 90' lang='lat' dir='ltr'><strong>tuendum</strong></span> <span class='ocrx_word' id='word_1_186' title='bbox 771 1285 939 1322; x_wconf 89' lang='lat' dir='ltr'><strong>adversus</strong></span> <span class='ocrx_word' id='word_1_187' title='bbox 969 1285 1182 1334; x_wconf 89' lang='lat' dir='ltr'><strong>potentioris</strong></span> <span class='ocrx_word' id='word_1_188' title='bbox 1198 1287 1407 1334; x_wconf 87' lang='lat' dir='ltr'><strong>potentiam.</strong></span> <span class='ocrx_word' id='word_1_189' title='bbox 1434 1289 1635 1326; x_wconf 84' lang='lat' dir='ltr'><strong>Dolendum</strong></span> 
     </span>
     <span class='ocr_line' id='line_1_21' title="bbox 95 1346 1638 1400; baseline 0.004 -17"><span class='ocrx_word' id='word_1_190' title='bbox 95 1350 149 1384; x_wconf 92' lang='lat' dir='ltr'><strong>est</strong></span> <span class='ocrx_word' id='word_1_191' title='bbox 182 1351 302 1384; x_wconf 88' lang='lat' dir='ltr'><strong>tamen</strong></span> <span class='ocrx_word' id='word_1_192' title='bbox 334 1346 454 1383; x_wconf 90' lang='lat' dir='ltr'><strong>seduci</strong></span> <span class='ocrx_word' id='word_1_193' title='bbox 479 1350 551 1384; x_wconf 87' lang='lat' dir='ltr'><strong>tam</strong></span> <span class='ocrx_word' id='word_1_194' title='bbox 577 1346 723 1383; x_wconf 89' lang='lat' dir='ltr'><strong>multos.</strong></span> <span class='ocrx_word' id='word_1_195' title='bbox 772 1347 840 1384; x_wconf 81' lang='lat' dir='ltr'><strong>Sed</strong></span> <span class='ocrx_word' id='word_1_196' title='bbox 866 1348 949 1384; x_wconf 89' lang='lat' dir='ltr'><strong>haec</strong></span> <span class='ocrx_word' id='word_1_197' title='bbox 975 1351 1029 1384; x_wconf 90' lang='lat' dir='ltr'><strong>est</strong></span> <span class='ocrx_word' id='word_1_198' title='bbox 1054 1349 1322 1395; x_wconf 87' lang='lat' dir='ltr'><strong>ingratitudinis</strong></span> <span class='ocrx_word' id='word_1_199' title='bbox 1347 1353 1490 1388; x_wconf 88' lang='lat' dir='ltr'><strong>nostrae</strong></span> <span class='ocrx_word' id='word_1_200' title='bbox 1515 1364 1638 1400; x_wconf 86' lang='lat' dir='ltr'><strong>poena,</strong></span> 
     </span>
     <span class='ocr_line' id='line_1_22' title="bbox 97 1408 1322 1456; baseline 0.002 -12"><span class='ocrx_word' id='word_1_201' title='bbox 97 1411 141 1445; x_wconf 91' lang='lat' dir='ltr'><strong>ut</strong></span> <span class='ocrx_word' id='word_1_202' title='bbox 165 1408 354 1445; x_wconf 84' lang='lat' dir='ltr'><strong>mendaciis</strong></span> <span class='ocrx_word' id='word_1_203' title='bbox 380 1409 562 1445; x_wconf 85' lang='lat' dir='ltr'><strong>credamus</strong></span> <span class='ocrx_word' id='word_1_204' title='bbox 587 1408 701 1453; x_wconf 88' lang='lat' dir='ltr'><strong>facile,</strong></span> <span class='ocrx_word' id='word_1_205' title='bbox 727 1409 790 1456; x_wconf 89' lang='lat' dir='ltr'><strong>qui</strong></span> <span class='ocrx_word' id='word_1_206' title='bbox 815 1409 961 1446; x_wconf 85' lang='lat' dir='ltr'><strong>veritati</strong></span> <span class='ocrx_word' id='word_1_207' title='bbox 979 1410 1119 1446; x_wconf 91' lang='lat' dir='ltr'><strong>credere</strong></span> <span class='ocrx_word' id='word_1_208' title='bbox 1144 1410 1322 1448; x_wconf 90' lang='lat' dir='ltr'><strong>nolumus.</strong></span> 
     </span>
    </p>

    <p class='ocr_par' dir='ltr' id='par_1_6' title="bbox 93 1469 1639 2069">
     <span class='ocr_line' id='line_1_23' title="bbox 147 1469 1639 1520; baseline 0.002 -14"><span class='ocrx_word' id='word_1_209' title='bbox 147 1470 260 1506; x_wconf 85' lang='lat' dir='ltr'><strong>Mitto</strong></span> <span class='ocrx_word' id='word_1_210' title='bbox 294 1470 361 1506; x_wconf 91' lang='lat' dir='ltr'><strong>tibi</strong></span> <span class='ocrx_word' id='word_1_211' title='bbox 387 1469 564 1518; x_wconf 82' lang='lat' dir='ltr'><strong>exemplar</strong></span> <span class='ocrx_word' id='word_1_212' title='bbox 590 1474 789 1518; x_wconf 79' lang='lat' dir='ltr'><strong>postremae</strong></span> <span class='ocrx_word' id='word_1_213' title='bbox 814 1483 909 1508; x_wconf 87' lang='lat' dir='ltr'><strong>meae</strong></span> <span class='ocrx_word' id='word_1_214' title='bbox 934 1471 978 1508; x_wconf 88' lang='lat' dir='ltr'><strong>ad</strong></span> <span class='ocrx_word' id='word_1_215' title='bbox 1004 1471 1176 1508; x_wconf 85' lang='lat' dir='ltr'><strong>Davidem</strong></span> <span class='ocrx_word' id='word_1_216' title='bbox 1203 1472 1374 1519; x_wconf 88' lang='lat' dir='ltr'><strong>epistolae</strong></span> <span class='ocrx_word' id='word_1_217' title='bbox 1402 1474 1459 1520; x_wconf 84' lang='lat'><strong>¹8).</strong></span> <span class='ocrx_word' id='word_1_218' title='bbox 1513 1473 1639 1510; x_wconf 85' lang='lat' dir='ltr'><strong>Postea</strong></span> 
     </span>
     <span class='ocr_line' id='line_1_24' title="bbox 95 1531 1636 1583; baseline 0.003 -16"><span class='ocrx_word' id='word_1_219' title='bbox 95 1531 184 1568; x_wconf 88' lang='lat' dir='ltr'><strong>nihil</strong></span> <span class='ocrx_word' id='word_1_220' title='bbox 216 1531 258 1568; x_wconf 91' lang='lat' dir='ltr'><strong>ab</strong></span> <span class='ocrx_word' id='word_1_221' title='bbox 293 1532 354 1568; x_wconf 92' lang='lat' dir='ltr'><strong>illo</strong></span> <span class='ocrx_word' id='word_1_222' title='bbox 382 1532 498 1578; x_wconf 84' lang='lat' dir='ltr'><strong>accepi</strong></span> <span class='ocrx_word' id='word_1_223' title='bbox 526 1533 568 1578; x_wconf 75' lang='lat'><strong>¹⁹)</strong></span> <span class='ocrx_word' id='word_1_224' title='bbox 602 1536 639 1568; x_wconf 91' lang='lat' dir='ltr'><strong>et</strong></span> <span class='ocrx_word' id='word_1_225' title='bbox 664 1532 825 1568; x_wconf 86' lang='lat' dir='ltr'><strong>fortassis</strong></span> <span class='ocrx_word' id='word_1_226' title='bbox 850 1545 922 1569; x_wconf 91' lang='lat' dir='ltr'><strong>non</strong></span> <span class='ocrx_word' id='word_1_227' title='bbox 946 1533 1113 1581; x_wconf 87' lang='lat' dir='ltr'><strong>accipiam</strong></span> <span class='ocrx_word' id='word_1_228' title='bbox 1138 1533 1287 1581; x_wconf 86' lang='lat' dir='ltr'><strong>amplius</strong></span> <span class='ocrx_word' id='word_1_229' title='bbox 1312 1534 1513 1581; x_wconf 90' lang='lat' dir='ltr'><strong>quicquam,</strong></span> <span class='ocrx_word' id='word_1_230' title='bbox 1539 1547 1636 1583; x_wconf 88' lang='lat' dir='ltr'><strong>prae-</strong></span> 
     </span>
     <span class='ocr_line' id='line_1_25' title="bbox 95 1592 1636 1641; baseline 0.003 -12"><span class='ocrx_word' id='word_1_231' title='bbox 95 1594 218 1629; x_wconf 85' lang='lat' dir='ltr'><strong>sertim</strong></span> <span class='ocrx_word' id='word_1_232' title='bbox 251 1593 282 1629; x_wconf 91' lang='lat' dir='ltr'><strong>si</strong></span> <span class='ocrx_word' id='word_1_233' title='bbox 314 1593 394 1629; x_wconf 88' lang='lat' dir='ltr'><strong>hinc</strong></span> <span class='ocrx_word' id='word_1_234' title='bbox 428 1605 511 1630; x_wconf 91' lang='lat' dir='ltr'><strong>suos</strong></span> <span class='ocrx_word' id='word_1_235' title='bbox 545 1592 628 1641; x_wconf 90' lang='lat' dir='ltr'><strong>pelli</strong></span> <span class='ocrx_word' id='word_1_236' title='bbox 661 1593 793 1630; x_wconf 86' lang='lat' dir='ltr'><strong>audiat.</strong></span> <span class='ocrx_word' id='word_1_237' title='bbox 843 1594 1010 1630; x_wconf 84' lang='lat' dir='ltr'><strong>Ostendit</strong></span> <span class='ocrx_word' id='word_1_238' title='bbox 1043 1595 1127 1630; x_wconf 89' lang='lat' dir='ltr'><strong>mihi</strong></span> <span class='ocrx_word' id='word_1_239' title='bbox 1161 1595 1302 1631; x_wconf 80' lang='lat' dir='ltr'><strong>Gabriel</strong></span> <span class='ocrx_word' id='word_1_240' title='bbox 1335 1599 1455 1632; x_wconf 83' lang='lat' dir='ltr'><strong>noster</strong></span> <span class='ocrx_word' id='word_1_241' title='bbox 1480 1596 1567 1639; x_wconf 89' lang='lat' dir='ltr'><strong>loca,</strong></span> <span class='ocrx_word' id='word_1_242' title='bbox 1593 1609 1636 1633; x_wconf 86' lang='lat' dir='ltr'><strong>ex</strong></span> 
     </span>
     <span class='ocr_line' id='line_1_26' title="bbox 96 1653 1638 1704; baseline 0.003 -15"><span class='ocrx_word' id='word_1_243' title='bbox 96 1654 225 1701; x_wconf 90' lang='lat' dir='ltr'><strong>quibus</strong></span> <span class='ocrx_word' id='word_1_244' title='bbox 251 1654 311 1690; x_wconf 92' lang='lat' dir='ltr'><strong>ille</strong></span> <span class='ocrx_word' id='word_1_245' title='bbox 336 1654 533 1691; x_wconf 89' lang='lat' dir='ltr'><strong>doctrinam</strong></span> <span class='ocrx_word' id='word_1_246' title='bbox 559 1666 657 1690; x_wconf 90' lang='lat' dir='ltr'><strong>suam</strong></span> <span class='ocrx_word' id='word_1_247' title='bbox 684 1653 849 1701; x_wconf 81' lang='lat' dir='ltr'><strong>colligere</strong></span> <span class='ocrx_word' id='word_1_248' title='bbox 874 1655 1028 1691; x_wconf 92' lang='lat' dir='ltr'><strong>videtur.</strong></span> <span class='ocrx_word' id='word_1_249' title='bbox 1071 1655 1137 1693; x_wconf 87' lang='lat' dir='ltr'><strong>Sed</strong></span> <span class='ocrx_word' id='word_1_250' title='bbox 1165 1667 1230 1692; x_wconf 88' lang='lat' dir='ltr'><strong>nos</strong></span> <span class='ocrx_word' id='word_1_251' title='bbox 1255 1656 1310 1692; x_wconf 87' lang='lat' dir='ltr'><strong>hic</strong></span> <span class='ocrx_word' id='word_1_252' title='bbox 1334 1656 1436 1704; x_wconf 89' lang='lat' dir='ltr'><strong>plura</strong></span> <span class='ocrx_word' id='word_1_253' title='bbox 1460 1657 1638 1702; x_wconf 88' lang='lat' dir='ltr'><strong>habemus,</strong></span> 
     </span>
     <span class='ocr_line' id='line_1_27' title="bbox 95 1714 1639 1766; baseline 0.002 -15"><span class='ocrx_word' id='word_1_254' title='bbox 95 1716 164 1752; x_wconf 90' lang='lat' dir='ltr'><strong>nisi</strong></span> <span class='ocrx_word' id='word_1_255' title='bbox 201 1715 297 1762; x_wconf 91' lang='lat' dir='ltr'><strong>quod</strong></span> <span class='ocrx_word' id='word_1_256' title='bbox 332 1728 397 1762; x_wconf 84' lang='lat' dir='ltr'><strong>ego</strong></span> <span class='ocrx_word' id='word_1_257' title='bbox 431 1715 473 1752; x_wconf 90' lang='lat' dir='ltr'><strong>de</strong></span> <span class='ocrx_word' id='word_1_258' title='bbox 498 1716 541 1752; x_wconf 89' lang='lat' dir='ltr'><strong>iis</strong></span> <span class='ocrx_word' id='word_1_259' title='bbox 567 1728 647 1751; x_wconf 91' lang='lat' dir='ltr'><strong>cum</strong></span> <span class='ocrx_word' id='word_1_260' title='bbox 673 1714 835 1751; x_wconf 88' lang='lat' dir='ltr'><strong>Gabriele</strong></span> <span class='ocrx_word' id='word_1_261' title='bbox 860 1715 1009 1752; x_wconf 88' lang='lat' dir='ltr'><strong>liberum</strong></span> <span class='ocrx_word' id='word_1_262' title='bbox 1035 1716 1253 1764; x_wconf 90' lang='lat' dir='ltr'><strong>colloquium</strong></span> <span class='ocrx_word' id='word_1_263' title='bbox 1278 1717 1403 1754; x_wconf 86' lang='lat' dir='ltr'><strong>habere</strong></span> <span class='ocrx_word' id='word_1_264' title='bbox 1428 1731 1496 1754; x_wconf 89' lang='lat' dir='ltr'><strong>non</strong></span> <span class='ocrx_word' id='word_1_265' title='bbox 1524 1719 1639 1766; x_wconf 86' lang='lat' dir='ltr'><strong>potui,</strong></span> 
     </span>
     <span class='ocr_line' id='line_1_28' title="bbox 96 1768 1637 1828; baseline 0.003 -16"><span class='ocrx_word' id='word_1_266' title='bbox 96 1776 192 1823; x_wconf 85' lang='lat' dir='ltr'><strong>quod</strong></span> <span class='ocrx_word' id='word_1_267' title='bbox 224 1776 335 1812; x_wconf 89' lang='lat' dir='ltr'><strong>latine</strong></span> <span class='ocrx_word' id='word_1_268' title='bbox 369 1768 514 1812; x_wconf 86' lang='lat' dir='ltr'><strong>nesciat.</strong></span> <span class='ocrx_word' id='word_1_269' title='bbox 563 1776 726 1811; x_wconf 85' lang='lat' dir='ltr'><strong>Breviter</strong></span> <span class='ocrx_word' id='word_1_270' title='bbox 764 1776 881 1812; x_wconf 89' lang='lat' dir='ltr'><strong>David</strong></span> <span class='ocrx_word' id='word_1_271' title='bbox 913 1776 993 1813; x_wconf 91' lang='lat' dir='ltr'><strong>vult</strong></span> <span class='ocrx_word' id='word_1_272' title='bbox 1029 1790 1066 1814; x_wconf 88' lang='lat' dir='ltr'><strong>se</strong></span> <span class='ocrx_word' id='word_1_273' title='bbox 1090 1779 1235 1824; x_wconf 84' lang='lat' dir='ltr'><strong>agnosci</strong></span> <span class='ocrx_word' id='word_1_274' title='bbox 1260 1779 1488 1817; x_wconf 87' lang='lat' dir='ltr'><strong>Emanuelem</strong></span> <span class='ocrx_word' id='word_1_275' title='bbox 1512 1792 1533 1816; x_wconf 89' lang='lat' dir='ltr'><strong>a</strong></span> <span class='ocrx_word' id='word_1_276' title='bbox 1559 1792 1637 1828; x_wconf 90' lang='lat' dir='ltr'><strong>pro-</strong></span> 
     </span>
     <span class='ocr_line' id='line_1_29' title="bbox 93 1837 1637 1887; baseline 0.004 -15"><span class='ocrx_word' id='word_1_277' title='bbox 93 1837 209 1885; x_wconf 88' lang='lat' dir='ltr'><strong>phetis</strong></span> <span class='ocrx_word' id='word_1_278' title='bbox 247 1839 468 1886; x_wconf 88' lang='lat' dir='ltr'><strong>promissum,</strong></span> <span class='ocrx_word' id='word_1_279' title='bbox 500 1837 565 1874; x_wconf 86' lang='lat' dir='ltr'><strong>hoc</strong></span> <span class='ocrx_word' id='word_1_280' title='bbox 599 1839 664 1878; x_wconf 89' lang='lat' dir='ltr'><strong>est,</strong></span> <span class='ocrx_word' id='word_1_281' title='bbox 698 1849 760 1884; x_wconf 86' lang='lat' dir='ltr'><strong>per</strong></span> <span class='ocrx_word' id='word_1_282' title='bbox 791 1850 827 1874; x_wconf 88' lang='lat' dir='ltr'><strong>se</strong></span> <span class='ocrx_word' id='word_1_283' title='bbox 863 1838 898 1874; x_wconf 86' lang='lat' dir='ltr'><strong>id</strong></span> <span class='ocrx_word' id='word_1_284' title='bbox 930 1838 1004 1874; x_wconf 92' lang='lat' dir='ltr'><strong>fieri</strong></span> <span class='ocrx_word' id='word_1_285' title='bbox 1035 1839 1104 1875; x_wconf 89' lang='lat' dir='ltr'><strong>iam</strong></span> <span class='ocrx_word' id='word_1_286' title='bbox 1137 1843 1174 1876; x_wconf 89' lang='lat' dir='ltr'><strong>et</strong></span> <span class='ocrx_word' id='word_1_287' title='bbox 1208 1839 1320 1876; x_wconf 87' lang='lat' dir='ltr'><strong>indies</strong></span> <span class='ocrx_word' id='word_1_288' title='bbox 1347 1841 1421 1877; x_wconf 87' lang='lat' dir='ltr'><strong>fore</strong></span> <span class='ocrx_word' id='word_1_289' title='bbox 1447 1842 1567 1887; x_wconf 79' lang='lat' dir='ltr'><strong>magis,</strong></span> <span class='ocrx_word' id='word_1_290' title='bbox 1595 1844 1637 1878; x_wconf 90' lang='lat' dir='ltr'><strong>ut</strong></span> 
     </span>
     <span class='ocr_line' id='line_1_30' title="bbox 99 1899 1634 1948; baseline 0.001 -13"><span class='ocrx_word' id='word_1_291' title='bbox 99 1899 280 1935; x_wconf 90' lang='lat' dir='ltr'><strong>nobiscum</strong></span> <span class='ocrx_word' id='word_1_292' title='bbox 307 1900 354 1935; x_wconf 88' lang='lat' dir='ltr'><strong>sit</strong></span> <span class='ocrx_word' id='word_1_293' title='bbox 380 1899 489 1935; x_wconf 89' lang='lat' dir='ltr'><strong>Deus.</strong></span> <span class='ocrx_word' id='word_1_294' title='bbox 544 1899 646 1935; x_wconf 81' lang='lat' dir='ltr'><strong>Hanc</strong></span> <span class='ocrx_word' id='word_1_295' title='bbox 672 1899 920 1946; x_wconf 86' lang='lat' dir='ltr'><strong>blasphemiam</strong></span> <span class='ocrx_word' id='word_1_296' title='bbox 956 1900 1040 1946; x_wconf 90' lang='lat' dir='ltr'><strong>quia</strong></span> <span class='ocrx_word' id='word_1_297' title='bbox 1067 1900 1157 1936; x_wconf 88' lang='lat' dir='ltr'><strong>ferre</strong></span> <span class='ocrx_word' id='word_1_298' title='bbox 1182 1913 1253 1937; x_wconf 88' lang='lat' dir='ltr'><strong>non</strong></span> <span class='ocrx_word' id='word_1_299' title='bbox 1280 1902 1473 1948; x_wconf 84' lang='lat' dir='ltr'><strong>potuimus,</strong></span> <span class='ocrx_word' id='word_1_300' title='bbox 1499 1902 1634 1938; x_wconf 90' lang='lat' dir='ltr'><strong>animos</strong></span> 
     </span>
     <span class='ocr_line' id='line_1_31' title="bbox 97 1960 1637 2000; baseline 0.003 -4"><span class='ocrx_word' id='word_1_301' title='bbox 97 1973 242 1996; x_wconf 90' lang='lat' dir='ltr'><strong>suorum</strong></span> <span class='ocrx_word' id='word_1_302' title='bbox 275 1973 296 1996; x_wconf 91' lang='lat' dir='ltr'><strong>a</strong></span> <span class='ocrx_word' id='word_1_303' title='bbox 329 1961 430 1997; x_wconf 88' lang='lat' dir='ltr'><strong>nobis</strong></span> <span class='ocrx_word' id='word_1_304' title='bbox 463 1960 637 1997; x_wconf 86' lang='lat' dir='ltr'><strong>alienatos</strong></span> <span class='ocrx_word' id='word_1_305' title='bbox 672 1973 748 1997; x_wconf 88' lang='lat' dir='ltr'><strong>esse</strong></span> <span class='ocrx_word' id='word_1_306' title='bbox 780 1960 952 1998; x_wconf 85' lang='lat' dir='ltr'><strong>videmus.</strong></span> <span class='ocrx_word' id='word_1_307' title='bbox 1002 1961 1112 1998; x_wconf 89' lang='lat' dir='ltr'><strong>Plura</strong></span> <span class='ocrx_word' id='word_1_308' title='bbox 1147 1962 1190 1998; x_wconf 88' lang='lat' dir='ltr'><strong>ad</strong></span> <span class='ocrx_word' id='word_1_309' title='bbox 1224 1963 1400 1999; x_wconf 88' lang='lat' dir='ltr'><strong>nundinas</strong></span> <span class='ocrx_word' id='word_1_310' title='bbox 1426 1963 1637 2000; x_wconf 86' lang='lat' dir='ltr'><strong>Francofur-</strong></span> 
     </span>
     <span class='ocr_line' id='line_1_32' title="bbox 97 2021 801 2069; baseline 0.001 -12"><span class='ocrx_word' id='word_1_311' title='bbox 97 2021 234 2058; x_wconf 87' lang='lat' dir='ltr'><strong>dienses</strong></span> <span class='ocrx_word' id='word_1_312' title='bbox 259 2035 279 2058; x_wconf 89' lang='lat' dir='ltr'><strong>a</strong></span> <span class='ocrx_word' id='word_1_313' title='bbox 304 2022 406 2058; x_wconf 88' lang='lat' dir='ltr'><strong>nobis</strong></span> <span class='ocrx_word' id='word_1_314' title='bbox 432 2025 588 2069; x_wconf 83' lang='lat' dir='ltr'><strong>expecta.</strong></span> <span class='ocrx_word' id='word_1_315' title='bbox 639 2022 687 2058; x_wconf 88' lang='lat' dir='ltr'><strong>Et</strong></span> <span class='ocrx_word' id='word_1_316' title='bbox 713 2022 801 2059; x_wconf 87' lang='lat' dir='ltr'><strong>vale.</strong></span> 
     </span>
    </p>

    <p class='ocr_par' dir='ltr' id='par_1_7' title="bbox 96 2083 1639 2924">
     <span class='ocr_line' id='line_1_33' title="bbox 145 2083 1638 2132; baseline 0.002 -14"><span class='ocrx_word' id='word_1_317' title='bbox 145 2083 199 2119; x_wconf 88' lang='lat' dir='ltr'><strong>Mi</strong></span> <span class='ocrx_word' id='word_1_318' title='bbox 225 2083 387 2120; x_wconf 80' lang='lat' dir='ltr'><strong>Alberte!</strong></span> <span class='ocrx_word' id='word_1_319' title='bbox 415 2084 444 2119; x_wconf 90' lang='lat' dir='ltr'><strong>si</strong></span> <span class='ocrx_word' id='word_1_320' title='bbox 470 2096 562 2130; x_wconf 85' lang='lat' dir='ltr'><strong>eges,</strong></span> <span class='ocrx_word' id='word_1_321' title='bbox 588 2083 700 2119; x_wconf 90' lang='lat' dir='ltr'><strong>scribe</strong></span> <span class='ocrx_word' id='word_1_322' title='bbox 725 2083 769 2119; x_wconf 89' lang='lat' dir='ltr'><strong>ad</strong></span> <span class='ocrx_word' id='word_1_323' title='bbox 794 2096 848 2120; x_wconf 90' lang='lat' dir='ltr'><strong>me</strong></span> <span class='ocrx_word' id='word_1_324' title='bbox 873 2083 1052 2128; x_wconf 83' lang='lat' dir='ltr'><strong>audacter,</strong></span> <span class='ocrx_word' id='word_1_325' title='bbox 1079 2085 1209 2132; x_wconf 81' lang='lat' dir='ltr'><strong>partiar</strong></span> <span class='ocrx_word' id='word_1_326' title='bbox 1234 2087 1351 2120; x_wconf 88' lang='lat' dir='ltr'><strong>tecum</strong></span> <span class='ocrx_word' id='word_1_327' title='bbox 1368 2084 1529 2129; x_wconf 87' lang='lat' dir='ltr'><strong>libenter,</strong></span> <span class='ocrx_word' id='word_1_328' title='bbox 1548 2098 1638 2132; x_wconf 90' lang='lat' dir='ltr'><strong>quae</strong></span> 
     </span>
     <span class='ocr_line' id='line_1_34' title="bbox 99 2143 1636 2193; baseline 0.002 -14"><span class='ocrx_word' id='word_1_329' title='bbox 99 2143 272 2180; x_wconf 90' lang='lat' dir='ltr'><strong>Dominus</strong></span> <span class='ocrx_word' id='word_1_330' title='bbox 308 2143 392 2180; x_wconf 88' lang='lat' dir='ltr'><strong>mihi</strong></span> <span class='ocrx_word' id='word_1_331' title='bbox 426 2143 535 2188; x_wconf 86' lang='lat' dir='ltr'><strong>dedit,</strong></span> <span class='ocrx_word' id='word_1_332' title='bbox 571 2156 685 2191; x_wconf 88' lang='lat' dir='ltr'><strong>neque</strong></span> <span class='ocrx_word' id='word_1_333' title='bbox 719 2145 899 2180; x_wconf 86' lang='lat' dir='ltr'><strong>existimes</strong></span> <span class='ocrx_word' id='word_1_334' title='bbox 931 2157 985 2181; x_wconf 90' lang='lat' dir='ltr'><strong>me</strong></span> <span class='ocrx_word' id='word_1_335' title='bbox 1019 2157 1081 2193; x_wconf 89' lang='lat' dir='ltr'><strong>per</strong></span> <span class='ocrx_word' id='word_1_336' title='bbox 1116 2148 1153 2181; x_wconf 90' lang='lat' dir='ltr'><strong>te</strong></span> <span class='ocrx_word' id='word_1_337' title='bbox 1183 2151 1369 2191; x_wconf 76' lang='lat' dir='ltr'><strong>gravatum</strong></span> <span class='ocrx_word' id='word_1_338' title='bbox 1395 2146 1449 2182; x_wconf 91' lang='lat' dir='ltr'><strong>iri.</strong></span> <span class='ocrx_word' id='word_1_339' title='bbox 1498 2146 1636 2182; x_wconf 78' lang='lat' dir='ltr'><strong>Iterum</strong></span> 
     </span>
     <span class='ocr_line' id='line_1_35' title="bbox 96 2194 1637 2253; baseline 0.001 -13"><span class='ocrx_word' id='word_1_340' title='bbox 96 2204 174 2240; x_wconf 87' lang='lat' dir='ltr'><strong>vale</strong></span> <span class='ocrx_word' id='word_1_341' title='bbox 200 2208 236 2241; x_wconf 91' lang='lat' dir='ltr'><strong>et</strong></span> <span class='ocrx_word' id='word_1_342' title='bbox 261 2204 368 2241; x_wconf 90' lang='lat' dir='ltr'><strong>semel</strong></span> <span class='ocrx_word' id='word_1_343' title='bbox 393 2194 522 2248; x_wconf 87' lang='lat' dir='ltr'><strong>statue,</strong></span> <span class='ocrx_word' id='word_1_344' title='bbox 549 2204 609 2241; x_wconf 91' lang='lat' dir='ltr'><strong>ubi</strong></span> <span class='ocrx_word' id='word_1_345' title='bbox 635 2217 710 2241; x_wconf 90' lang='lat' dir='ltr'><strong>esse</strong></span> <span class='ocrx_word' id='word_1_346' title='bbox 735 2204 832 2241; x_wconf 89' lang='lat' dir='ltr'><strong>velis.</strong></span> <span class='ocrx_word' id='word_1_347' title='bbox 867 2205 957 2241; x_wconf 88' lang='lat' dir='ltr'><strong>Mihi</strong></span> <span class='ocrx_word' id='word_1_348' title='bbox 984 2205 1125 2242; x_wconf 89' lang='lat' dir='ltr'><strong>videtur</strong></span> <span class='ocrx_word' id='word_1_349' title='bbox 1149 2206 1286 2242; x_wconf 86' lang='lat' dir='ltr'><strong>animus</strong></span> <span class='ocrx_word' id='word_1_350' title='bbox 1312 2219 1409 2242; x_wconf 87' lang='lat' dir='ltr'><strong>meus</strong></span> <span class='ocrx_word' id='word_1_351' title='bbox 1427 2207 1637 2253; x_wconf 83' lang='lat' dir='ltr'><strong>praesagire,</strong></span> 
     </span>
     <span class='ocr_line' id='line_1_36' title="bbox 97 2265 1635 2314; baseline 0.002 -13"><span class='ocrx_word' id='word_1_352' title='bbox 97 2277 150 2301; x_wconf 90' lang='lat' dir='ltr'><strong>me</strong></span> <span class='ocrx_word' id='word_1_353' title='bbox 183 2265 237 2302; x_wconf 92' lang='lat' dir='ltr'><strong>hic</strong></span> <span class='ocrx_word' id='word_1_354' title='bbox 269 2266 331 2302; x_wconf 89' lang='lat' dir='ltr'><strong>diu</strong></span> <span class='ocrx_word' id='word_1_355' title='bbox 364 2279 436 2302; x_wconf 87' lang='lat' dir='ltr'><strong>non</strong></span> <span class='ocrx_word' id='word_1_356' title='bbox 471 2278 545 2302; x_wconf 89' lang='lat' dir='ltr'><strong>esse</strong></span> <span class='ocrx_word' id='word_1_357' title='bbox 578 2278 793 2302; x_wconf 85' lang='lat' dir='ltr'><strong>mansurum.</strong></span> <span class='ocrx_word' id='word_1_358' title='bbox 843 2266 970 2313; x_wconf 89' lang='lat' dir='ltr'><strong>Neque</strong></span> <span class='ocrx_word' id='word_1_359' title='bbox 1004 2267 1094 2303; x_wconf 90' lang='lat' dir='ltr'><strong>enim</strong></span> <span class='ocrx_word' id='word_1_360' title='bbox 1127 2273 1215 2314; x_wconf 85' lang='lat' dir='ltr'><strong>puto</strong></span> <span class='ocrx_word' id='word_1_361' title='bbox 1249 2267 1385 2303; x_wconf 81' lang='lat' dir='ltr'><strong>laturos</strong></span> <span class='ocrx_word' id='word_1_362' title='bbox 1411 2268 1498 2304; x_wconf 82' lang='lat' dir='ltr'><strong>istos</strong></span> <span class='ocrx_word' id='word_1_363' title='bbox 1525 2281 1635 2304; x_wconf 85' lang='lat' dir='ltr'><strong>meam</strong></span> 
     </span>
     <span class='ocr_line' id='line_1_37' title="bbox 97 2327 1635 2376; baseline 0.002 -13"><span class='ocrx_word' id='word_1_364' title='bbox 97 2327 414 2375; x_wconf 80' lang='lat' dir='ltr'><strong>reprehensionem,</strong></span> <span class='ocrx_word' id='word_1_365' title='bbox 447 2327 561 2364; x_wconf 82' lang='lat' dir='ltr'><strong>multo</strong></span> <span class='ocrx_word' id='word_1_366' title='bbox 594 2327 710 2363; x_wconf 87' lang='lat' dir='ltr'><strong>minus</strong></span> <span class='ocrx_word' id='word_1_367' title='bbox 736 2327 967 2375; x_wconf 85' lang='lat' dir='ltr'><strong>disciplinam,</strong></span> <span class='ocrx_word' id='word_1_368' title='bbox 1004 2331 1040 2366; x_wconf 92' lang='lat' dir='ltr'><strong>et</strong></span> <span class='ocrx_word' id='word_1_369' title='bbox 1064 2328 1210 2376; x_wconf 89' lang='lat' dir='ltr'><strong>proinde</strong></span> <span class='ocrx_word' id='word_1_370' title='bbox 1235 2330 1458 2375; x_wconf 86' lang='lat' dir='ltr'><strong>quaesituros</strong></span> <span class='ocrx_word' id='word_1_371' title='bbox 1485 2330 1635 2366; x_wconf 88' lang='lat' dir='ltr'><strong>occasio·</strong></span> 
     </span>
     <span class='ocr_line' id='line_1_38' title="bbox 97 2388 1636 2436; baseline 0.001 -13"><span class='ocrx_word' id='word_1_372' title='bbox 97 2401 188 2432; x_wconf 90' lang='lat' dir='ltr'><strong>nem,</strong></span> <span class='ocrx_word' id='word_1_373' title='bbox 219 2392 262 2424; x_wconf 92' lang='lat' dir='ltr'><strong>ut</strong></span> <span class='ocrx_word' id='word_1_374' title='bbox 294 2401 349 2424; x_wconf 91' lang='lat' dir='ltr'><strong>me</strong></span> <span class='ocrx_word' id='word_1_375' title='bbox 375 2388 454 2424; x_wconf 89' lang='lat' dir='ltr'><strong>hinc</strong></span> <span class='ocrx_word' id='word_1_376' title='bbox 481 2388 693 2436; x_wconf 82' lang='lat' dir='ltr'><strong>propellant.</strong></span> <span class='ocrx_word' id='word_1_377' title='bbox 742 2388 944 2424; x_wconf 82' lang='lat' dir='ltr'><strong>Tentarunt</strong></span> <span class='ocrx_word' id='word_1_378' title='bbox 969 2388 1004 2424; x_wconf 89' lang='lat' dir='ltr'><strong>id</strong></span> <span class='ocrx_word' id='word_1_379' title='bbox 1031 2401 1143 2436; x_wconf 88' lang='lat' dir='ltr'><strong>nuper</strong></span> <span class='ocrx_word' id='word_1_380' title='bbox 1168 2401 1229 2435; x_wconf 91' lang='lat' dir='ltr'><strong>per</strong></span> <span class='ocrx_word' id='word_1_381' title='bbox 1256 2389 1429 2425; x_wconf 79' lang='lat' dir='ltr'><strong>Comitem</strong></span> <span class='ocrx_word' id='word_1_382' title='bbox 1456 2389 1636 2433; x_wconf 85' lang='lat' dir='ltr'><strong>Ioannem,</strong></span> 
     </span>
     <span class='ocr_line' id='line_1_39' title="bbox 97 2449 1637 2497; baseline 0.002 -13"><span class='ocrx_word' id='word_1_383' title='bbox 97 2461 177 2485; x_wconf 89' lang='lat' dir='ltr'><strong>nam</strong></span> <span class='ocrx_word' id='word_1_384' title='bbox 211 2450 275 2485; x_wconf 90' lang='lat' dir='ltr'><strong>hoc</strong></span> <span class='ocrx_word' id='word_1_385' title='bbox 309 2449 393 2485; x_wconf 88' lang='lat' dir='ltr'><strong>mihi</strong></span> <span class='ocrx_word' id='word_1_386' title='bbox 429 2450 556 2485; x_wconf 89' lang='lat' dir='ltr'><strong>Comes</strong></span> <span class='ocrx_word' id='word_1_387' title='bbox 584 2449 658 2497; x_wconf 90' lang='lat' dir='ltr'><strong>ipse</strong></span> <span class='ocrx_word' id='word_1_388' title='bbox 684 2449 854 2493; x_wconf 85' lang='lat' dir='ltr'><strong>narravit,</strong></span> <span class='ocrx_word' id='word_1_389' title='bbox 881 2452 1110 2497; x_wconf 81' lang='lat' dir='ltr'><strong>posteaquam</strong></span> <span class='ocrx_word' id='word_1_390' title='bbox 1137 2462 1254 2486; x_wconf 89' lang='lat' dir='ltr'><strong>secum</strong></span> <span class='ocrx_word' id='word_1_391' title='bbox 1281 2450 1313 2485; x_wconf 88' lang='lat' dir='ltr'><strong>in</strong></span> <span class='ocrx_word' id='word_1_392' title='bbox 1341 2451 1489 2496; x_wconf 77' lang='lat' dir='ltr'><strong>gratiam</strong></span> <span class='ocrx_word' id='word_1_393' title='bbox 1516 2451 1637 2487; x_wconf 87' lang='lat' dir='ltr'><strong>rediis-</strong></span> 
     </span>
     <span class='ocr_line' id='line_1_40' title="bbox 96 2508 1637 2557; baseline 0.001 -12"><span class='ocrx_word' id='word_1_394' title='bbox 96 2521 180 2545; x_wconf 88' lang='lat' dir='ltr'><strong>sem.</strong></span> <span class='ocrx_word' id='word_1_395' title='bbox 228 2509 277 2545; x_wconf 89' lang='lat' dir='ltr'><strong>Et</strong></span> <span class='ocrx_word' id='word_1_396' title='bbox 312 2522 381 2545; x_wconf 88' lang='lat' dir='ltr'><strong>non</strong></span> <span class='ocrx_word' id='word_1_397' title='bbox 418 2508 608 2544; x_wconf 89' lang='lat' dir='ltr'><strong>mutabunt</strong></span> <span class='ocrx_word' id='word_1_398' title='bbox 645 2521 748 2544; x_wconf 88' lang='lat' dir='ltr'><strong>suum</strong></span> <span class='ocrx_word' id='word_1_399' title='bbox 786 2508 979 2556; x_wconf 84' lang='lat' dir='ltr'><strong>ingenium,</strong></span> <span class='ocrx_word' id='word_1_400' title='bbox 1014 2513 1186 2555; x_wconf 85' lang='lat' dir='ltr'><strong>quantum</strong></span> <span class='ocrx_word' id='word_1_401' title='bbox 1214 2522 1279 2556; x_wconf 80' lang='lat' dir='ltr'><strong>ego</strong></span> <span class='ocrx_word' id='word_1_402' title='bbox 1304 2510 1457 2546; x_wconf 84' lang='lat' dir='ltr'><strong>iudicare</strong></span> <span class='ocrx_word' id='word_1_403' title='bbox 1481 2523 1637 2557; x_wconf 89' lang='lat' dir='ltr'><strong>possum.</strong></span> 
     </span>
     <span class='ocr_line' id='line_1_41' title="bbox 99 2569 1637 2618; baseline 0.001 -11"><span class='ocrx_word' id='word_1_404' title='bbox 99 2570 217 2617; x_wconf 75' lang='lat' dir='ltr'><strong>Quare</strong></span> <span class='ocrx_word' id='word_1_405' title='bbox 251 2571 280 2607; x_wconf 88' lang='lat' dir='ltr'><strong>si</strong></span> <span class='ocrx_word' id='word_1_406' title='bbox 311 2570 448 2607; x_wconf 90' lang='lat' dir='ltr'><strong>animus</strong></span> <span class='ocrx_word' id='word_1_407' title='bbox 482 2570 547 2606; x_wconf 84' lang='lat' dir='ltr'><strong>tibi</strong></span> <span class='ocrx_word' id='word_1_408' title='bbox 582 2583 651 2606; x_wconf 88' lang='lat' dir='ltr'><strong>non</strong></span> <span class='ocrx_word' id='word_1_409' title='bbox 685 2569 732 2606; x_wconf 91' lang='lat' dir='ltr'><strong>sit</strong></span> <span class='ocrx_word' id='word_1_410' title='bbox 758 2582 834 2606; x_wconf 91' lang='lat' dir='ltr'><strong>esse</strong></span> <span class='ocrx_word' id='word_1_411' title='bbox 859 2569 951 2618; x_wconf 84' lang='lat' dir='ltr'><strong>apud</strong></span> <span class='ocrx_word' id='word_1_412' title='bbox 977 2570 1177 2618; x_wconf 86' lang='lat' dir='ltr'><strong>episcopum</strong></span> <span class='ocrx_word' id='word_1_413' title='bbox 1205 2570 1462 2615; x_wconf 87' lang='lat' dir='ltr'><strong>Coloniensem,</strong></span> <span class='ocrx_word' id='word_1_414' title='bbox 1489 2572 1542 2608; x_wconf 85' lang='lat' dir='ltr'><strong>fac</strong></span> <span class='ocrx_word' id='word_1_415' title='bbox 1567 2585 1637 2608; x_wconf 88' lang='lat' dir='ltr'><strong>me-</strong></span> 
     </span>
     <span class='ocr_line' id='line_1_42' title="bbox 98 2631 1639 2678; baseline 0.001 -9"><span class='ocrx_word' id='word_1_416' title='bbox 98 2644 178 2669; x_wconf 86' lang='lat' dir='ltr'><strong>cum</strong></span> <span class='ocrx_word' id='word_1_417' title='bbox 212 2633 248 2669; x_wconf 92' lang='lat' dir='ltr'><strong>in</strong></span> <span class='ocrx_word' id='word_1_418' title='bbox 282 2633 464 2670; x_wconf 81' lang='lat' dir='ltr'><strong>Prussiam</strong></span> <span class='ocrx_word' id='word_1_419' title='bbox 498 2631 681 2675; x_wconf 86' lang='lat' dir='ltr'><strong>concedas,</strong></span> <span class='ocrx_word' id='word_1_420' title='bbox 707 2634 770 2668; x_wconf 89' lang='lat' dir='ltr'><strong>aut</strong></span> <span class='ocrx_word' id='word_1_421' title='bbox 797 2633 901 2668; x_wconf 89' lang='lat' dir='ltr'><strong>etiam</strong></span> <span class='ocrx_word' id='word_1_422' title='bbox 928 2632 1004 2668; x_wconf 88' lang='lat' dir='ltr'><strong>sine</strong></span> <span class='ocrx_word' id='word_1_423' title='bbox 1032 2645 1095 2675; x_wconf 90' lang='lat' dir='ltr'><strong>me,</strong></span> <span class='ocrx_word' id='word_1_424' title='bbox 1123 2632 1294 2678; x_wconf 87' lang='lat' dir='ltr'><strong>siquidem</strong></span> <span class='ocrx_word' id='word_1_425' title='bbox 1321 2633 1404 2669; x_wconf 86' lang='lat' dir='ltr'><strong>mihi</strong></span> <span class='ocrx_word' id='word_1_426' title='bbox 1429 2634 1639 2670; x_wconf 82' lang='lat' dir='ltr'><strong>manendum</strong></span> 
     </span>
     <span class='ocr_line' id='line_1_43' title="bbox 96 2692 1637 2741; baseline 0.001 -13"><span class='ocrx_word' id='word_1_427' title='bbox 96 2693 154 2728; x_wconf 87' lang='lat' dir='ltr'><strong>sit.</strong></span> <span class='ocrx_word' id='word_1_428' title='bbox 191 2693 292 2729; x_wconf 90' lang='lat' dir='ltr'><strong>Dabo</strong></span> <span class='ocrx_word' id='word_1_429' title='bbox 318 2706 458 2741; x_wconf 87' lang='lat' dir='ltr'><strong>operam</strong></span> <span class='ocrx_word' id='word_1_430' title='bbox 484 2696 526 2729; x_wconf 91' lang='lat' dir='ltr'><strong>ut</strong></span> <span class='ocrx_word' id='word_1_431' title='bbox 551 2692 622 2728; x_wconf 90' lang='lat' dir='ltr'><strong>illic</strong></span> <span class='ocrx_word' id='word_1_432' title='bbox 648 2692 773 2728; x_wconf 87' lang='lat' dir='ltr'><strong>habeas</strong></span> <span class='ocrx_word' id='word_1_433' title='bbox 799 2693 982 2729; x_wconf 88' lang='lat' dir='ltr'><strong>honestam</strong></span> <span class='ocrx_word' id='word_1_434' title='bbox 1008 2693 1257 2729; x_wconf 80' lang='lat' dir='ltr'><strong>conditionem.</strong></span> <span class='ocrx_word' id='word_1_435' title='bbox 1292 2693 1329 2729; x_wconf 79' lang='lat' dir='ltr'><strong>Si</strong></span> <span class='ocrx_word' id='word_1_436' title='bbox 1353 2697 1472 2730; x_wconf 88' lang='lat' dir='ltr'><strong>autem</strong></span> <span class='ocrx_word' id='word_1_437' title='bbox 1498 2707 1637 2731; x_wconf 83' lang='lat' dir='ltr'><strong>causam</strong></span> 
     </span>
     <span class='ocr_line' id='line_1_44' title="bbox 98 2754 1638 2804; baseline 0.003 -15"><span class='ocrx_word' id='word_1_438' title='bbox 98 2765 170 2790; x_wconf 89' lang='lat' dir='ltr'><strong>non</strong></span> <span class='ocrx_word' id='word_1_439' title='bbox 204 2755 320 2799; x_wconf 90' lang='lat' dir='ltr'><strong>habes,</strong></span> <span class='ocrx_word' id='word_1_440' title='bbox 352 2768 414 2792; x_wconf 89' lang='lat' dir='ltr'><strong>cur</strong></span> <span class='ocrx_word' id='word_1_441' title='bbox 450 2756 613 2804; x_wconf 91' lang='lat' dir='ltr'><strong>episcopo</strong></span> <span class='ocrx_word' id='word_1_442' title='bbox 648 2754 852 2791; x_wconf 86' lang='lat' dir='ltr'><strong>Coloniensi</strong></span> <span class='ocrx_word' id='word_1_443' title='bbox 885 2758 983 2791; x_wconf 85' lang='lat' dir='ltr'><strong>tuam</strong></span> <span class='ocrx_word' id='word_1_444' title='bbox 1009 2754 1158 2802; x_wconf 81' lang='lat' dir='ltr'><strong>deneges</strong></span> <span class='ocrx_word' id='word_1_445' title='bbox 1185 2767 1335 2803; x_wconf 88' lang='lat' dir='ltr'><strong>operam,</strong></span> <span class='ocrx_word' id='word_1_446' title='bbox 1363 2755 1415 2792; x_wconf 88' lang='lat' dir='ltr'><strong>sac</strong></span> <span class='ocrx_word' id='word_1_447' title='bbox 1440 2760 1478 2792; x_wconf 83' lang='lat' dir='ltr'><strong>te</strong></span> <span class='ocrx_word' id='word_1_448' title='bbox 1503 2756 1554 2792; x_wconf 89' lang='lat' dir='ltr'><strong>illi</strong></span> <span class='ocrx_word' id='word_1_449' title='bbox 1579 2756 1638 2793; x_wconf 89' lang='lat' dir='ltr'><strong>ad-</strong></span> 
     </span>
     <span class='ocr_line' id='line_1_45' title="bbox 99 2813 1639 2864; baseline 0.001 -14"><span class='ocrx_word' id='word_1_450' title='bbox 99 2813 193 2850; x_wconf 86' lang='lat' dir='ltr'><strong>dicas</strong></span> <span class='ocrx_word' id='word_1_451' title='bbox 231 2821 267 2851; x_wconf 86' lang='lat' dir='ltr'><strong>et</strong></span> <span class='ocrx_word' id='word_1_452' title='bbox 291 2829 354 2864; x_wconf 88' lang='lat' dir='ltr'><strong>pro</strong></span> <span class='ocrx_word' id='word_1_453' title='bbox 380 2820 443 2852; x_wconf 86' lang='lat' dir='ltr'><strong>tua</strong></span> <span class='ocrx_word' id='word_1_454' title='bbox 469 2815 565 2852; x_wconf 76' lang='lat' dir='ltr'><strong>virili</strong></span> <span class='ocrx_word' id='word_1_455' title='bbox 591 2815 724 2852; x_wconf 88' lang='lat' dir='ltr'><strong>Christi</strong></span> <span class='ocrx_word' id='word_1_456' title='bbox 749 2815 822 2852; x_wconf 92' lang='lat' dir='ltr'><strong>illic</strong></span> <span class='ocrx_word' id='word_1_457' title='bbox 848 2815 1023 2852; x_wconf 87' lang='lat' dir='ltr'><strong>Ecclesiae</strong></span> <span class='ocrx_word' id='word_1_458' title='bbox 1049 2815 1192 2852; x_wconf 90' lang='lat' dir='ltr'><strong>servias.</strong></span> <span class='ocrx_word' id='word_1_459' title='bbox 1242 2816 1278 2852; x_wconf 88' lang='lat' dir='ltr'><strong>Si</strong></span> <span class='ocrx_word' id='word_1_460' title='bbox 1303 2817 1357 2852; x_wconf 93' lang='lat' dir='ltr'><strong>hic</strong></span> <span class='ocrx_word' id='word_1_461' title='bbox 1383 2817 1467 2852; x_wconf 91' lang='lat' dir='ltr'><strong>mihi</strong></span> <span class='ocrx_word' id='word_1_462' title='bbox 1492 2829 1562 2853; x_wconf 89' lang='lat' dir='ltr'><strong>non</strong></span> <span class='ocrx_word' id='word_1_463' title='bbox 1589 2819 1639 2853; x_wconf 93' lang='lat' dir='ltr'><strong>sit</strong></span> 
     </span>
     <span class='ocr_line' id='line_1_46' title="bbox 96 2873 1637 2924; baseline 0.003 -14"><span class='ocrx_word' id='word_1_464' title='bbox 96 2873 207 2919; x_wconf 86' lang='lat' dir='ltr'><strong>locus,</strong></span> <span class='ocrx_word' id='word_1_465' title='bbox 240 2876 312 2924; x_wconf 88' lang='lat' dir='ltr'><strong>ipse</strong></span> <span class='ocrx_word' id='word_1_466' title='bbox 343 2877 388 2914; x_wconf 85' lang='lat' dir='ltr'><strong>ad</strong></span> <span class='ocrx_word' id='word_1_467' title='bbox 422 2880 458 2914; x_wconf 82' lang='lat' dir='ltr'><strong>te</strong></span> <span class='ocrx_word' id='word_1_468' title='bbox 491 2877 613 2914; x_wconf 85' lang='lat' dir='ltr'><strong>venire</strong></span> <span class='ocrx_word' id='word_1_469' title='bbox 648 2877 789 2914; x_wconf 86' lang='lat' dir='ltr'><strong>curabo.</strong></span> <span class='ocrx_word' id='word_1_470' title='bbox 843 2876 928 2914; x_wconf 86' lang='lat' dir='ltr'><strong>Vale</strong></span> <span class='ocrx_word' id='word_1_471' title='bbox 963 2877 1091 2913; x_wconf 88' lang='lat' dir='ltr'><strong>iterum</strong></span> <span class='ocrx_word' id='word_1_472' title='bbox 1124 2880 1161 2914; x_wconf 89' lang='lat' dir='ltr'><strong>et</strong></span> <span class='ocrx_word' id='word_1_473' title='bbox 1195 2877 1302 2914; x_wconf 87' lang='lat' dir='ltr'><strong>semel</strong></span> <span class='ocrx_word' id='word_1_474' title='bbox 1327 2880 1457 2914; x_wconf 78' lang='lat' dir='ltr'><strong>statue.</strong></span> <span class='ocrx_word' id='word_1_475' title='bbox 1507 2879 1583 2915; x_wconf 84' lang='lat' dir='ltr'><strong>Aut</strong></span> <span class='ocrx_word' id='word_1_476' title='bbox 1608 2879 1637 2915; x_wconf 86' lang='lat' dir='ltr'><strong>si</strong></span> 
     </span>
    </p>
   </div>
   <div class='ocr_carea' id='block_1_3' title="bbox 147 2935 1496 2979">
    <p class='ocr_par' dir='ltr' id='par_1_8' title="bbox 147 2935 1496 2979">
     <span class='ocr_line' id='line_1_47' title="bbox 147 2935 1496 2979; baseline 0.002 -5"><span class='ocrx_word' id='word_1_477' title='bbox 147 2935 202 2974; x_wconf 93' lang='lat' dir='ltr'><strong>II.</strong></span> <span class='ocrx_word' id='word_1_478' title='bbox 1450 2939 1496 2979; x_wconf 88' lang='grc'><strong>37</strong></span> 
     </span>
    </p>
   </div>
  </div>
 </body>
</html>
