1830 3147
1580 142 1651 179 239

116 256 247 307 ipsius,
283 269 394 307 quam
431 255 530 304 leges
566 266 684 292 novas
722 252 903 305 quasdam
940 256 1200 305 praeposterae
1237 252 1365 291 nescio
1393 252 1499 290 cuius
1529 252 1653 290 chari-

115 321 217 360 tatis.
271 320 333 365 Et,
368 332 451 357 cum
487 319 614 357 ovium
647 318 759 356 nobis
797 317 938 356 Christi
973 318 1014 356 in
1042 322 1172 356 nostra
1207 318 1391 362 Ecclesia,
1423 330 1500 355 non
1528 322 1653 355 autem

117 387 306 437 luporum,
343 384 449 434 gregi
486 388 617 421 nostro
644 383 919 427 insidiantium,
955 396 1079 420 curam
1108 397 1128 420 a
1157 383 1322 421 Domino
1352 382 1650 421 commendatam

123 452 337 497 habeamus,
371 450 491 488 nostri
536 449 787 501 proculdubio
826 448 1068 499 fideliumque
1112 454 1302 499 praeterea
1342 454 1534 500 pastorum
1571 461 1653 486 om-

119 517 222 554 nium
249 515 367 553 debiti
395 519 507 565 atque
535 514 646 552 officii
672 527 753 551 esse
780 518 967 564 putamus,
994 519 1047 558 ut,
1075 512 1163 550 dum
1202 525 1290 550 oves
1319 526 1405 550 suas
1441 514 1653 564 aluporum

117 581 265 619 insidiis
302 584 404 618 tutas
441 579 583 631 alioqui
619 592 698 617 esse
734 592 808 617 non
837 591 947 629 posse
980 578 1121 622 vident,
1159 590 1268 616 canes
1306 579 1407 629 ipsos
1433 578 1559 629 potius
1586 577 1654 616 ad·

118 658 245 684 versus
282 644 389 682 dolos
417 643 584 695 ipsorum
613 647 771 689 arment,
798 644 936 681 nedum
966 648 1004 680 ut
1031 643 1117 680 illos
1144 655 1165 680 a
1194 642 1332 680 latratu
1361 646 1524 687 arceant,
1551 646 1650 680 tam-

120 710 191 748 etsi
227 709 325 760 lupis
359 722 439 747 non
474 708 586 746 modo
613 707 968 759 peri-(545)culum‚
1004 707 1069 745 sed
1114 711 1255 744 certum
1301 706 1414 743 etiam
1459 707 1653 744 interitum

119 775 312 813 imminere
340 774 504 819 videant,
532 787 646 824 quam
673 778 715 811 ut
755 774 812 811 vel
849 773 960 811 unius
988 772 1157 810 oviculae
1183 772 1351 823 periculo
1379 772 1552 823 luporum
1583 772 1656 810 sibi

118 852 244 877 curam
280 839 397 877 ullam
434 839 646 876 habendam
682 852 762 877 esse
798 843 943 890 putent.
999 838 1140 884 Quare,
1167 838 1238 875 etsi
1265 838 1374 888 lupos
1400 838 1513 875 etiam
1540 838 1656 889 ipsos,

119 905 151 943 si
186 905 224 942 id
261 905 338 942 ullo
379 904 492 942 modo
521 904 602 941 fieri
628 908 767 955 posset,
794 903 970 941 lucrifieri
998 916 1128 941 omnes
1158 903 1363 954 cupiamus,
1390 916 1522 954 neque,
1550 903 1651 954 quod

117 971 164 1008 ad
209 983 290 1008 eam
327 983 404 1008 rem
442 970 591 1016 attinet,
626 969 1000 1020 praetermittendum
1038 968 1101 1006 hic
1136 968 1343 1020 quidquam
1378 981 1458 1007 esse
1492 968 1655 1006 libenter

116 1036 310 1081 fateamur,
346 1040 484 1081 tamen,
512 1035 544 1072 si
579 1034 745 1072 oviculas
782 1039 930 1071 nostras
967 1034 1014 1071 ab
1056 1034 1148 1085 ipsis
1183 1033 1400 1085 periclitari,
1435 1047 1555 1084 neque
1593 1046 1656 1072 eos

115 1100 189 1137 alia
225 1100 372 1137 ratione
408 1113 428 1137 a
464 1099 604 1136 nostris
635 1098 796 1136 ovilibus
825 1099 943 1136 arceri
969 1111 1080 1149 posse
1108 1098 1290 1143 videmus,
1317 1099 1517 1143 malumus,
1548 1098 1656 1136 iuxta

118 1165 257 1203 Christi
306 1164 458 1202 Domini
495 1164 840 1215 Prophetarumque
877 1168 911 1201 et
949 1164 1219 1215 Apostolorum
1269 1164 1479 1202 doctrinam
1516 1164 1656 1215 pariter

120 1233 232 1280 atque
269 1229 494 1280 exemplum,
529 1229 697 1266 oviculas
726 1233 874 1266 nostras
904 1228 948 1266 de
983 1229 1157 1280 luporum
1185 1229 1261 1267 illis
1288 1230 1568 1268 imminentium
1596 1231 1656 1269 in-

116 1294 221 1331 sidiis
263 1294 500 1339 submonere,
537 1298 578 1331 ut
615 1294 662 1332 ab
703 1294 780 1331 illis
817 1294 890 1331 sibi
929 1298 1097 1340 caveant,
1132 1294 1300 1345 adeoque
1336 1300 1372 1333 et
1406 1295 1515 1346 lupos
1552 1295 1655 1346 ipsos

118 1363 423 1402 commonstrare,
460 1372 570 1409 quam
607 1362 650 1396 ut
685 1372 751 1409 per
787 1363 959 1397 nostrum
989 1359 1180 1397 silentium
1208 1372 1296 1397 oves
1325 1365 1474 1398 nostras
1502 1360 1655 1398 fraude-

118 1437 199 1461 mus
237 1436 279 1461 ac
315 1423 565 1462 fraudulentis
593 1424 768 1475 luporum
797 1423 985 1461 morsibus
1022 1437 1266 1475 exponamus.
1323 1424 1654 1464 Quemadmodum

118 1489 217 1526 enim
250 1488 371 1526 maius
399 1488 580 1538 gaudium
608 1501 689 1526 esse
715 1489 876 1538 legimus
905 1502 1014 1540 super
1041 1489 1152 1527 unius
1190 1490 1398 1540 peccatoris
1432 1490 1655 1541 resipiscen-

120 1553 184 1597 tia,
223 1566 335 1604 quam
373 1566 482 1603 super
522 1552 729 1601 nonaginta
765 1566 898 1591 novem
933 1553 1055 1598 iustis,
1088 1553 1140 1591 ita
1176 1567 1323 1591 rursum
1361 1554 1538 1592 maiorem
1574 1555 1655 1592 luc-

117 1622 195 1655 tum
239 1618 319 1654 fore
355 1630 431 1654 non
469 1616 681 1654 dubitamus
717 1630 825 1667 super
862 1618 1017 1655 interitu
1052 1618 1163 1656 unius
1203 1618 1381 1663 oviculae,
1418 1632 1528 1669 quam
1558 1632 1654 1656 non·

115 1684 244 1733 aginta
282 1696 414 1720 novem
449 1682 636 1733 luporum,
664 1682 800 1720 nedum
837 1686 877 1720 ut
914 1683 1025 1720 unius
1061 1683 1139 1733 lupi
1178 1683 1334 1721 salutem
1370 1683 1532 1721 infinitis
1569 1684 1651 1722 ovi-

120 1747 188 1784 bus
225 1751 453 1797 anteponere
490 1747 706 1793 debeamus,
741 1747 960 1798 praesertim
999 1742 1080 1785 cum
1118 1747 1214 1785 nihil
1241 1761 1322 1786 esse
1349 1750 1460 1796 (546)
1490 1749 1652 1787 sciamus

117 1811 175 1848 vel
211 1811 489 1849 fraudulentius
527 1812 583 1849 vel
621 1812 820 1849 nocentius
854 1812 985 1863 lupina
1012 1812 1203 1863 hypocrisi
1230 1814 1268 1850 in
1298 1813 1467 1851 Ecclesia
1497 1814 1650 1853 Christi.

115 1877 239 1927 Atque
259 1875 403 1914 utinam
426 1875 602 1927 pauciora
616 1876 719 1914 illius
739 1877 904 1928 exempla
927 1882 1056 1915 nostro
1078 1877 1149 1915 hoc
1164 1882 1331 1929 tempore
1351 1878 1580 1918 videremus!
1599 1900 1650 1908 --

167 1940 274 1979 Haec
302 1954 388 1979 vero
417 1941 461 1979 de
490 1941 709 1980 observatae
735 1941 776 1980 in
805 1947 933 1980 nostra
963 1943 1131 1981 Ecclesia
1161 1943 1382 1994 disciplinae
1411 1958 1479 1982 usu
1504 1945 1557 1983 ita
1574 1946 1650 1983 iam

115 2005 343 2043 recensuisse
379 2006 469 2043 satis
506 2006 588 2051 erit,
615 2011 691 2044 tam
720 2007 757 2044 in
787 2007 960 2045 universo
991 2012 1096 2046 coetu
1124 2008 1239 2054 illius,
1266 2022 1376 2059 quam
1406 2009 1503 2047 inter
1531 2009 1649 2047 Mini-

115 2074 213 2107 stros
242 2070 356 2119 ipsos.
411 2070 471 2107 Ad
499 2071 590 2108 alias
618 2071 692 2108 iam
720 2071 838 2120 igitur
865 2072 975 2109 etiam
1014 2077 1164 2110 nostrae
1203 2073 1392 2110 Ecclesiae
1420 2074 1649 2111 ceremonias

119 2133 322 2178 veniamus,
360 2146 402 2171 ac
439 2134 603 2184 primum
643 2134 685 2172 de
722 2135 882 2185 publicis
917 2135 1032 2177 illius.
1068 2136 1099 2173 si
1133 2136 1283 2186 quando
1320 2136 1357 2173 id
1386 2149 1443 2174 res
1471 2137 1650 2186 postulat,

118 2198 457 2248 supplicationibus
486 2198 666 2236 dicemus.

423 2336 475 2364 DE
504 2337 682 2365 PUBLICIS
712 2338 931 2367 ECCLESIAE
959 2339 1353 2370 SUPPLICATIONIBUS.

167 2452 285 2493 Vetus
321 2458 376 2492 est
414 2454 643 2492 consuetudo
680 2455 885 2493 catholicae
919 2455 990 2493 Dei
1018 2456 1218 2501 Ecclesiae,
1244 2461 1297 2500 ut.
1323 2456 1470 2509 quoties
1496 2463 1560 2498 aut
1586 2459 1646 2498 in·

118 2519 225 2569 signe
261 2512 416 2570 aliquod
454 2519 677 2557 beneficium
716 2533 737 2556 a
773 2519 938 2557 Domino
968 2520 1048 2558 Deo
1075 2521 1230 2572 accepit,
1257 2526 1322 2560 aut
1347 2522 1497 2573 publica
1524 2525 1649 2576 aliqua

119 2583 340 2621 necessitate
376 2583 569 2633 premitur,
605 2587 669 2621 aut
704 2596 856 2632 gravem
886 2585 959 2621 sibi
990 2584 1103 2622 ullam
1130 2586 1273 2637 alioqui
1301 2588 1550 2626 calamitatem
1576 2591 1648 2627 im·

118 2647 280 2698 pendere
317 2647 428 2685 etiam
469 2648 580 2692 videt,
607 2648 654 2685 ad
683 2649 804 2686 Deum
832 2662 911 2687 sese
938 2650 1111 2700 precibus
1140 2663 1183 2688 ac
1210 2651 1358 2690 ieiuniis
1385 2658 1464 2691 tota
1493 2667 1648 2692 conver-

116 2718 183 2755 tat,
210 2725 350 2764 proque
381 2713 527 2751 collatis
557 2713 747 2751 beneficiis
774 2714 915 2763 gratias
943 2723 1041 2764 agat,
1069 2715 1108 2752 in
1136 2718 1322 2766 praesenti
1359 2718 1445 2756 vero
1483 2721 1647 2757 necessi-

116 2781 192 2815 tate
219 2790 328 2828 opem
354 2777 590 2826 il·(547)lius
619 2777 791 2828 imploret
819 2783 856 2816 et
883 2779 979 2816 mala
1007 2779 1095 2817 item
1131 2779 1384 2831 impendentia
1404 2783 1530 2821 omnia
1558 2797 1647 2834 sup-

116 2843 201 2892 plex
239 2841 466 2892 deprecetur.
521 2842 583 2879 Sic
617 2842 733 2890 igitur
768 2847 805 2880 et
842 2848 969 2881 nostra
1005 2843 1179 2882 observat
1213 2845 1392 2893 Ecclesia,
1421 2852 1474 2892 ut,
1500 2849 1647 2898 quoties

117 2912 182 2944 aut
217 2906 285 2951 illi,
321 2911 383 2944 aut
418 2907 504 2944 urbi
540 2907 683 2958 alioqui
721 2913 882 2955 nostrae,
909 2908 947 2945 in
977 2922 1051 2959 qua
1079 2923 1281 2958 versamur,
1307 2913 1424 2951 totive
1450 2913 1489 2951 in
1516 2914 1646 2966 primis
