1830 3147
1635 104 1706 143 147

160 226 196 261 et
234 212 382 260 Coenae
419 219 639 258 Dominicae
675 222 712 257 et
748 218 908 256 aliorum
948 219 1290 260 Sacrainentorum,
1319 217 1372 254 sic
1400 219 1440 254 ut
1467 216 1603 267 partim
1632 215 1700 252 ob·

161 287 353 337 signemur
382 286 528 323 Coenae
554 298 623 321 usu
652 283 691 321 in
721 284 794 321 fide
822 287 972 321 nostrae
1002 295 1084 319 cnm
1116 281 1267 319 Christo
1297 272 1588 322 communionis,
1615 293 1701 331 par-

160 352 228 390 tim
260 364 344 389 vero
374 355 524 388 nostrae
552 348 717 386 vicissim
745 362 835 397 erga
863 348 972 400 illum
999 346 1244 396 gratitudinis
1273 346 1469 396 nostrique
1496 345 1608 383 officii
1635 345 1700 382 ad-

162 429 392 454 moneamur.
449 415 534 452 Sive
578 413 695 463 igitur
743 413 817 450 duo
855 410 1135 463 quodammodo
1174 409 1702 460 mysteria,„obsignatorium

163 479 336 517 videlicet
371 482 406 515 et
442 476 750 522 admonitoriam,
781 475 858 513 sive
888 475 979 512 duas
1007 474 1119 512 unius
1146 474 1317 523 mysterii
1343 478 1467 524 partes
1495 486 1575 511 esse
1603 472 1706 510 dica-

163 557 246 582 mus
280 544 316 582 in
357 544 504 581 Coenae
540 556 622 588 usu,
658 540 813 593 perinde
840 544 908 586 est,
934 539 1048 577 modo
1077 544 1118 576 ut
1145 539 1221 576 vim
1250 552 1292 576 ac
1321 538 1543 587 dignitatem
1573 539 1706 575 Sacra-

162 613 373 647 mentorum
420 609 459 646 in
503 608 671 659 ipsorum
715 606 895 657 mysterio
941 608 1041 643 recte
1077 604 1331 649 observemus,
1375 604 1707 655 intelligamusque

162 688 270 712 usum
300 675 629 712 Sacramentorum
660 685 736 710 non
765 684 844 709 esse
872 684 1006 709 vanam
1035 669 1271 721 otiosamque
1299 682 1342 707 ac
1371 670 1552 707 scenicam
1584 664 1704 720 qua‘n-

165 735 263 774 dam'
280 737 551 775 theatricamve
578 736 779 773 actionem.

213 803 294 840 Iam
325 807 364 856 ut
391 801 667 853 praestantiora
697 813 775 837 esse
804 802 1016 842 censentur,
1046 811 1144 849 quae
1171 797 1333 848 aliquam
1365 810 1562 835 causarum
1590 798 1707 835 ratio-

161 881 247 906 nem
275 868 312 905 in
343 881 381 905 se
409 867 558 911 habere,
587 880 699 917 quam
731 879 824 916 qnae
853 864 967 902 veluti
996 863 1123 902 effecta
1151 863 1333 914 quaedam
1352 876 1431 901 osse
1452 863 1634 909 videntur,
1655 864 1706 901 ita

161 932 412 984 praestantius
441 936 495 969 est
523 931 635 969 etiam
665 930 703 967 in
732 931 1061 967 Sam-umentorum
1090 941 1171 971 usu,
1199 927 1288 965 dum
1316 928 1356 965 in
1374 927 1448 965 fide
1471 928 1705 967 communio-

162 997 220 1035 nis
258 1000 408 1034 nostrae
445 1009 528 1033 cum
558 995 708 1032 Christo
738 993 907 1031 Ecclesia
935 998 1014 1030 tota
1043 992 1278 1041 obsignatur,
1305 1005 1417 1043 quam
1447 992 1535 1029 dum
1564 992 1600 1029 vi
1627 993 1706 1030 eius

160 1061 279 1113 ipsius
315 1060 592 1110 obsignationis
631 1072 718 1097 suae
755 1049 921 1096 vicissim
957 1057 1202 1107 gratitudinis
1230 1057 1361 1107 suique
1389 1057 1500 1094 officii
1527 1056 1706 1095 admone-

161 1131 234 1165 tur.
293 1126 442 1164 Etenim
472 1126 551 1163 sine
581 1130 681 1162 certo
710 1124 749 1161 in
779 1123 891 1161 corde
919 1127 1050 1161 nostro
1078 1136 1143 1173 per
1171 1122 1282 1159 fidem
1308 1123 1526 1160 testimonio
1556 1126 1707 1160 nostrae

163 1204 247 1237 cum
285 1190 434 1228 Christo
472 1189 639 1227 Domino
678 1186 956 1225 communionis
994 1186 1090 1224 nihil
1126 1185 1279 1237 prodest
1320 1186 1475 1224 omnino
1503 1199 1545 1224 ea
1574 1186 1704 1224 obser·

164 1269 268 1294 vasse
297 1254 436 1301 omnia,
465 1267 626 1306 quorum
658 1254 806 1291 Coenae
832 1253 1042 1301 u-(213)su
1068 1251 1325 1290 admonemur.
1374 1252 1515 1290 Contra
1544 1264 1645 1296 vern,
1674 1247 1708 1289 s‘l

166 1325 308 1359 certum
334 1321 371 1358 in
404 1320 515 1357 corde
542 1323 674 1357 nostro
704 1318 965 1357 testimonium
993 1317 1188 1355 obfirmari
1218 1316 1365 1354 Coenae
1391 1330 1461 1354 usu
1491 1318 1711 1360 sentiamus,

163 1391 313 1424 nostrae
349 1376 432 1423 cum
470 1385 623 1423 Christo
659 1383 824 1421 Domino
865 1382 1156 1428 communionis,
1194 1382 1274 1420 sine
1309 1382 1473 1420 maximo
1511 1382 1638 1420 fructu
1665 1382 1704 1419 id

161 1451 243 1489 fieri
271 1465 347 1489 non
374 1454 510 1502 potest,
538 1450 684 1487 etiamsi
712 1463 766 1496 ea,
795 1462 955 1500 quorum
985 1448 1243 1493 admoncmur,
1272 1448 1310 1485 in
1333 1448 1557 1485 declaranda
1578 1452 1705 1486 nostra

161 1515 404 1566 gratitudine,
429 1528 506 1553 non
532 1515 598 1559 ita,
629 1519 666 1552 ut
695 1514 885 1557 debemus,
911 1513 1039 1551 omnia
1065 1517 1307 1564 praestemus.

217 1581 290 1618 Sed
326 1585 362 1619 et
390 1594 444 1627 ea,
474 1593 568 1631 quae
596 1579 643 1616 ad
672 1579 951 1628 obsignandam
980 1584 1150 1615 nostram
1180 1591 1264 1615 cum
1294 1578 1444 1615 Christo
1474 1577 1708 1615 communio-

166 1659 248 1684 nem
286 1646 326 1683 in
366 1646 513 1683 Coenae
549 1644 699 1682 actione
736 1644 938 1695 pertinent,
973 1644 1045 1681 alia
1074 1643 1157 1680 aliis
1184 1642 1459 1694 praestantiora
1487 1647 1586 1689 sunt,
1613 1656 1707 1693 qua·

161 1715 269 1748 tenus
316 1715 381 1748 aut
424 1710 495 1747 alia
542 1709 626 1747 aliis
663 1709 776 1747 tacite
812 1708 1071 1754 includuntur,
1114 1708 1260 1745 etiamsi
1304 1708 1417 1745 nullis
1453 1708 1705 1759 peculiaribus

165 1776 345 1826 symbolis
383 1775 670 1816 adumbrentur.
700 1780 764 1812 aut
793 1774 865 1812 alia
895 1775 984 1812 item
1012 1774 1095 1811 aliis
1125 1774 1191 1811 fini
1221 1775 1368 1811 Coenae
1396 1773 1629 1820 Dominicae,
1658 1773 1704 1811 ad

165 1855 273 1892 quem
311 1844 366 1878 est
403 1840 591 1885 instituta,
628 1839 857 1877 luculentius
895 1839 1015 1876 multo
1045 1838 1367 1888 significantiusvc
1396 1838 1636 1875 subserviunt
1663 1850 1707 1874 ac

162 1906 400 1957 respondent,
439 1904 755 1956 quemadmodum
785 1905 881 1942 circa
908 1905 1021 1942 finem
1052 1906 1199 1942 Coenae
1227 1903 1449 1941 Dominicae
1477 1903 1613 1940 clarius
1640 1916 1704 1941 ex-

162 1977 335 2022 ponetur.
389 1971 469 2009 Iam
499 1971 591 2022 quid
619 1971 779 2019 singulis
809 1970 909 2019 signi
936 1970 1083 2008 Coenae
1111 1969 1334 2007 Dominicae
1359 1969 1532 2020 partibus
1558 1969 1599 2006 in
1627 1969 1706 2006 eius

167 2037 344 2088 mysterio
373 2037 476 2074 iuxta
503 2042 627 2086 partes
655 2035 758 2073 illins
786 2035 898 2073 nobis
927 2035 1184 2078 adumbretur,
1212 2034 1344 2072 ordine
1373 2046 1440 2072 suo
1470 2034 1675 2073 videamus.

217 2101 383 2139 Primum
413 2101 528 2150 igitur
557 2101 604 2138 in·
625 2100 684 2137 his
713 2100 814 2149 signi
843 2101 989 2138 Coenae
1016 2100 1198 2151 partibus.
1228 2113 1323 2150 quae
1350 2100 1389 2137 in
1410 2099 1579 2137 Ministri
1595 2113 1704 2150 opere

167 2171 254 2204 sunt
288 2165 444 2216 positae,
476 2165 556 2216 ipsa
585 2165 692 2215 panis
720 2178 763 2201 ac
792 2165 920 2215 poculi
947 2164 986 2202 in
1014 2166 1147 2201 manus
1178 2163 1346 2202 Ministri
1374 2164 1549 2215 sumptio,
1577 2163 1703 2215 prius-

167 2245 276 2282 quam
320 2234 384 2268 aut
421 2229 527 2280 panis
565 2229 762 2278 frangatur
799 2234 862 2267 aut
899 2229 1077 2280 poculum
1115 2228 1345 2273 exhibeatur,
1383 2229 1554 2278 designat
1591 2230 1703 2267 nobis

164 2297 364 2348 ipsummet
393 2294 583 2332 Christum
614 2293 818 2331 Dominum
851 2295 973 2331 solum
1001 2307 1081 2332 esse
1107 2299 1142 2332 et
1163 2295 1350 2332 neminem
1367 2299 1555 2345 praeterea
1573 2294 1700 2342 alium,

164 2360 229 2412 qui
258 2372 326 2397 nos
353 2371 483 2396 omnes
510 2359 621 2406 (214)
648 2357 694 2395 ad
724 2357 924 2394 salutarem
949 2356 1048 2395 hanc
1064 2361 1231 2395 nostram
1252 2370 1377 2395 secum
1399 2358 1699 2396 communionem

167 2437 298 2462 vocare
333 2422 510 2474 potuerit,
545 2426 657 2472 atque
692 2421 859 2462 eundem*
883 2422 1008 2473 ipsum
1043 2435 1122 2460 esse
1158 2422 1280 2465 etiam,
1307 2421 1372 2473 qui
1399 2435 1469 2459 nos
1497 2435 1627 2461 omnes
1655 2423 1702 2461 ad

164 2489 267 2526 illam
305 2501 382 2526 non
419 2486 610 2524 vocaverit
645 2485 770 2532 modo,
810 2487 873 2523 sed
912 2486 1021 2524 etiam
1051 2486 1306 2524 amantissime
1332 2499 1400 2537 pro
1425 2486 1607 2525 ineffabili
1635 2501 1700 2525 sua

165 2553 422 2591 misericordia
460 2553 580 2589 factus
621 2551 733 2588 homo
771 2551 954 2597 invitarit,
991 2555 1033 2589 ut
1070 2552 1117 2589 ab
1153 2552 1216 2588 illo
1255 2552 1334 2589 solo
1371 2557 1552 2603 tanquam
1587 2553 1700 2591 unico

164 2617 379 2662 mediatore,
419 2620 567 2667 pastore
602 2628 646 2652 ac
682 2615 801 2666 capite
837 2620 966 2653 nostro
1005 2616 1042 2653 et
1069 2615 1178 2653 fidem
1208 2629 1330 2653 veram
1358 2617 1395 2655 in
1425 2617 1501 2655 vita
1529 2617 1599 2655 hac
1629 2631 1697 2655 no-

168 2686 243 2719 stra
278 2680 315 2718 et
351 2679 441 2717 olim
481 2679 630 2716 demum
658 2678 770 2716 etiam
799 2679 962 2717 fructum
991 2684 1140 2716 nostrae
1169 2679 1279 2717 huius
1309 2693 1434 2718 secum
1463 2681 1699 2718 communio-

168 2745 239 2790 nis,
265 2747 379 2782 vitam
406 2743 560 2794 inquam
589 2746 789 2789 aeternam,
816 2743 1015 2794 petendam
1044 2743 1156 2781 nobis
1184 2748 1295 2795 atque
1323 2744 1591 2795 expectandam
1620 2759 1699 2783 esse

165 2810 429 2859 intelligamus.
461 2809 602 2851 Quare,
631 2808 716 2845 ‹lum
744 2809 783 2845 in
813 2811 960 2846 Coenae
980 2809 1201 2846 Dominicae
1220 2810 1545 2849 administratione
1563 2825 1696 2862 panem

167 2889 209 2913 ao
243 2875 420 2934 poculum
456 2874 493 2911 in
531 2873 698 2912 Ministri
733 2874 909 2912 manibus
945 2874 1128 2920 videmus,
1166 2875 1307 2915 Christi
1342 2875 1497 2913 Domini
1533 2889 1626 2927 opus
1663 2877 1700 2914 in

1480 2941 1552 2980 10*
