1830 3147
807 88 874 125 023
1332 85 1394 134 [A.
1421 84 1466 122 D.
1490 85 1603 134 1549]

77 200 250 244 nostrum,
270 199 328 236 cui
353 209 476 235 meex
500 200 581 234 toto
605 199 747 245 pectore
771 207 847 233 meo
872 195 1089 233 commendo.
1137 194 1282 243 Raptim
1307 196 1351 231 ut
1375 194 1472 232 vides
1495 194 1605 232 Ham-

76 261 206 310 burgae
230 259 490 310 postridiemei
515 271 536 296 a
560 258 661 296 vobis
686 258 858 296 discessus
873 255 931 306 ⁴¹).
951 257 1016 307 [12
1042 254 1155 307 April.
1181 256 1360 315 154915).

264 340 265 343 =
407 334 411 353 2
430 344 432 347 v
1188 327 1333 356 manum
1359 318 1466 356 nosti.

121 419 149 461 ¹)
173 420 224 452 Sc.
246 418 446 452 Dantiscum.
467 418 503 460 .²)
528 417 623 450 Gerd.
647 417 744 451 mitte.
775 417 802 458 ³)
825 417 891 450 Iac.
918 415 1152 459 Praepositum.
1179 416 1206 458 Δ)
1230 416 1280 448 Sc.
1303 415 1429 454 Brcmss,
1453 414 1509 447 ubi
1531 417 1606 446 tunc

76 476 240 509 Hardenb.
268 477 347 508 erat.
390 475 418 514 ⁵)
442 473 491 506 Ad
514 473 598 506 huuc
621 484 741 506 annum
763 474 858 506 refer.
881 468 950 506 esse
971 474 1063 515 patet
1085 482 1122 504 ex
1145 483 1195 516 ep.
1218 473 1268 511 55,
1292 471 1331 504 ad
1354 471 1439 504 hunc
1463 471 1548 504 diem
1570 481 1607 503 ex

77 531 137 575 Ep.
161 533 226 564 54.:
270 531 353 564 Heri
373 531 469 563 simul
489 532 582 573 atque
604 529 676 564 veni
696 529 742 562 ad
761 539 814 564 vos
835 528 959 571 scripsi.

77 709 112 747 N
116 710 142 748 ⁰.
168 711 225 748 55.
408 704 410 708 ’
804 699 807 702 ’
1280 709 1390 767 [αμα.
1402 724 1422 746 s.
1437 723 1461 747 a.
1473 709 1604 756 numa]

631 831 686 868 Ad
714 805 1066 872 Hsnpennenemm.

128 953 216 989 Heri
249 951 355 989 simul
387 954 494 999 atque
527 952 608 988 veni
641 951 685 988 ad
710 963 773 988 vos
798 952 920 1000 scripsi
948 953 977 1000 ¹)
1003 954 1039 989 et
1065 964 1159 989 nunc
1184 964 1323 990 rursum
1349 953 1461 990 scribo
1488 953 1607 991 mitto-

80 1024 150 1060 que
176 1013 268 1049 hune
294 1011 472 1056 nuntium,
497 1023 537 1048 ea
561 1024 634 1060 spe,
659 1011 754 1059 quod
780 1012 828 1049 sit
852 1012 933 1049 istic
958 1025 1068 1050 meam
1094 1025 1238 1051 uxorem
1264 1013 1375 1051 adhuc
1392 1002 1611 1063 reperturus,¹

80 1073 177 1121 quod
203 1075 232 1110 si
257 1074 356 1110 abest
373 1075 416 1120 2),
442 1086 540 1120 rogo,
566 1077 608 1109 ut
634 1073 757 1111 literae
783 1077 863 1122 post
887 1074 982 1111 illam
1008 1087 1089 1111 mox
1116 1075 1316 1119 mittantur,
1342 1078 1384 1112 ut
1409 1088 1549 1113 rursum
1566 1076 1608 1113 ab

78 1135 140 1172 illa
164 1135 208 1171 ad
233 1135 415 1172 Paschatis
442 1137 471 1182 ³)
498 1147 704 1183 responsum
730 1135 855 1173 habere
880 1136 1022 1185 possim.
1047 1137 1140 1173 Nam
1164 1141 1287 1185 postea
1311 1150 1392 1175 mox
1416 1137 1485 1175 alio
1509 1140 1540 1186 4)
1567 1140 1608 1175 ut

79 1197 191 1241 scitis,
217 1199 254 1233 et
279 1201 397 1233 tamen
422 1208 628 1245 responsum
652 1196 695 1234 ab
722 1196 782 1233 illa
807 1197 932 1234 habere
957 1210 1076 1245 cogor.
1101 1198 1197 1235 Novi
1222 1199 1276 1236 hic
1302 1199 1402 1244 nihil,
1425 1200 1494 1236 nisi
1518 1212 1608 1247 quac

78 1260 115 1295 et
142 1269 204 1294 vos
229 1258 355 1294 nostis.
381 1257 495 1294 Aiunt
520 1262 638 1294 tamen
664 1259 869 1303 exercitum,
895 1260 957 1307 qui
982 1259 1082 1298 ducis
1107 1260 1400 1309 Megalopolitani
1426 1263 1455 1309 ⁵)
1481 1261 1611 1298 dicitur

80 1331 168 1364 esse,
193 1318 304 1357 indies
330 1319 440 1367 magis
465 1331 504 1356 ae
529 1320 641 1367 magis
666 1320 798 1367 augeri.
824 1321 1042 1358 Pomeranus
1069 1322 1296 1370 Witebergae
1306 1323 1410 1371 paulo
1425 1322 1539 1359 minus
1556 1324 1611 1359 est

77 1386 202 1429 eaptus
227 1394 248 1417 a
271 1382 455 1426 Mzzuritio,
480 1381 541 1418 sed
566 1384 651 1418 sunt
677 1381 963 1430 illijnterdictae
989 1386 1025 1420 et
1050 1384 1235 1421 conciones
1260 1389 1296 1421 et
1320 1384 1501 1422 lectiones.
1528 1384 1610 1421 Phi-

80 1442 210 1490 lippus,
237 1444 279 1479 ut
304 1442 409 1479 audio
434 1443 472 1479 in
497 1443 678 1479 Prussiam
703 1444 850 1490 cogitat.
875 1444 956 1480 Alia
981 1457 1053 1482 non
1078 1448 1174 1482 sunt.
1201 1446 1394 1482 Mauritius
1420 1449 1456 1483 et
1481 1446 1607 1494 praesi—

79 1504 137 1542 dio
163 1507 200 1542 et
225 1504 391 1541 machinis
416 1505 533 1541 munit
558 1505 798 1552 Witebergam
824 1507 860 1542 et
885 1509 984 1553 parat
1010 1507 1195 1544 exercitus.
1235 1507 1295 1544 Me
1319 1507 1522 1544 commendo
1548 1519 1608 1544 vo-

83 1567 134 1603 bis
161 1565 334 1603 omnibus.
384 1565 529 1613 Raptim
555 1565 667 1613 pridie
692 1565 894 1603 Palmarum
919 1567 1155 1616 Hamburgae.
1183 1570 1244 1617 [13
1270 1568 1382 1616 April.
1409 1569 1518 1617 1549]
1545 1570 1587 1616 ὓ).

124 1680 150 1717 ¹)
173 1680 234 1721 Ep.
264 1671 324 1712 53?
358 1679 386 1719 Ξ)
410 1678 545 1711 Emdam
579 1689 745 1712 reversura
768 1682 837 1711 erat
859 1680 902 1712 cf.
926 1680 986 1722 Ep.
1011 1681 1049 1711 55
1073 1680 1106 1712 in
1130 1681 1203 1713 fine.
1247 1681 1273 1721 ³)
1297 1681 1336 1713 21
1361 1681 1469 1724 April.
1507 1681 1536 1722 ⁴)
1560 1669 1609 1713 Se.

82 1735 281 1769 Dantiscum.
325 1736 351 1775 ⁵)
377 1736 511 1768 Iohauu.
535 1735 623 1768 Albr.
646 1746 708 1768 von
731 1735 973 1778 Mecklenburg.
1017 1737 1044 1777 ⁰)
1068 1737 1118 1770 Cf.
1142 1737 1201 1779 Ep.
1225 1737 1275 1770 53.
1298 1749 1329 1770 n.
1353 1738 1381 1770 5.

81 1915 146 1954 ΝΟ.
174 1916 229 1953 56.
680 1915 724 1963 [Α.
740 1915 937 1961 negen'volsc.
954 1920 1011 1951 uisi.
1024 1919 1083 1951 2001.
1099 1919 1160 1951 Siar.
1173 1928 1196 1961 p.
1211 1920 1263 1952 2112.
1280 1920 1396 1952 Gordos.
1409 1931 1462 1952 aa.
1477 1921 1521 1954 ub.
1537 1918 1609 1966 680]

505 2037 562 2075 Ad
588 2038 850 2076 LAUREurmM
875 2036 1115 2074 Pmsmcnm
1144 2040 1185 2082 ¹).

127 2157 244 2194 Audio
269 2160 317 2201 te,
341 2155 442 2192 aulae
467 2156 591 2204 opinor
615 2157 825 2205 pertaesum,
851 2156 985 2193 abitum
1010 2156 1140 2193 isthinc
1156 2156 1335 2200 adornare,
1354 2157 1450 2205 quod
1467 2170 1611 2206 quaeso)

82 2220 128 2256 mi
162 2219 305 2256 Frater!
332 2218 519 2255 nefaeias.
567 2217 676 2254 Vides
703 2221 836 2265 quanta
859 2218 907 2254 sit
930 2217 1064 2263 ubique
1088 2218 1210 2255 messis
1235 2221 1272 2255 et
1296 2229 1402 2266 quam
1427 2220 1540 2267 pauci,
1565 2233 1610 2257 ne

81 2281 203 2324 dicam,
229 2279 319 2316 nulli
344 2279 504 2327 operarii.
536 2278 713 2316 Abhorres
737 2279 781 2315 ab
805 2278 918 2316 aulica
942 2278 1141 2328 impietate:
1167 2291 1210 2315 ne
1235 2279 1346 2327 igitur
1363 2280 1394 2317 ei
1412 2280 1610 2326 blandiaris,

81 2341 143 2378 sed
173 2341 226 2377 ita
248 2353 324 2377 eam
347 2339 590 2388 reprehendas,
615 2342 658 2376 ut
683 2353 755 2377 non
780 2343 851 2376 tam
877 2353 1053 2388 personas,
1079 2353 1185 2388 quam
1210 2341 1298 2377 vitia
1321 2341 1397 2389 ipsa
1419 2341 1534 2379 odisse
1558 2343 1609 2379 vi-

80 2402 203 2440 dearis.
251 2401 309 2438 Sic
336 2401 433 2438 Deus
456 2401 530 2449 ipse
555 2401 643 2438 vitia
668 2404 789 2438 nostra
813 2403 925 2446 taxat,
963 2414 1027 2438 nos
1052 2414 1136 2438 vero
1161 2405 1255 2438 amat
1283 2404 1319 2438 et
1343 2415 1405 2450 pro
1429 2403 1511 2439 filiis
1536 2404 1610 2440 suis

79 2461 250 2510 agnoscit,
284 2461 468 2508 tantisper,
501 2460 584 2496 dum
609 2460 709 2497 illum
741 2461 889 2508 eiusque
923 2462 1120 2509 gratuitum
1147 2462 1181 2499 in
1208 2462 1350 2500 Christo
1375 2463 1528 2501 Domino
1553 2464 1609 2502 be-

80 2523 239 2560 neficium
268 2522 417 2558 seientes
441 2533 482 2558 ac
508 2520 672 2558 volentes
697 2534 768 2558 non
795 2522 1067 2559 contemnimus.

86 2611 91 2615 .
128 2583 187 2619 Ita
219 2585 255 2619 et
280 2585 332 2625 tu,
366 2581 413 2617 mi
438 2580 564 2618 frater!
592 2580 634 2617 de
659 2579 759 2617 abitu
784 2594 828 2618 ne
853 2581 971 2629 cogita
1003 2581 1103 2618 aulae
1136 2582 1229 2626 odio,
1255 2582 1315 2619 sed
1339 2586 1457 2631 persta
1482 2585 1518 2621 in
1543 2587 1608 2623 tuo

81 2643 274 2684 ministerio
301 2642 594 2691 repraehendendi
628 2642 716 2679 vitia
741 2645 778 2680 et
802 2643 979 2680 indicandi
1004 2643 1095 2679 viam
1120 2643 1163 2679 ad
1188 2643 1474 2692 resipiscentiam,
1500 2645 1611 2684 donec

79 2705 294 2754 propellaris.
344 2705 537 2752 Nunquam
571 2704 808 2742 connivebant
840 2704 924 2742 olim
957 2705 1156 2753 Prophetae
1188 2705 1231 2742 ad
1269 2718 1389 2754 regum
1414 2707 1609 2756 populique

80 2766 118 2802 in
154 2766 266 2803 veteri
299 2765 454 2802 Ecclesia
486 2764 625 2812 publica
655 2765 859 2812 praesertim
900 2765 1040 2810 scelera,
1074 2765 1133 2802 sed
1159 2772 1276 2806 tamen
1301 2779 1483 2815 nunquam
1509 2769 1608 2805 mini-

79 2828 227 2865 sterium
262 2841 377 2872 suum,
410 2827 516 2864 etiam
541 2826 635 2875 apud
660 2826 773 2875 palam
798 2827 924 2875 impios
949 2827 1076 2875 Reges,
1101 2828 1327 2867 deserebant:
1354 2830 1423 2868 imo
1449 2842 1532 2868 vero
1557 2842 1609 2868 re-

75 2887 149 2926 dire
172 2889 216 2925 ad
241 2888 320 2926 illos
345 2888 567 2933 iubebantur,
593 2887 623 2925 si
649 2888 790 2935 quando
817 2901 878 2926 eos
905 2887 1064 2926 deserere
1089 2888 1267 2928 volebant.
