1830 3147
1547 141 1621 180 115

81 256 280 308 supercilio
315 254 535 294 interdictus
563 258 638 300 est,
675 257 998 305 commutatusque
1034 253 1081 292 ad
1116 258 1323 293 extremum
1352 254 1498 292 Coenae
1523 266 1615 292 usus

80 325 136 359 est
162 321 397 358 idololatrica
424 320 692 358 elementorum
718 319 820 357 illius
846 318 1079 357 adoratione.

140 386 182 424 [n
210 399 251 424 ea
278 398 390 437 porro
419 385 565 423 Coenae
592 384 812 422 Dominicae
839 382 1100 435 profanatione
1137 396 1220 421 cum
1255 384 1432 435 utrinque
1458 382 1616 421 offendi-

83 452 167 489 cula
194 451 414 497 videremus,
441 453 552 498 (139)
581 450 657 488 sive
694 450 853 488 nimium
890 450 1135 500 frequentem,
1171 449 1247 487 sive
1274 450 1387 487 etiam
1413 450 1523 501 paulo
1552 462 1614 487 ra·

81 516 218 555 riorem
235 516 380 554 Coenae
405 529 516 554 usum
543 517 582 553 in
601 519 730 553 nostra
752 514 921 553 Ecclesia
939 515 1243 561 instituissemus,
1260 537 1311 544 —
1325 514 1485 553 mediam
1503 515 1615 553 nobis

83 583 181 621 viam
218 583 279 621 hic
314 582 541 634 sequendam
577 595 657 620 esse
683 582 909 633 putavimus,
944 595 1039 633 quae
1065 586 1215 619 nostrae
1243 595 1344 620 nunc
1371 582 1512 634 alioqui
1540 582 1614 620 Ec-

84 647 215 685 clesiae
243 647 546 685 commodissima
574 660 653 685 esse
681 647 889 685 videbatur.
943 646 1090 698 Nempe
1116 650 1157 684 ut
1184 660 1248 697 per
1276 647 1444 696 singulos
1471 660 1618 685 menses

80 711 119 750 in
157 717 286 750 nostra
313 712 482 750 Ecclesia
509 712 680 761 (alternis
706 712 804 750 inter
832 712 1042 750 Germanos
1070 716 1106 750 et
1135 712 1267 750 Gallos
1295 713 1459 761 vicibus)
1489 714 1614 752 Coena

85 776 236 814 Domini
275 776 570 822 administretur,
598 777 651 814 sic
688 781 740 821 ut,
776 777 806 815 si
843 777 882 814 in
910 777 1048 828 templo
1080 777 1354 816 Germanorum
1384 779 1507 817 Coena
1537 779 1616 816 Do-

82 841 176 879 mini
202 846 401 892 peragatur
426 842 546 893 prima
577 841 774 879 Dominica
801 841 983 888 Ianuarii,
1008 842 1129 893 prima
1155 856 1285 880 rursus
1314 842 1515 881 Dominica
1544 844 1615 882 Fe·

83 905 224 943 bruarii
258 907 299 944 in
334 908 472 959 templo
512 907 706 945 Gallorum
745 907 938 946 habeatur.
994 908 1127 959 Neque
1155 921 1241 947 vero
1270 909 1340 946 hac
1367 910 1433 947 tali
1460 910 1614 948 ordina-

82 971 183 1009 tione
217 980 379 1023 ereptam
415 973 587 1010 volumus
624 973 813 1011 Ecclesiae
847 986 952 1011 suam
979 973 1203 1018 libertatem,
1238 975 1440 1025 quominus
1467 976 1614 1014 utrobi-

81 1049 166 1087 que,
201 1041 239 1074 et
270 1036 310 1074 in
348 1037 622 1075 Germanorum
649 1042 686 1075 et
712 1037 752 1075 in
783 1037 978 1076 Gallorum
1007 1038 1186 1085 Ecclesia,
1223 1040 1370 1090 quoties
1397 1053 1443 1078 ex
1470 1054 1540 1078 usu
1570 1041 1619 1079 sit

83 1099 285 1147 Ecclesiae,
311 1100 395 1139 aliis
423 1115 571 1153 quoque
597 1102 830 1153 temporibus
859 1102 984 1141 Coena
1012 1102 1168 1141 Domini
1195 1103 1428 1144 instituatur.
1476 1104 1616 1144 Omnia

79 1164 182 1203 enim
209 1169 336 1203 nostra
364 1170 452 1204 sunt
473 1167 514 1213 ¹).
543 1166 825 1218 Sabbatumque
851 1167 973 1218 ipsum
1002 1172 1154 1219 propter
1183 1168 1371 1207 hominem
1400 1169 1615 1209 institutum

81 1233 148 1276 est,
176 1242 252 1267 non
281 1229 391 1267 homo
420 1235 572 1281 propter
602 1230 824 1269 Sabbatum.

134 1294 290 1333 Adbaec
334 1295 495 1333 Coenam
542 1294 697 1333 Domini
741 1296 892 1346 publice
926 1296 1165 1348 potissimum
1201 1297 1240 1335 in
1276 1298 1392 1337 totius
1429 1299 1620 1338 Ecclesiae

84 1364 190 1398 coetu
226 1360 544 1406 administramus,
580 1360 617 1399 et
652 1361 754 1412 quod
788 1361 828 1399 id
864 1362 1003 1400 Paulus
1039 1362 1092 1400 ita
1127 1363 1317 1401 observari
1354 1364 1453 1414 apud
1482 1365 1618 1403 Corin·

81 1423 183 1463 thios
221 1424 401 1469 voluerit,
436 1425 473 1463 et
509 1425 610 1476 quod
637 1426 784 1476 privato
815 1427 960 1464 Coenae
989 1440 1057 1465 usu
1085 1429 1151 1476 (ne
1179 1427 1301 1465 dicam
1328 1429 1466 1477 abusu)
1493 1430 1618 1481 publi·

86 1502 170 1527 cum
197 1490 296 1527 illius
325 1503 433 1528 usum
461 1490 508 1528 ab
536 1490 729 1541 Apostolis
757 1491 1008 1536 observatum,
1036 1505 1113 1530 non
1141 1493 1253 1530 modo
1282 1494 1617 1541 obscuratum‚sed

83 1567 177 1605 pene
203 1554 396 1601 abolitum,
425 1555 726 1605 adeo-(140)que
754 1559 788 1593 et
816 1556 1055 1606 profanatum
1084 1570 1163 1594 esse
1192 1557 1393 1597 videamus.

135 1620 328 1658 Praeterea
357 1633 434 1658 non
462 1620 650 1671 quoslibet
677 1624 815 1658 temere
843 1621 890 1658 ad
919 1621 1081 1659 Coenam
1110 1621 1350 1660 Dominicam
1373 1624 1619 1669 admittimus,

85 1684 148 1722 sed
176 1697 238 1722 eos
264 1688 424 1728 tantum,
452 1684 529 1735 qui,
558 1684 679 1722 aedita
707 1685 856 1735 publice
886 1685 972 1723 fidei
1001 1699 1087 1724 suae
1116 1687 1361 1732 confessione,
1391 1688 1621 1741 Disciplinae

83 1763 163 1788 sese
188 1750 299 1788 etiam
329 1750 613 1788 Ecclesiasticae
640 1751 738 1788 ultro
768 1764 811 1789 ac
849 1755 980 1802 sponte
1010 1752 1259 1799 subiecerunt,
1294 1758 1455 1804 suntque
1481 1756 1621 1802 testati,

83 1828 122 1854 se
159 1828 243 1853 cum
279 1816 426 1853 nemine
464 1815 576 1853 ullam
605 1815 758 1853 omniuo
788 1816 1014 1854 simultatem
1051 1822 1113 1854 aut
1148 1819 1441 1857 controversiam
1470 1820 1619 1860 habere.

87 1880 173 1919 Qua
202 1880 246 1918 de
272 1894 311 1918 re
330 1881 436 1932 plura
466 1881 562 1918 circa
590 1881 913 1932 praeparationem
931 1882 977 1919 ad
999 1883 1164 1921 Coenam
1182 1883 1419 1923 Dominicam
1440 1885 1622 1924 dicentur.

134 1946 327 1984 Postremo
356 1945 395 1983 id
423 1945 592 1984 dedimus
621 1959 780 1997 operam,
802 1951 843 1984 ut
861 1947 908 1985 ad
927 1948 1126 1997 puritatem
1147 1949 1405 2000 Apostolicam
1426 1955 1460 1988 et
1479 1951 1620 1989 Christi

85 2009 240 2048 Domini
276 2010 487 2061 exemplum
512 2010 552 2048 in
582 2011 727 2049 Coenae
755 2025 842 2049 suae
866 2012 1196 2051 >administratione
1224 2027 1335 2065 quam
1362 2015 1531 2065 proxime
1557 2029 1620 2053 ac-

86 2074 309 2121 cederemus,
345 2075 445 2125 quod
473 2074 645 2125 equidem
674 2076 794 2113 nostri
822 2089 900 2114 esse
928 2077 1036 2114 officii
1064 2079 1289 2129 putavimus,
1328 2092 1413 2116 cum
1439 2079 1478 2117 id
1508 2080 1617 2118 nobis

85 2140 300 2192 praesertim
329 2140 447 2190 Regio
476 2140 679 2191 diplomate
707 2141 929 2192 permissum
958 2147 1064 2181 esset.
1113 2143 1321 2182 Omisimus
1348 2145 1463 2193 igitur
1491 2158 1620 2183 omues

87 2205 292 2255 Papisticas
337 2204 512 2256 reliquias
550 2218 773 2256 omnemque
808 2207 1033 2244 theatricum
1067 2213 1296 2259 apparatum
1342 2214 1395 2254 et,
1439 2215 1618 2262 quautam

87 2268 364 2319 simplicitatem
399 2267 600 2318 potuimus,
637 2268 782 2306 Coenae
818 2269 1038 2307 Dominicae
1074 2270 1316 2310 adhibuimus
1343 2273 1380 2311 in
1411 2275 1619 2313 ceremonia

84 2334 215 2386 ipsius.
272 2332 404 2371 Mensa
447 2333 488 2370 in
526 2338 729 2384 conspectu
762 2334 879 2372 totius
918 2329 1106 2373 Ecclesiae
1141 2337 1263 2387 posita
1300 2338 1459 2377 habetur
1493 2353 1619 2391 panno

86 2400 185 2438 lineo
212 2401 324 2437 tecta.
353 2397 457 2435 Huic
484 2398 713 2436 accumbunt
739 2403 775 2437 et
803 2399 973 2438 Ministri
1000 2404 1034 2438 et
1064 2402 1242 2440 convivae
1271 2403 1416 2442 Coenae
1443 2418 1508 2455 per
1536 2419 1621 2444 suas

88 2465 186 2502 vices
225 2476 355 2500 omnes
391 2467 501 2513 atque
529 2463 790 2501 accumbentes
819 2478 967 2503 mensae
995 2478 1013 2503 e
1043 2465 1211 2504 Ministri
1246 2469 1503 2518 a‘cflimbentis
1539 2484 1618 2508 ma-

86 2527 199 2566 nibus
234 2527 394 2565 Coenam
435 2526 587 2565 Domini
615 2532 784 2574 sumunt,
821 2529 1135 2580 quemadmodum
1164 2544 1184 2568 a
1213 2531 1365 2570 Christo
1394 2533 1533 2572 factum
1562 2535 1618 2573 vi-

87 2592 228 2630 demus.

139 2657 271 2707 Neque
307 2669 393 2694 vero
430 2655 512 2693 ideo
549 2655 641 2694 alias
678 2656 867 2696 Ecclesias
902 2659 1227 2708 restitu·(l4l)tas
1255 2666 1318 2700 aut
1347 2664 1618 2703 contemnimus

85 2734 237 2773 quoquo
266 2721 388 2766 modo,
425 2724 488 2758 aut
524 2720 612 2758 ullis
649 2721 788 2760 nostris
823 2723 1063 2774 praeiudiciis
1097 2731 1271 2774 gravatas
1306 2728 1491 2775 volumus,
1518 2730 1617 2781 quod

86 2785 126 2823 in
161 2784 214 2822 eis
251 2788 286 2822 et
313 2784 436 2834 plures
464 2788 500 2822 et
527 2784 701 2822 nonnihil
729 2785 896 2825 diversae
924 2789 1156 2828 ceremoniae
1183 2790 1281 2830 circa
1310 2792 1456 2832 Coenae
1485 2794 1616 2832 Domi-

133 2914 157 2953 ¹)
183 2912 199 2943 1
224 2911 332 2944 Corin.
356 2911 385 2943 3.
431 2911 530 2944 Marc.
554 2912 583 2945 2.

1425 2980 1474 3019 8*
