1830 3147
202 103 276 140 264

220 230 223 233 ·
259 213 550 253 Admonitio
576 213 857 266 peculiaris
883 213 939 253 ad
968 226 1203 267 sponsam.

266 343 379 382 ‚Iam
414 347 450 382 et
477 334 529 390 tu,
566 356 650 382 mea
677 356 798 392 soror,
823 344 863 383 N
867 347 894 384 .!
923 343 1114 390 audivisti,
1142 358 1216 397 quo
1245 349 1356 397 pacto
1383 326 1541 383 maritus
1568 345 1630 384 hic
1656 349 1742 385 tuus

215 410 264 448 N.
292 412 418 448 tecum
446 409 619 461 deinceps
647 409 769 448 vivere
796 424 860 462 per
889 423 1036 448 omnem
1065 410 1180 448 vitam
1207 411 1318 449 simul
1339 414 1500 449 vestram
1520 410 1666 451 debeat.
1694 412 1745 449 Et

216 475 287 512 hoc
321 474 394 512 tibi
421 474 537 524 igitur
563 475 676 513 etiam
704 479 758 514 est
785 475 1027 522 audiendum,
1055 489 1129 526 quo
1155 480 1265 527 pacto
1292 480 1334 514 tu
1361 475 1524 514 vicissim
1554 489 1636 515 cum
1663 476 1746 529 ipso

216 541 337 579 vivere
375 540 523 583 debeas,
562 554 694 592 nempe
737 546 777 578 ut
803 554 846 579 ea
875 540 1001 579 omnia
1028 544 1217 592 praestare
1243 541 1365 579 modis
1394 541 1568 580 omnibus
1596 542 1745 581 studeas

213 618 281 656 pro
319 605 416 642 virili
452 609 527 651 tua,
563 618 657 657 quae
692 604 746 643 tui
778 604 889 642 officii
926 618 1006 642 esse
1039 604 1181 650 audies,
1208 604 1313 643 iuxta
1341 607 1452 654 (610)
1481 605 1633 643 verbum
1663 605 1745 645 Dei.

218 669 362 720 Nempe
396 673 439 707 ut
474 669 648 707 maritum
681 673 788 707 tuum
816 682 860 708 ex
887 672 970 708 toto
1000 668 1110 715 corde
1137 673 1202 707 tuo
1232 669 1434 707 secundum
1464 669 1584 708 Deum
1613 669 1748 720 diligas

216 738 328 785 atque
371 747 485 778 ames,
530 733 716 771 venereris
752 733 858 771 illum
902 746 947 771 ac
981 733 1199 779 reverearis,
1235 733 1358 785 sisque
1393 733 1451 771 illi
1488 734 1669 780 subiecta,
1704 737 1747 772 ut

218 799 370 837 domino
406 803 487 841 tuo,
522 798 839 850 quemadmodum
883 811 1016 850 corpus
1043 802 1167 836 totum
1196 799 1309 850 capiti
1336 812 1401 836 suo
1431 799 1636 837 subiectum
1667 813 1746 838 csse

218 863 396 909 videmus,
441 868 549 914 atque
594 862 837 913 agnoscimus
882 863 1091 901 Ecclesiam
1136 863 1287 902 Christo
1332 863 1496 902 Domino
1543 864 1746 903 subiectam

219 941 296 966 esse
325 932 507 978 oportere,
524 949 574 956 —
603 928 744 978 cogites
772 931 807 965 te
837 927 918 965 dari
945 927 1081 966 marito
1108 930 1174 966 tuo
1202 941 1222 965 a
1251 927 1415 965 Domino
1438 927 1518 966 Deo
1537 932 1601 966 tuo
1621 928 1663 966 in
1681 928 1747 966 ad-

218 993 436 1038 iumentum,
473 1005 550 1029 non
590 992 627 1030 in
657 992 980 1043 impedimentum,
1007 992 1045 1030 in
1076 992 1262 1039 solatium,
1290 1006 1366 1031 non
1394 992 1433 1031 in
1459 993 1682 1039 molestiam,
1706 993 1747 1032 in

217 1061 492 1101 ornamentum,
528 1069 604 1095 non
642 1057 679 1095 in
719 1056 879 1096 dedecus
908 1062 972 1095 aut
1001 1058 1248 1107 ignominiam
1278 1057 1376 1096 vitae
1402 1058 1534 1109 ipsius.
1586 1058 1750 1097 Proinde

220 1123 314 1161 nihil
341 1122 412 1160 tibi
439 1135 603 1174 unquam
635 1135 778 1161 sumere
805 1126 870 1160 aut
897 1123 1165 1174 quoquomodo
1194 1123 1406 1174 permittere
1434 1122 1588 1161 debebis
1614 1123 1746 1162 adver-

216 1200 278 1225 sus
305 1186 480 1224 maritum
507 1190 625 1232 tuum,
653 1185 715 1224 sed
743 1186 783 1224 in
812 1187 962 1225 silentio
991 1192 1027 1225 et
1054 1187 1285 1225 subiectione
1312 1191 1418 1225 tuum
1436 1187 1597 1225 officium
1617 1201 1748 1226 aman-

218 1256 272 1289 ter
309 1254 343 1289 et
379 1250 525 1302 placide
560 1250 617 1287 illi
654 1250 874 1302 praestabis,
911 1255 950 1288 ut
979 1251 1028 1289 sis
1057 1251 1274 1289 adiumento
1301 1251 1436 1289 solatio
1464 1256 1499 1289 et
1525 1255 1747 1290 ornamento

217 1316 313 1354 vitae
349 1328 392 1353 ac
429 1315 592 1353 familiae
626 1315 758 1367 ipsius.
812 1315 873 1353 Ita
910 1315 1008 1354 enim
1047 1316 1117 1354 hoc
1154 1329 1174 1353 a
1212 1315 1290 1354 Deo
1330 1315 1576 1354 constitutum
1611 1320 1680 1361 est,
1706 1320 1748 1355 ut

217 1380 345 1418 uxoris
382 1379 562 1432 cuiusque
600 1380 825 1418 desiderium
860 1394 939 1419 esse
977 1381 1109 1419 debeat
1137 1381 1183 1418 ad
1210 1380 1397 1428 maritum,
1426 1394 1502 1419 non
1530 1384 1653 1419 autem
1680 1382 1747 1419 ad-

216 1457 344 1483 versus
374 1445 548 1482 maritum
574 1443 703 1495 ipsiuS,
732 1446 843 1493 (611)
872 1449 908 1482 et
936 1444 1035 1496 quod
1067 1444 1223 1482 maritus
1251 1444 1306 1481 illi
1335 1444 1559 1484 dominetur.
1590 1445 1747 1483 Cavebis

215 1509 333 1559 igitur
369 1521 514 1547 summa
551 1521 638 1546 cura
676 1522 718 1546 ac
755 1509 964 1559 diligentia,
1001 1522 1047 1547 ne
1076 1510 1172 1547 hanc
1199 1509 1311 1547 talem
1342 1509 1412 1547 Dei
1441 1509 1747 1549 constitutionem

218 1575 334 1612 violes
369 1574 447 1613 ullo
475 1573 602 1619 modo,
627 1578 669 1611 ut
696 1573 769 1611 tibi
797 1573 971 1612 videlicet
999 1574 1119 1612 ullum
1149 1573 1302 1612 omnino
1331 1574 1530 1625 imperium
1558 1588 1680 1613 sumas
1707 1575 1747 1613 in

217 1639 393 1677 maritum
418 1642 538 1682 tuum,
566 1641 630 1675 aut
657 1637 729 1675 tibi
751 1637 789 1674 id
819 1637 968 1675 suaderi
995 1637 1204 1688 permittas.
1259 1637 1334 1674 Sed
1360 1650 1434 1688 quo
1462 1641 1499 1676 te
1526 1637 1646 1687 magis
1675 1637 1747 1676 sibi

217 1704 372 1741 maritus
407 1706 495 1740 tuus
531 1715 690 1753 aequare
730 1702 830 1740 volet
866 1714 934 1753 pro
963 1714 1032 1739 suo
1059 1701 1180 1740 officio
1208 1715 1350 1753 suoque
1376 1702 1416 1740 in
1445 1706 1480 1740 te
1510 1715 1649 1747 amore,
1675 1702 1748 1741 hoc

216 1773 257 1806 tu
291 1767 411 1818 magis
447 1772 485 1805 te
521 1767 686 1805 vicissim
722 1766 916 1804 demittere
943 1770 1042 1818 apud
1070 1766 1208 1818 ipsum,
1233 1766 1272 1805 in
1301 1766 1404 1804 omni
1432 1767 1663 1805 subiectione
1690 1771 1747 1806 at·

218 1846 289 1884 que
324 1831 538 1870 obedientia
576 1831 743 1877 debebis,
776 1835 812 1868 et
849 1830 1077 1882 sequendum
1114 1830 1185 1868 tibi
1221 1844 1301 1869 esse
1334 1831 1396 1868 hic
1423 1834 1563 1870 statues
1591 1830 1748 1869 manda-

215 1901 294 1936 tum
325 1897 405 1942 Dei,
432 1901 543 1948 atque
569 1895 659 1933 item
684 1895 895 1947 exemplum
923 1899 1135 1934 sanctarum
1165 1899 1431 1940 matronarum,
1458 1909 1552 1947 quae
1579 1896 1689 1934 nobis
1705 1910 1749 1935 eo

217 1961 369 2000 nomine
404 1960 641 2013 potissimum
677 1960 718 1998 in
753 1960 948 2011 scripturis
985 1959 1308 2004 commendantur,
1344 1959 1445 2011 quod
1480 1959 1625 1998 maritis
1661 1960 1749 2007 suis,

219 2040 283 2078 spe
320 2040 385 2065 sua
420 2026 460 2064 in
495 2025 701 2064 Dominum
738 2025 858 2078 Deum
888 2025 1081 2067 collocata,
1117 2025 1324 2075 morigerae
1350 2026 1534 2076 planeque
1561 2025 1750 2063 subiectae

218 2096 353 2136 essent,
388 2091 436 2129 ad
472 2104 578 2142 quem
616 2090 769 2128 modum
809 2091 939 2128 Saram
977 2090 1154 2128 Abrahae
1183 2103 1248 2128 suo
1279 2090 1486 2128 subiectam
1513 2090 1627 2129 fuisse
1655 2091 1747 2140 legi-

220 2170 316 2204 mus,
349 2159 391 2194 ut
431 2156 536 2194 illum
568 2155 763 2193 dominum
791 2168 899 2193 suum
926 2168 1006 2194 esse
1033 2159 1255 2204 agnosceret
1283 2159 1318 2192 et
1346 2160 1507 2194 vocaret.
1561 2154 1648 2192 Eris
1674 2155 1748 2205 igi-

218 2226 280 2260 tur
313 2222 355 2259 in
389 2220 605 2259 istiusmodi
641 2220 876 2272 subiectione
911 2220 1130 2258 adiumento
1167 2220 1303 2258 marito
1340 2224 1405 2257 tuo
1442 2220 1483 2258 in
1521 2233 1609 2258 cura
1637 2221 1748 2269 (612)

219 2299 263 2324 ac
297 2285 571 2336 gubernatione
606 2285 740 2322 domus
776 2298 863 2323 suae
900 2298 984 2323 cum
1022 2284 1125 2322 omni
1163 2283 1346 2322 modestia
1379 2283 1595 2335 placiditate
1621 2288 1658 2322 et
1686 2297 1746 2322 so-

219 2349 377 2389 brietate
411 2349 492 2388 sine
525 2350 625 2387 fastu
661 2349 826 2399 luxuque
862 2349 953 2395 ullo,
992 2352 1031 2387 ut
1066 2353 1151 2387 tuae
1184 2348 1334 2399 pietatis
1362 2352 1472 2399 atque
1498 2347 1749 2398 parsimoniae

218 2415 386 2466 exemplo
423 2414 507 2453 aliis
542 2414 755 2466 praelucere
785 2413 922 2465 possis,
956 2413 1004 2451 ad
1040 2412 1111 2451 Dei
1145 2413 1306 2462 gloriam
1341 2417 1377 2451 et
1411 2412 1534 2450 mariti
1569 2412 1625 2450 tui
1660 2413 1747 2451 uni·

218 2492 418 2531 versaeque
445 2479 537 2517 adeo
564 2478 727 2517 familiae
753 2483 896 2517 vestrae
923 2482 1197 2516 ornamentum.

253 2544 411 2595 ‘'Haec
438 2558 484 2582 ne
510 2544 575 2591 ita,
600 2558 681 2582 mea
708 2556 815 2582 soror
841 2543 913 2583 ΝΛ
943 2543 1119 2593 agnoscis
1147 2556 1227 2581 esse
1253 2542 1310 2581 tui
1337 2541 1445 2579 officii
1472 2541 1609 2587 omnia,
1636 2545 1747 2593 atque

218 2609 258 2647 in
309 2608 433 2646 animo
477 2612 543 2647 tuo
588 2623 652 2661 per
695 2608 857 2658 gratiam
899 2607 969 2645 Dei
1013 2607 1195 2659 proponis
1239 2610 1276 2645 et
1313 2619 1438 2644 coram
1474 2605 1543 2643 hac
1576 2606 1746 2646 Ecclesia

217 2672 328 2711 etiam
364 2672 562 2722 profiteris,
597 2677 634 2710 te
669 2685 711 2710 ea
749 2672 875 2709 omnia
904 2685 970 2722 pro
1000 2685 1142 2709 summa
1170 2675 1234 2709 tua
1261 2670 1361 2709 virili
1387 2669 1425 2707 in
1455 2669 1643 2719 coniugali
1669 2670 1744 2708 iam

218 2735 391 2786 deinceps
426 2739 490 2773 tua
528 2735 703 2773 societate
736 2748 802 2786 per
839 2747 986 2772 omnem
1024 2735 1137 2773 vitam
1174 2738 1278 2773 tuam
1313 2725 1501 2784 praestare
1541 2733 1633 2771 velle
1662 2746 1744 2771 cum

216 2799 388 2838 adstante
431 2811 515 2837 ecce
549 2799 620 2837 tibi
655 2800 722 2845 N.‚
766 2812 877 2851 quem
915 2798 976 2836 hic
1011 2799 1085 2836 iam
1123 2812 1246 2836 coram
1284 2797 1354 2835 hac
1390 2797 1557 2835 Ecclesia
1593 2797 1744 2848 publico

218 2864 391 2914 agnoscis
436 2877 514 2902 esse
560 2867 665 2901 tuum
709 2864 862 2902 unicum
910 2877 1034 2901 verum
1072 2877 1116 2901 ac
1150 2863 1355 2913 legitimum
1393 2862 1583 2909 maritum,
1617 2862 1690 2900 tibi
1724 2876 1746 2900 a
