1830 3147
1521 116 1589 155 171

49 224 148 262 Deus
176 224 213 262 in
244 237 310 262 sua
339 223 505 261 Ecclesia
534 223 727 261 observari
757 224 857 269 velit,
875 224 1000 262 fontes
1020 225 1122 263 illius
1142 225 1388 276 proferemus,
1418 225 1591 264 Christus

47 289 233 326 Dominus
269 287 367 339 apud
406 287 640 325 Matthaeum
677 291 712 325 et
750 288 892 326 Lucam
919 288 1038 334 iubet,
1064 295 1106 327 ut
1133 289 1267 327 offensi
1295 303 1447 341 quoquo
1475 290 1590 328 modo

49 367 113 405 per
140 354 292 391 fratrem
321 352 645 390 admonitionibus
675 353 772 405 apud
800 354 907 391 illum
937 358 1091 391 utamur
1113 356 1157 402 ¹).
1197 355 1334 394 Paulus
1353 355 1442 393 item
1463 359 1591 394 monet

51 418 446 458 Thessalonicensium
485 418 706 465 Ecclesiam,
743 422 783 456 ut
819 419 1099 457 admonitiones
1135 420 1313 458 adversus
1353 420 1591 459 inordinatos

48 486 184 522 fratres
221 497 267 521 ne
303 483 575 534 praetermittat
613 484 692 520 ullo
721 484 835 521 modo
854 485 900 532 Ξ).
956 484 1138 534 Idemque
1166 484 1363 523 Hebraeos
1391 485 1591 534 diligenter

50 550 222 588 hortatur
249 548 296 587 ad
325 547 578 586 observandas
605 549 895 593 admonitiones,
922 562 969 586 ne
1004 550 1068 600 qui
1095 549 1193 587 inter
1212 550 1297 588 illos
1318 551 1499 600 neglectis
1523 551 1591 588 ad-

48 613 321 652 monitionibus
340 626 404 663 per
423 613 566 663 peccati
587 613 843 652 seductionem
863 613 1089 651 indurentur
1106 612 1149 662 ³).
1179 616 1237 652 Ac
1256 628 1407 652 rursum
1425 616 1591 665 graviter

48 680 223 728 obiurgat
262 678 493 723 Corinthios,
530 679 631 729 quod
668 681 780 727 (271)
819 692 887 716 usu
926 679 1147 730 disciplinae
1185 679 1361 717 adversus
1399 694 1496 725 eum,
1524 680 1591 731 qui

48 758 131 782 cum
167 757 327 782 noverea
366 744 675 781 consuetudinem
714 744 888 789 habebat,
917 744 1173 795 neglexissent
1194 746 1238 793 4).
1293 745 1342 782 In
1371 745 1472 783 hisce
1500 758 1589 783 sane

48 810 253 860 scripturae
282 808 374 847 locis
403 813 534 846 extant
560 809 685 846 fontes
715 809 904 847 manifesti
932 809 1254 848 observandarum
1287 810 1589 849 admonitionum

46 875 85 913 in
129 874 298 912 Ecclesia
350 875 520 921 Christi,v
549 878 589 912 ut
626 888 686 912 eas
725 876 806 913 sine
840 875 947 924 gravi
985 875 1092 926 culpa
1128 875 1332 914 intermitti
1367 889 1444 914 non
1481 890 1591 928 posse

49 945 207 979 constet.

97 1008 132 1043 3.
187 1004 241 1042 Ut
268 1005 562 1049 ostenderemus,
587 1004 865 1043 admonitiones
893 1005 931 1042 in
961 1019 1030 1042 usu
1060 1005 1282 1056 disciplinae
1309 1019 1385 1043 non
1414 1019 1495 1044 esse
1523 1020 1588 1045 va-

44 1084 111 1120 gas
146 1075 210 1108 aut
245 1071 405 1119 exleges,
441 1070 505 1108 sed
545 1074 685 1107 certum
725 1084 831 1108 suum
869 1070 1006 1107 habere
1034 1070 1218 1115 ordinem,
1245 1071 1350 1108 iuxta
1379 1085 1490 1122 quem
1518 1072 1588 1110 ob-

44 1136 183 1173 servari
226 1135 397 1181 debeant,
444 1135 607 1173 diximus
652 1135 738 1173 illas
774 1135 958 1185 gradatim
997 1136 1251 1174 observandas
1285 1150 1377 1175 esse.
1435 1137 1590 1175 Habent

45 1200 222 1238 nimirum
260 1200 538 1237 admonitiones
573 1200 612 1237 in
649 1213 720 1237 usu
757 1200 980 1251 disciplinae
1009 1201 1179 1262 ordinern
1218 1215 1337 1244 suum,
1366 1201 1476 1239 certis
1504 1203 1588 1253 qui-

46 1265 204 1304 busdam
240 1265 421 1315 gradibus
463 1269 712 1312 constantem,
749 1279 843 1317 quos
879 1266 971 1303 alibi
1010 1279 1084 1304 non
1123 1266 1176 1304 ita
1205 1270 1353 1317 oportet
1381 1267 1587 1308 observari.

44 1331 105 1369 Ita
141 1331 313 1368 Christus
349 1330 535 1368 Dominus
573 1330 666 1375 vult,
703 1334 742 1368 ut
778 1344 840 1368 eos
878 1331 1027 1377 fratres,
1062 1344 1129 1382 per
1164 1344 1261 1382 quos
1300 1330 1432 1369 offensi
1460 1331 1586 1382 aliquo

43 1396 155 1451 modo
194 1410 333 1442 sumus,
359 1396 523 1447 primum
553 1397 624 1434 soli
654 1397 768 1440 solos,
797 1396 931 1434 deinde
959 1410 1037 1434 uno
1066 1400 1178 1447 atque
1207 1397 1325 1434 altero
1353 1400 1450 1435 teste
1477 1397 1586 1435 adhi-

43 1463 136 1509 bito,
162 1466 353 1514 postremo
381 1462 496 1500 totius
526 1462 717 1500 Ecclesiae
745 1462 945 1500 autoritate
972 1461 1255 1511 redarguamus.

94 1532 130 1567 4.
185 1528 359 1565 Diximus
388 1541 447 1565 eas
475 1522 766 1571 admonitiones,
795 1541 890 1578 quae
916 1527 969 1565 ita
988 1527 1179 1576 gradatim
1199 1527 1393 1565 observari
1413 1526 1588 1574 debeant,

26 1597 215 1644 voportere
251 1606 330 1630 esse
369 1592 615 1637 Christianas,
650 1596 690 1629 ut
724 1592 983 1642 intelligamus
1011 1592 1084 1630 tria
1111 1592 1223 1630 nobis
1251 1592 1488 1643 peculiariter
1517 1593 1585 1630 ob·

45 1658 225 1696 servanda
261 1670 340 1695 esse
377 1657 416 1694 in
453 1657 600 1694 illarum
637 1670 722 1695 usu.
777 1657 956 1699 Primum,
992 1660 1034 1694 ut
1061 1669 1104 1694 ex
1135 1670 1236 1693 mera
1265 1657 1446 1694 charitate
1475 1657 1586 1694 Chri-

43 1723 164 1761 stiana
210 1722 446 1773 candidoque
490 1726 525 1759 et
570 1721 713 1759 amanti
756 1726 905 1772 pectore
952 1721 1252 1773 proficiscantur,
1299 1735 1375 1759 non
1413 1722 1586 1773 equidem

41 1787 274 1830 traducendi,
302 1786 366 1825 sed
392 1786 653 1824 lucrifaciendi
682 1786 809 1823 fratris
839 1786 976 1830 studio,
1003 1799 1123 1837 neque
1149 1786 1238 1824 item
1267 1786 1315 1823 ad
1335 1786 1456 1824 nostri
1471 1788 1583 1834 (272)

39 1853 206 1904 ipsorum
235 1852 539 1896 ostentationem,
567 1851 630 1890 sed
659 1851 705 1889 ad
734 1852 926 1890 Ecclesiae
943 1852 1061 1890 totius
1084 1852 1396 1891 aedificationem.
1428 1852 1586 1899 Deinde,

41 1922 83 1956 ut
120 1918 231 1956 nobis
260 1922 357 1955 certe
385 1920 542 1962 constet,
567 1917 618 1962 id,
649 1916 693 1954 de
722 1930 795 1967 quo
826 1918 942 1954 frater
971 1917 1107 1967 aliquis
1138 1918 1185 1954 sit
1214 1917 1486 1961 admonendus,
1514 1931 1584 1968 pu-

41 1997 158 2034 gnare
198 1983 352 2021 omnino
383 1997 466 2020 cum
496 1983 599 2020 verbi
628 1982 758 2020 Divini
788 1982 959 2020 doctrina
988 1983 1185 2033 facereque
1214 1987 1344 2020 contra
1374 1983 1485 2020 fidem
1514 1997 1583 2020 no-

41 2052 155 2086 stram
184 2052 248 2085 aut
276 2047 510 2085 charitatem.
548 2047 703 2097 Alioqui
732 2047 1007 2097 hypocriticum
1036 2051 1092 2084 est
1112 2047 1250 2097 potius,
1267 2061 1379 2098 quam
1399 2047 1584 2085 Christia-

40 2127 143 2158 num,
177 2126 218 2150 ea
245 2112 470 2162 redarguere
496 2112 602 2158 velle,
629 2125 721 2162 quac
752 2125 834 2150 cum
864 2112 1038 2150 doctrina
1067 2112 1172 2149 verbi
1199 2112 1270 2149 Dei
1298 2112 1502 2149 consistere
1531 2113 1582 2149 si-

41 2179 118 2216 mul
145 2181 315 2229 possunt.
362 2178 572 2221 Postremo,
599 2180 641 2214 ut
668 2177 893 2214 modestiam
921 2190 964 2214 ac
991 2177 1229 2227 prudentiam
1258 2176 1512 2214 Christianam
1543 2177 1582 2215 in

41 2242 182 2280 nostris
208 2241 424 2279 istiusmodi
451 2241 778 2278 admonitionibus
806 2241 1066 2279 adhibeamus,
1122 2241 1268 2291 Nempe
1294 2245 1348 2286 ut,
1375 2241 1406 2277 si
1435 2254 1492 2278 res
1521 2241 1579 2279 in-

41 2312 141 2346 certa
169 2307 229 2353 sit,
257 2307 302 2344 de
329 2320 403 2357 qua
431 2307 545 2343 frater
574 2306 712 2356 aliquis
742 2306 876 2343 debeat
904 2305 1110 2352 admoneri,
1139 2306 1281 2343 amanti
1307 2305 1431 2356 aliqua
1451 2307 1581 2344 scisci·

39 2373 183 2412 tatione
219 2372 404 2409 duntaxat
440 2375 680 2422 temperetur.
737 2371 776 2407 Si
805 2384 892 2409 vero
921 2384 978 2408 res
1005 2371 1116 2421 plane
1145 2371 1194 2408 sit
1223 2373 1333 2415 certa,
1365 2374 1403 2408 ut
1431 2384 1580 2408 rursum

41 2438 243 2483 videamus,
271 2437 452 2474 multisne
478 2436 552 2473 iam
583 2437 631 2474 sit
660 2436 812 2486 cognita
840 2449 909 2474 nec
936 2450 996 2480 ne,
1023 2435 1213 2473 multosne
1241 2448 1365 2473 secum
1393 2435 1483 2473 item
1517 2439 1582 2474 aut

38 2507 157 2542 totam
195 2504 293 2540 forte
330 2503 442 2540 etiam
482 2501 688 2539 Ecclesiam
726 2502 778 2539 ita
814 2501 996 2546 involvat,
1037 2504 1079 2539 ut
1115 2500 1156 2538 in
1194 2500 1396 2538 discrimen
1426 2502 1579 2552 aliquod

39 2569 168 2607 induci
204 2568 337 2620 possit.
393 2567 433 2604 Si
470 2567 570 2605 enim
599 2581 656 2604 res
685 2567 815 2605 multis
842 2568 917 2604 iam
946 2572 1002 2604 est
1032 2566 1181 2615 cognita
1211 2566 1427 2617 multosque
1455 2580 1579 2604 secum

37 2634 204 2684 periculo
240 2632 354 2670 alicui
382 2631 554 2674 involvit,
590 2631 716 2681 plures
746 2644 835 2668 sane
862 2630 1037 2668 adhiberi
1064 2635 1223 2680 possunt
1250 2630 1289 2668 in
1318 2630 1439 2681 prima
1467 2630 1579 2668 ctiam

38 2698 280 2736 amonitione.
336 2698 375 2735 Si
414 2710 499 2734 vero
538 2696 584 2733 ad
612 2700 730 2734 totam
759 2696 901 2747 alioqui
930 2696 1142 2733 Ecclesiam
1174 2695 1300 2734 eiusve
1328 2696 1578 2738 ministerium

37 2763 237 2813 pertineat.
273 2766 316 2799 ut
352 2762 396 2799 ad
438 2760 611 2798 Seniores
649 2760 843 2798 Ecclesiae
878 2759 1054 2810 protinus
1093 2758 1294 2805 deseratur,
1328 2759 1465 2809 quibus
1491 2771 1581 2796 sane

82 2891 107 2931 ¹)
130 2890 248 2922 Matth.
273 2890 322 2923 18.
367 2891 443 2922 Luc.
468 2890 517 2923 17.
624 2891 652 2929 9)
678 2890 693 2920 1
719 2890 828 2922 Thess.
853 2890 881 2920 5.
990 2889 1015 2929 ³)
1040 2888 1139 2921 Hebr.
1164 2888 1214 2920 12.
1316 2888 1342 2927 ⁴)
1369 2888 1384 2919 l
1409 2888 1481 2920 Cor.
1506 2889 1534 2919 5.
