1830 3147
91 547 165 579 Ose.
189 548 239 579 13.

90 591 184 622 Rom.
205 591 236 621 4.

90 633 193 664 Marc.
216 633 265 664 16.

93 675 185 706 loan.
209 675 239 706 3.

94 718 110 748 1
135 717 209 748 Cor.
234 717 284 750 15.

92 760 111 791 2
135 759 208 790 Cor.
231 760 261 790 4.

92 801 214 833 Coloss.
238 802 268 833 3.

92 844 182 875 Ioan.
206 844 234 881 5,
258 844 308 878 11.

95 885 181 918 Psal.
207 886 258 920 16.

93 1593 183 1624 Ioau.
209 1592 237 1631 1,
262 1592 292 1625 3.

92 1637 163 1667 Act.
186 1635 216 1667 1.

93 1678 195 1709 Marc.
220 1677 271 1710 16.

92 1719 172 1751 Luc.
195 1719 247 1751 24.

94 1761 216 1794 Hebre.
240 1761 270 1795 7.

94 2045 110 2076 1
134 2045 204 2078 Pet.
227 2047 257 2077 3.

92 2087 211 2122 Hebre.
234 2088 285 2121 10.

92 2246 176 2288 Eph.
200 2246 229 2279 1.

93 2288 218 2320 coloss.
241 2290 269 2326 l,
293 2288 323 2322 2.

91 2330 225 2372 Phillip.
248 2332 278 2364 2.

93 2373 110 2404 1
134 2373 204 2405 Pet.
226 2374 257 2407 3.

92 2415 204 2446 Roma.
228 2416 279 2448 14.

92 2457 203 2490 Philli.
225 2458 255 2489 2.

92 2499 188 2541 Esay.
211 2501 263 2532 45.

379 107 452 144 428
855 116 1031 144 οΑΤΕοΗ.
1060 116 1170 145 1:001..
1200 115 1318 145 LoNn.

379 218 478 270 pulis
505 218 582 258 suis
609 219 794 270 apparuit.
821 221 929 269 (56b)

957 349 1097 388 Interr.
1126 351 1212 389 155.

430 411 534 451 Quid
562 412 718 464 prodest
748 413 860 452 nobis
889 413 1032 452 Christi
1058 414 1314 452 resurrectio?

1023 478 1137 530 Resp.

431 542 574 581 Christi
600 543 876 582 resurrectione
904 547 1004 582 certa
1032 544 1144 581 nobis
1173 543 1291 582 subiit
1316 544 1524 596 persuasio,
1551 548 1710 582 mortem
1730 544 1790 582 in-

378 609 477 646 feros
505 611 618 659 atque
646 608 840 647 diabolum
868 612 1076 660 superatos,
1101 613 1297 661 peccatum
1317 609 1510 649 sublatum
1541 613 1654 661 atque
1671 612 1791 648 aeter-

379 686 467 711 nam
493 673 676 711 iustitiam
704 674 817 712 nobis
845 674 998 712 allatam
1026 678 1062 712 et
1090 674 1163 712 fide
1191 678 1369 726 operante
1396 675 1496 726 apud
1522 678 1667 726 patrem
1688 688 1790 713 com·

378 740 548 788 paratam
576 750 669 776 esse.
713 738 841 776 Etiam
872 742 1011 776 certum
1042 739 1181 790 pignus
1210 739 1321 777 nobis
1350 739 1516 784 exhibet,
1552 753 1622 778 nos
1652 740 1743 777 olim
1771 754 1791 778 a

379 805 512 848 morte,
549 802 700 840 diabolo
735 807 848 854 atque
882 803 1016 842 inferis
1054 804 1194 842 liberos
1230 804 1271 842 in
1310 804 1533 855 corporibus
1562 805 1704 843 nostris
1731 819 1791 843 re-

379 869 616 905 surrecturos
652 880 744 914 esse,
778 881 895 919 quare
927 881 1029 906 nunc
1068 868 1168 906 laeto
1208 868 1320 907 corde
1356 868 1485 907 omnia
1522 882 1542 907 e
1578 882 1691 907 manu
1720 868 1791 907 Dei

379 935 633 983 expectemus.

955 998 1099 1037 Interr.
1128 1001 1213 1036 156.

431 1061 537 1101 Quid
573 1074 675 1100 nuno
710 1075 824 1113 porro
862 1062 907 1100 de
935 1065 1040 1112 (572)
1076 1063 1243 1102 Domino
1272 1067 1404 1102 nostro
1432 1063 1522 1102 Jesu
1552 1063 1702 1102 Christo
1732 1078 1790 1103 se-

379 1127 534 1179 quitur?

1026 1193 1139 1243 Resp.

429 1257 529 1294 Eum
563 1256 805 1295 adscendisse
839 1256 879 1294 in
919 1257 1075 1304 coelum,
1113 1257 1178 1295 ubi
1214 1271 1318 1296 nunc
1355 1257 1484 1296 sedeat
1521 1258 1568 1296 ad
1598 1258 1789 1297 dexteram

380 1320 463 1367 Dei,
488 1321 610 1359 Patris
638 1321 921 1372 omnipotentis.

955 1386 1096 1426 Interr.
1125 1387 1211 1427 157.

432 1450 537 1490 Quid
565 1451 628 1489 hic
654 1450 835 1489 articulus
863 1450 999 1489 docet?

1034 1515 1147 1567 Resp.

430 1580 550 1619 Credo
588 1584 701 1631 atque
738 1581 934 1626 confiteor,
972 1580 1100 1617 Iesum
1140 1579 1335 1618 Christum
1370 1580 1454 1632 (qui
1488 1580 1594 1619 iuxta
1623 1579 1791 1620 divinam

379 1659 485 1684 suam
512 1649 686 1684 naturam
715 1658 861 1696 semper
888 1644 1060 1695 alioquin
1088 1644 1128 1682 in
1158 1645 1273 1682 coelis
1291 1644 1424 1694 fuerit)
1451 1649 1698 1697 posteaquam
1717 1647 1791 1684 mi-

378 1710 575 1748 nisterium
603 1713 717 1760 atque
744 1708 906 1746 officium
937 1721 1059 1755 suum,
1084 1712 1127 1746 ut
1154 1712 1190 1746 et
1217 1708 1533 1746 resurrectionem
1563 1722 1670 1746 suam
1698 1710 1790 1748 satis

378 1774 657 1821 declaravisset‚
695 1786 851 1825 corpore
887 1774 1001 1811 etiam
1037 1786 1106 1811 suo
1133 1773 1173 1811 in
1201 1774 1319 1811 altum
1348 1773 1540 1812 sublatum
1567 1787 1660 1819 esse,
1687 1778 1723 1812 et
1750 1774 1790 1812 in

379 1840 482 1878 coelo
520 1840 567 1877 ad
605 1839 771 1877 divinam
807 1839 1022 1890 pervenisse
1058 1837 1232 1888 gloriam,
1271 1838 1337 1876 ubi
1373 1842 1524 1876 aeterna
1559 1838 1703 1877 laetitia
1741 1839 1790 1877 sit

378 1909 490 1956 atque
518 1904 728 1943 beatitudo.

960 1968 1099 2008 Interr.
1129 1970 1214 2007 158.

430 2034 536 2073 Quid
563 2034 636 2072 hoc
664 2033 738 2071 sibi
766 2033 858 2080 vult,
887 2032 1080 2071 Christum
1109 2032 1155 2070 ad
1185 2032 1378 2071 dexteram
1403 2033 1509 2081 (57¹2)
1539 2032 1608 2071 Dei
1636 2033 1789 2072 sedere?

1028 2161 1142 2212 Resp.

428 2227 491 2265 Ad
518 2226 640 2265 nostri
668 2225 820 2264 dicendi
848 2225 1030 2264 rationem
1062 2225 1120 2263 his
1150 2224 1274 2263 verbis
1302 2225 1544 2275 inteIHgItur,
1560 2239 1645 2264 eum
1665 2227 1790 2276 (iuxta

377 2291 581 2329 humanam
617 2304 767 2342 quoque
800 2295 990 2337 naturam,
1025 2290 1162 2341 quippe
1191 2289 1341 2327 divinae
1370 2289 1628 2339 coniunctam)
1656 2294 1787 2342 poten-

376 2355 469 2394 tiam
507 2358 621 2406 atque
648 2354 833 2392 honorem
859 2354 1051 2405 accepisse
1079 2367 1189 2405 supra
1219 2367 1349 2391 omnes
1377 2354 1548 2403 Angelos
1577 2358 1613 2392 et
1642 2359 1789 2392 creatu-

376 2433 450 2466 ras,
482 2423 702 2469 regnantem
730 2433 808 2457 una
837 2432 919 2457 cum
948 2419 1060 2456 Patre
1087 2432 1132 2456 ex
1160 2418 1291 2456 eodem
1317 2418 1460 2468 gloriae
1489 2419 1584 2456 solio
1611 2419 1692 2470 pari
1719 2432 1788 2470 po·

376 2486 492 2524 tentia
521 2489 633 2537 atque
659 2485 783 2535 gloria
809 2484 849 2522 in
879 2484 992 2522 coelis
1020 2488 1132 2535 atque
1159 2484 1198 2522 in
1225 2488 1336 2531 terra,
1363 2498 1478 2535 quare
1499 2484 1599 2522 flecti
1627 2484 1789 2524 debeant

375 2549 449 2600 ipsi
484 2549 610 2587 omnia
654 2561 791 2599 genua,
827 2548 965 2586 servire
1003 2561 1133 2587 omnes
1172 2552 1374 2595 creaturas,
1409 2561 1611 2598 agnoscere
1639 2561 1722 2587 eum
1750 2552 1787 2588 et

376 2613 531 2652 adorare
558 2627 690 2652 omnes
716 2613 879 2663 linguas,

951 2741 1092 2780 Interr.
1124 2744 1210 2780 159.

426 2806 473 2843 In
502 2819 612 2856 quem
639 2807 752 2843 finem
780 2805 967 2843 Dominus
996 2804 1122 2843 divina
1153 2806 1224 2843 hac
1251 2818 1317 2844 sua
1344 2805 1466 2855 gloria
1485 2808 1596 2856 atque
1617 2807 1785 2857 potentia

375 2869 548 2923 inprimis
574 2870 723 2908 utitur?
