1830 3147
1561 131 1633 171 271

94 242 218 295 posita
246 256 390 294 semper
417 242 565 282 habeat.
621 242 727 281 Haec
755 242 855 280 enim
885 255 970 280 cum
999 241 1045 280 ad
1074 255 1144 281 nos
1172 242 1383 293 pertineant
1412 242 1635 280 Sacramen-

95 312 220 346 torum
266 307 496 353 testimonio.
540 311 576 345 et
613 307 764 358 quidem
800 321 845 345 ex
881 307 1023 345 Christi
1058 306 1191 358 ipsius,
1226 307 1293 358 qui
1329 319 1406 344 non
1442 306 1638 352 mentitur,

97 373 347 419 institutione,
390 386 468 411 non
505 377 665 424 possunt
701 373 781 411 sine
818 386 955 422 magna.
993 372 1253 410 consolatione
1292 377 1418 410 nostra
1456 371 1636 424 reputari.

100 437 290 476 Nimirum
317 437 525 488 baptismus
553 440 682 475 noster
710 439 1019 485 testa-(629)tur,
1045 450 1127 481 nos,
1156 436 1203 474 ad
1231 450 1340 487 quem
1363 436 1515 474 modum
1538 448 1636 487 aqua

97 502 226 540 sordes
263 515 392 540 omnes
428 502 620 545 eluuntur,
655 501 709 540 ita
747 501 931 551 sanguine
969 500 1112 539 Christi
1149 500 1261 538 etiam
1300 501 1454 538 ablutos
1489 514 1570 539 esse
1595 500 1636 538 in

98 573 216 605 morte
240 566 370 618 ipsius,
406 570 458 613 ut,
491 567 561 605 etsi
589 567 629 604 in
657 567 769 604 nobis
799 566 897 604 servi
925 566 1048 604 adhuc
1076 566 1222 617 peccati
1250 566 1366 603 simus
1394 579 1458 617 per
1486 579 1634 604 omnem

96 632 158 670 hic
186 632 301 670 vitam
328 636 510 674 nostram,
538 631 577 669 in
606 631 758 669 Christo
788 635 914 668 tamen
945 630 1110 668 Domino
1137 630 1270 668 mundi
1297 630 1370 668 iam
1401 630 1523 668 modis
1552 643 1634 668 om-

97 699 209 736 nibus
245 698 361 735 simus
397 711 462 749 per
490 697 693 735 salutarem
722 697 917 744 sanguinis
946 697 1004 735 sui
1030 696 1071 735 in
1099 702 1218 735 morte
1244 696 1363 747 ipsius
1391 696 1639 743 ablutionem,

96 763 150 801 sic
195 767 236 801 ut
283 763 386 801 nulla
428 762 503 801 iam
549 767 677 800 nostra
726 762 929 800 infirmitas
965 762 1144 814 imputari
1181 762 1292 799 nobis
1328 761 1449 812 possit
1485 766 1637 813 propter

98 827 289 866 Christum
326 828 373 865 ad
412 832 582 866 nostram
612 827 979 867 condemnationem.
1035 827 1084 865 Et
1113 840 1228 865 coena
1258 840 1408 864 rursum
1436 826 1638 865 Dominica

94 896 255 931 testatur
290 893 414 937 etiam,
451 906 600 931 omnem
636 892 834 937 iustitiam,
871 905 982 930 omne
1017 892 1192 931 meritum
1235 896 1272 930 et
1298 904 1448 930 omnem
1475 892 1635 942 gloriam

99 957 240 996 Christi
277 957 432 995 Domini
469 962 545 995 tam
584 961 685 995 certo
714 957 761 995 ad
790 970 860 994 nos
888 970 1019 995 omnes
1046 957 1245 1008 pertinere,
1271 956 1337 1008 qui
1363 956 1409 994 de
1435 969 1514 995 uno
1541 970 1638 1008 pane

94 1021 240 1059 edimus
273 1027 310 1059 et
351 1021 396 1059 de
423 1035 500 1060 uno
528 1022 665 1073 poculo
694 1021 861 1059 bibimus
888 1022 927 1059 in
958 1034 1095 1059 coenae
1124 1035 1212 1059 suae
1238 1035 1309 1059 usu
1336 1021 1442 1060 iuxta
1470 1022 1548 1060 eius
1575 1022 1637 1060 in·

95 1086 342 1131 stitutionem,
377 1100 490 1138 quam
528 1091 628 1124 certo
668 1086 853 1124 credimus
891 1099 936 1124 ex
974 1086 1083 1124 Pauli
1110 1086 1296 1131 doctrina,
1325 1087 1489 1124 Coenam
1516 1087 1637 1138 ipsam

96 1150 333 1188 Dominicam
380 1164 460 1189 esse
504 1150 758 1189 indubitatam
803 1151 1108 1189 communionem
1161 1151 1331 1201 corporis
1368 1155 1403 1189 et
1441 1151 1638 1201 sanguinis

96 1215 248 1260 Christi,
277 1216 348 1253 hoc
375 1220 443 1261 est,
472 1215 688 1254 societatem
718 1220 886 1254 nostram
914 1215 1148 1254 individuam
1179 1229 1262 1254 cum
1293 1216 1445 1254 Christo
1473 1216 1638 1256 Domino

95 1280 135 1318 in
170 1280 217 1318 iis
254 1280 445 1327 omnibus,
472 1294 567 1331 quae
596 1281 674 1318 ullo
702 1280 815 1318 modo
844 1280 1031 1332 pertinere
1058 1288 1218 1332 possunt
1246 1281 1292 1319 ad
1323 1294 1458 1332 corpus
1486 1286 1523 1320 et
1550 1296 1638 1320 san-

94 1346 247 1396 guinem
282 1346 415 1397 ipsius,
443 1346 497 1384 sic
524 1351 566 1384 ut
596 1359 716 1398 neque
745 1359 814 1384 nos
844 1346 926 1384 sine
954 1347 1108 1384 Christo
1137 1346 1304 1384 Domino
1333 1346 1539 1386 damnandi
1565 1361 1639 1386 un·

94 1424 204 1462 quam
251 1411 380 1456 simus,
425 1425 546 1462 neque
581 1411 646 1449 ille
680 1411 761 1449 sine
795 1411 907 1449 nobis
945 1412 1115 1463 corporis
1153 1413 1211 1449 sui
1249 1412 1361 1450 sociis
1396 1412 1565 1464 adeoque
1602 1418 1638 1452 et

95 1475 273 1512 membris
300 1475 483 1525 mysticis,
511 1476 550 1513 in
580 1477 692 1524 (630)
723 1476 877 1514 coelesti
906 1489 971 1513 sua
999 1477 1120 1526 gloria
1149 1490 1306 1526 regnare
1335 1477 1445 1515 etiam
1472 1477 1604 1529 possit.

146 1543 181 1578 6.
214 1539 391 1577 Monetur
419 1553 540 1589 aeger,
568 1546 622 1586 ut,
649 1541 828 1591 quoniam
858 1541 981 1579 morbi
1009 1541 1133 1579 nostri
1160 1548 1196 1579 et
1224 1542 1352 1580 omnia
1380 1542 1525 1593 alioqui
1552 1556 1638 1581 cru-

95 1604 148 1642 cis
175 1618 313 1654 genera
341 1605 452 1643 nobis
480 1619 500 1642 a
530 1605 694 1643 Domino
724 1605 771 1643 ad
799 1606 888 1644 fidei
914 1611 1066 1644 nostrae
1093 1607 1391 1658 explorationem
1423 1608 1637 1647 immittun-

92 1675 166 1715 tur,
200 1674 236 1706 et
270 1669 363 1707 fides
400 1674 530 1707 nostra
570 1683 646 1708 non
685 1670 838 1709 aliunde
874 1671 1020 1717 melius,
1055 1685 1168 1723 quam
1206 1684 1252 1709 ex
1281 1672 1477 1711 charitatis
1507 1674 1637 1712 officiis

94 1734 282 1772 aestimari
317 1738 453 1785 potest,
490 1734 624 1772 iisdem
664 1748 816 1786 quoque
845 1734 1040 1773 charitatis
1068 1736 1198 1774 officiis
1223 1736 1330 1774 illam
1358 1750 1467 1787 aeger
1493 1737 1574 1789 ipse
1601 1742 1638 1776 et

95 1799 175 1837 Deo
207 1799 280 1851 ipsi
315 1804 351 1838 et
389 1813 478 1838 suae
514 1800 628 1838 etiam
665 1800 858 1839 Ecclesiae
895 1800 1043 1839 studeat
1071 1801 1106 1839 in
1136 1802 1271 1840 morbo
1301 1802 1373 1840 hoc
1401 1816 1469 1841 suo
1497 1816 1636 1856 appro-

95 1864 193 1903 bare.
247 1864 341 1902 Esse
376 1868 502 1902 autem
541 1865 631 1902 haec
665 1865 865 1917 praecipua
893 1866 1088 1904 charitatis
1114 1866 1215 1905 inter
1242 1880 1305 1906 eos
1334 1867 1473 1906 officia:
1501 1881 1635 1908 recon-

94 1929 211 1967 ciliari
248 1929 307 1975 iis,
343 1942 437 1980 quos
476 1929 713 1975 offendimus,
750 1931 827 1968 sive
864 1930 967 1968 domi
1006 1935 1167 1979 nostrae,
1203 1932 1280 1970 sive
1308 1933 1413 1979 foris,
1440 1933 1636 1983 ignoscere

93 1995 280 2040 omnibus,
323 1995 388 2045 qui
424 2008 493 2032 nos
530 1995 607 2033 ullo
646 1996 757 2034 etiam
794 1996 907 2034 modo
944 1994 1193 2042 offenderunt,
1230 1997 1437 2044 restituere,
1474 1998 1507 2036 si
1543 1999 1634 2050 quid

94 2060 266 2110 cuiquam
312 2059 600 2110 praeripuimus3
647 2073 788 2107 cavere,
835 2074 881 2098 ne
924 2061 1013 2098 ullis
1057 2060 1178 2099 turbis
1224 2075 1267 2099 ac
1314 2062 1480 2101 dissidiis
1515 2064 1634 2101 ullam

94 2123 203 2160 etiam
240 2128 326 2174 post
361 2136 431 2161 nos
469 2124 707 2161 occasionem
742 2125 1012 2176 relinquamus,
1069 2126 1109 2163 Si
1137 2139 1248 2177 quem
1276 2127 1392 2176 igitur
1421 2127 1636 2166 offendisset

93 2201 214 2237 aeger,
242 2187 319 2225 sive
348 2188 533 2234 consulto,
563 2189 640 2226 sive
667 2202 732 2239 per
758 2189 1064 2240 imprudentiam,
1090 2191 1330 2242 potissimum
1357 2197 1479 2230 autem
1508 2193 1547 2230 in
1567 2207 1633 2232 sua

91 2253 209 2304 ipsius
237 2252 392 2299 familia,
419 2253 506 2291 huic
533 2258 576 2291 ut
603 2254 867 2292 reconcilietur
895 2258 932 2293 et
958 2268 1025 2306 pro
1055 2255 1155 2293 virili
1185 2270 1251 2294 sua
1280 2257 1501 2298 satisfaciat.
1550 2259 1633 2297 Ab·

91 2318 166 2356 lata
195 2317 381 2364 restituat,
409 2317 522 2355 habet
551 2317 651 2355 enim
678 2318 842 2356 ultorem
870 2318 992 2356 Deum
1020 2319 1144 2357 omnis
1173 2320 1373 2367 iniustitia,
1400 2327 1512 2373 atque
1539 2323 1632 2361 adeo

92 2382 304 2421 excluditur
332 2382 444 2420 etiam
472 2396 493 2420 a
522 2382 655 2432 Regno
685 2382 769 2422 Dei.
799 2383 981 2432 Ignoscat
1010 2384 1200 2431 omnibus,
1222 2399 1242 2423 a
1262 2387 1401 2437 quibus
1421 2388 1500 2425 ullo
1519 2388 1632 2426 modo

92 2448 213 2485 laesus
242 2451 308 2492 est,
335 2446 383 2484 ad
411 2460 522 2497 quem
551 2447 704 2484 modum
731 2447 888 2499 ipsemet
916 2462 981 2487 sua
1009 2451 1122 2497 (631)
1152 2449 1226 2487 sibi
1253 2455 1405 2501 peccata
1427 2466 1447 2490 a
1466 2452 1633 2492 Domino

94 2512 234 2550 remitti
261 2524 304 2549 ac
333 2511 544 2549 condonari
572 2516 689 2562 optat.
721 2511 908 2563 Disponat
936 2514 1099 2565 tempori
1127 2513 1172 2551 de
1202 2514 1312 2552 bonis
1341 2529 1385 2553 ac
1413 2517 1526 2555 rebus
1555 2518 1634 2556 suis

94 2576 280 2622 omnibus,
308 2576 386 2614 sive
413 2589 477 2628 per
504 2580 784 2623 testamentum,
812 2577 890 2615 sive
916 2578 991 2615 alio
1019 2578 1153 2628 quovis
1169 2578 1296 2625 modo,
1316 2581 1512 2632 toHatque,
1531 2583 1633 2633 quod

94 2640 131 2679 in
158 2641 241 2693 ipso
268 2645 336 2687 est,
363 2653 493 2678 omnes
522 2644 608 2692 post
636 2654 676 2679 se
701 2641 826 2680 litium
855 2655 899 2680 ac
927 2642 1171 2680 dissidiorum
1200 2644 1429 2685 occasiones.

144 2706 192 2744 In
229 2706 326 2745 hanc
362 2706 438 2744 fere
475 2706 699 2744 sententiam
728 2706 917 2746 habentur
943 2707 1184 2759 potissimum
1212 2709 1312 2760 apud
1339 2723 1471 2761 aegros
1499 2711 1632 2751 admo·

95 2771 269 2816 nitiones,
304 2771 520 2818 observato,
554 2776 596 2809 ut
635 2770 776 2809 dictum
805 2775 875 2817 est,
911 2772 1080 2823 ipsorum
1110 2772 1264 2822 ingenio
1293 2778 1404 2826 atque
1431 2775 1565 2814 affectu
1592 2777 1632 2816 in

93 2835 224 2873 morbo
258 2835 353 2886 ipso,
388 2835 586 2873 observata
625 2835 715 2873 item
752 2835 876 2874 morbi
910 2837 1173 2886 magnitudine
1209 2851 1253 2877 ac
1280 2840 1459 2890 periculo,
1487 2856 1533 2881 ne
1561 2842 1632 2882 im-

95 2903 251 2950 portune
281 2900 514 2938 conscientia
540 2899 709 2950 ipsorum
737 2906 926 2950 gravetur.
