1830 3147
828 92 896 127 683
1353 95 1415 143 [A.
1440 96 1489 133 D.
1514 96 1625 146 1553]

95 203 200 238 antea
224 199 356 236 relictis
381 197 543 235 omnibus
568 210 610 234 ex
637 198 750 246 patria
777 199 945 246 profugae
969 201 1006 236 et
1032 214 1124 237 nune
1158 214 1298 238 rursum
1316 203 1502 250 tyrannide
1519 203 1627 241 Anti-

95 261 287 300 christiana
312 259 510 309 propulsae,
535 271 639 295 suum
663 259 755 307 apud
783 264 818 296 te
843 261 1035 308 suffugium
1059 275 1120 310 per
1145 275 1239 300 mare
1256 267 1292 300 et
1309 269 1421 301 terras
1437 274 1627 312 quaerunt.

95 324 176 360 Hoc
200 322 293 359 enim
317 320 540 370 potissimum
565 321 705 357 nomine
731 322 846 368 Reges
872 335 974 359 veros
999 335 1035 359 se
1059 323 1236 360 Ecclesiae
1254 324 1388 361 Christi
1404 325 1534 363 altores
1551 339 1626 364 esse

95 384 275 422 declarant
309 386 416 431 (quae
440 381 582 429 quidem
609 395 744 419 summa
769 387 824 420 est
847 384 1004 431 ipsorum
1029 385 1200 432 dignitas)
1226 386 1255 422 si
1281 387 1501 424 vocationem
1526 401 1624 425 suam

94 449 189 484 recte
216 448 260 482 ut
284 445 413 482 debent
437 444 570 480 intueri
596 444 718 481 velint.
765 444 815 481 Et
840 458 912 492 quo
937 445 992 482 hic
1017 446 1134 482 minus
1159 459 1224 483 suo
1250 448 1474 485 satisfaciunt
1500 450 1625 494 officio,

94 507 159 545 hoe
192 510 288 544 certe
320 506 437 542 minus
472 517 556 541 suae
580 505 735 553 ipsorum
771 505 937 553 dignitati
973 507 1182 554 respondere
1213 507 1397 555 ipsiusmet
1422 509 1625 558 Scripturae

93 567 300 605 testimonio
325 568 527 603 censentur.

138 628 320 675 Quantum
354 632 474 663 autem
507 625 679 662 commodi
710 629 818 673 atque
852 625 1020 662 utilitatis
1053 638 1170 662 seeum
1202 626 1363 664 adferant
1387 630 1459 665 tam
1484 628 1624 677 publice

91 702 197 737 quam
212 688 377 737 privatim
393 687 522 724 collata
546 687 584 723 in
601 687 808 735 peregrinos
833 687 990 724 homiues
1005 687 1180 732 beneficia,
1195 688 1258 735 qui
1276 689 1409 726 Christi
1419 691 1623 738 praesertim

91 750 233 787 nomine
263 748 405 786 aliunde
437 748 605 796 propulsi,
631 760 722 784 nova
746 747 813 784 sibi
838 748 1058 795 receptacula
1082 748 1164 785 alibi
1191 754 1378 796 quaerunt,
1403 750 1439 786 id
1460 751 1622 798 equidem

89 810 250 858 pluribus
275 810 362 847 locis
386 809 561 857 scriptura
578 813 709 852 sancta,
727 809 948 857 potissimum
964 816 1083 846 autem
1101 810 1248 859 ipsemet
1267 811 1430 848 Christus
1446 813 1622 850 Dominus

90 872 125 908 in
139 871 334 918 Evangelio
350 873 505 907 testatur
517 871 664 918 (Matth.
676 870 804 918 10.d.),
815 871 897 906 dum
909 871 983 907 sine
993 872 1150 908 mercede
1164 872 1356 920 fructuque
1373 885 1437 909 suo
1455 886 1499 910 ne
1516 887 1622 921 pocu-

89 933 164 969 lum
189 932 331 980 quidem
355 945 467 980 aquae
492 932 640 979 frigidae
664 932 740 968 dari
765 945 866 980 posse
891 933 954 969 uni
979 945 1021 969 ex
1046 933 1198 969 minimis
1224 935 1297 970 suis
1323 934 1438 979 docet,
1455 935 1622 973 nimirum

89 996 132 1030 ut
157 993 407 1041 intelligamus,
434 996 535 1030 tanto
560 993 662 1041 plura
686 993 786 1030 nobis
811 997 847 1030 et
884 994 1026 1041 quidem
1053 999 1150 1031 certo
1175 1007 1195 1031 a
1221 995 1362 1033 Christo
1389 996 1543 1034 Domino
1561 1010 1622 1034 ex-

89 1056 261 1103 pectanda
291 1068 378 1099 esse,
413 1055 444 1091 si
477 1067 548 1091 non
579 1068 691 1102 aquae
724 1055 829 1091 modo
855 1056 1032 1103 poculum,
1059 1056 1120 1092 sed
1144 1057 1260 1104 ipsum
1288 1058 1392 1094 etiam
1418 1058 1622 1106 hospitium,

87 1128 158 1152 11011
183 1116 246 1152 11111
271 1119 411 1152 tantum
437 1116 541 1153 alicui
568 1116 721 1152 membro
748 1117 892 1160 Christi,
919 1117 978 1153 sed
1004 1117 1126 1154 inultis
1150 1118 1186 1154 in
1211 1131 1322 1154 unum
1341 1119 1526 1167 mysticum
1544 1133 1620 1157 cor-

88 1190 154 1225 pus
179 1177 289 1225 ipsius
315 1177 474 1214 collectis
503 1177 739 1225 praebeamus.
765 1179 886 1224 Atque
911 1178 1062 1214 humana
1087 1178 1229 1225 quidem
1253 1180 1344 1216 ratio
1363 1179 1443 1216 huie
1463 1180 1620 1217 Domini-

88 1250 148 1274 cae
173 1238 396 1285 promissioni
422 1251 492 1274 non
520 1238 621 1275 facile
646 1238 810 1274 assentiri
835 1241 966 1286 potest,
992 1243 1029 1275 et
1053 1240 1199 1276 noxium
1223 1240 1343 1287 potius
1368 1240 1491 1277 multis
1509 1242 1619 1278 nomi-

88 1301 192 1338 nibus
223 1313 298 1336 esse
331 1299 477 1343 iudicat,
511 1300 543 1335 si
568 1300 770 1347 peregrinos
797 1300 952 1336 homines
978 1300 1021 1336 ad
1043 1313 1107 1337 nos
1132 1301 1260 1349 passim
1287 1302 1506 1349 recipiamus.
1553 1303 1622 1340 Sed

86 1362 180 1411 apud
213 1361 432 1398 Christianos
464 1361 620 1398 homines
653 1374 692 1398 ac
727 1361 839 1398 multo
871 1362 982 1408 magis
1020 1362 1213 1410 Principes,
1239 1376 1311 1399 non
1337 1366 1478 1400 tantum
1505 1364 1622 1402 valere

88 1423 216 1460 debent
251 1423 445 1470 quamlibet
481 1423 637 1470 speciosa
670 1423 817 1459 rationis
852 1425 993 1460 nostrae
1018 1424 1177 1469 consilia,
1202 1431 1244 1461 ut
1269 1425 1451 1462 doctrinae
1475 1439 1516 1464 ac
1541 1439 1621 1475 pro-

87 1485 311 1522 missionibus
337 1485 471 1522 Christi
495 1485 598 1522 fidem
622 1485 794 1532 abrogent
819 1486 1081 1533 quoquomodo.
1124 1487 1220 1533 Quin
1246 1488 1365 1536 potius
1391 1490 1620 1527 statuendum

89 1549 154 1590 est,
180 1545 268 1582 nihil
293 1545 394 1582 nobis
417 1558 438 1582 a
463 1549 585 1582 nostra
609 1546 783 1582 industria
808 1547 1068 1595 prudentiaque
1094 1549 1348 1596 expectandum
1373 1563 1448 1587 esse
1467 1551 1622 1595 omnino,

89 1607 159 1644 nisi
191 1607 244 1644 illi
278 1607 452 1644 Dominus
485 1607 559 1655 ipse
593 1607 786 1645 benedicat.
834 1609 920 1645 Non
945 1609 1119 1646 benedicit
1151 1614 1270 1646 autem
1296 1611 1529 1659 proculdubio
1554 1614 1622 1650 nisi

90 1668 190 1704 iuxta
216 1667 462 1716 promissiones
488 1680 581 1711 511115,
605 1668 642 1704 111
667 1668 796 1714 quibus
822 1682 904 1705 sane
929 1670 1072 1706 mentiri
1097 1683 1278 1718 nunquam
1305 1673 1434 1719 potest.
1459 1673 1496 1709 Si
1515 1673 1622 1711 vidua

87 1728 148 1765 illa
183 1729 374 1776 Sareptana
407 1728 444 1764 in
477 1728 582 1765 Helia
607 1728 824 1766 admittendo
867 1730 1015 1766 rationis
1041 1743 1125 1767 suae
1149 1732 1334 1768 eonsilium
1360 1734 1461 1781 sequi
1487 1734 1619 1772 voluis-

87 1794 154 1834 set,
181 1803 251 1827 non
277 1790 438 1837 equidem
465 1790 532 1826 nisi
558 1790 664 1826 unius
690 1790 759 1827 diei
784 1791 901 1827 cibum
927 1805 1007 1828 cum
1033 1805 1097 1829 sua
1122 1793 1253 1830 familia
1278 1794 1454 1843 reliquum
1481 1796 1619 1833 habuis-

88 1857 153 1888 set.
180 1852 366 1888 Caeterum
392 1851 496 1888 Helia
520 1851 682 1895 admisso,
708 1852 794 1888 nihil
818 1852 871 1889 illi
897 1852 1011 1889 defuit
1036 1866 1075 1890 ae
1101 1855 1263 1902 protinus
1289 1856 1382 1892 unde
1410 1869 1447 1893 se
1466 1861 1502 1893 et
1519 1871 1618 1894 suam

89 1912 255 1948 familiam
288 1912 425 1949 abunde
456 1912 566 1949 aleret
591 1913 749 1956 habebat,
776 1926 844 1950 non
873 1914 1034 1961 equidem
1060 1915 1143 1951 ullis
1168 1916 1316 1952 rationis
1343 1930 1426 1962 suae
1451 1918 1618 1962 consiliis,

87 1973 148 2010 sed
165 1974 322 2019 gratuita
338 1973 556 2020 benignitate
575 1974 653 2017 Dei,
673 1987 713 2011 eo
731 1974 827 2022 quod
852 1975 950 2011 illius
975 1975 1189 2024 Prophetam
1216 1990 1367 2025 eumque
1393 1980 1617 2026 peregrinum

87 2033 130 2070 ad
156 2047 192 2070 se
218 2035 415 2071 venientem
440 2035 477 2070 in
503 2048 637 2071 summa
662 2035 767 2072 etiam
788 2049 903 2072 rerum
916 2037 1080 2083 angustia
1097 2038 1284 2085 recepisset.
1303 2041 1338 2085 (3
1351 2039 1438 2085 Reg.
1454 2041 1528 2087 17).
1561 2041 1618 2078 Sic

88 2097 124 2131 et
144 2095 202 2143 pio
220 2095 272 2131 illi
290 2096 476 2139 Pharaoni,
494 2096 556 2143 qui
572 2096 760 2143 Iosephum
775 2100 978 2143 agnoverat,
995 2097 1081 2134 adeo
1102 2098 1246 2134 noxium
1264 2111 1333 2135 non
1354 2100 1432 2143 suit,
1452 2100 1618 2138 Iacobum

87 2168 168 2192 cum
195 2157 360 2193 universa
385 2157 494 2205 ipsius
522 2157 649 2192 familia
675 2157 709 2192 iu
736 2170 883 2204 regnum
908 2171 1012 2194 suum
1039 2159 1236 2204 advocasse,
1263 2161 1400 2197 etiamsi
1417 2161 1451 2198 id
1470 2162 1619 2199 humana

88 2216 222 2263 alioqui
239 2217 329 2253 ratio
348 2217 449 2265 plane
466 2217 694 2261 dissuaderet,
712 2222 754 2254 ut
771 2231 834 2253 sua
850 2219 966 2255 omnia
984 2219 1020 2255 in
1031 2219 1170 2268 Iosephi
1185 2221 1345 2258 manibus
1358 2235 1464 2270 supra
1477 2224 1616 2260 modum

89 2276 317 2324 multiplicari
343 2279 610 2326 prosperarique
636 2278 771 2315 videret
789 2280 892 2326 (Gen.
911 2281 984 2327 47).
1034 2282 1169 2317 Contra
1194 2295 1278 2319 vero
1302 2283 1405 2320 alteri
1431 2285 1618 2330 Pharaoni,

88 2350 110 2384 q
116 2337 151 2373 ui
177 2337 364 2384 losephum
391 2351 462 2374 non
479 2342 637 2382 noverat,
657 2339 800 2376 exitiale
816 2352 960 2387 prorsus
979 2344 1064 2384 erat,
1083 2341 1224 2378 eandem
1245 2343 1352 2391 ipsam
1373 2344 1491 2381 Iacobi
1519 2345 1616 2382 sami-

87 2399 170 2435 liam
187 2399 435 2446 conduplicata
459 2399 571 2447 ipsius
596 2400 770 2436 servitute
796 2401 897 2436 iuxta
913 2402 1121 2449 prudentiae
1138 2416 1220 2439 suae
1237 2404 1423 2440 consilium
1442 2418 1482 2442 ac
1501 2408 1616 2444 nescio

87 2471 174 2506 quas
191 2459 407 2507 suspiciones
421 2460 614 2507 opprimere
633 2460 785 2496 voluisse
805 2461 886 2507 (Ex.
906 2462 938 2505 1,
958 2463 990 2505 2,
1003 2464 1035 2499 3.
1054 2464 1134 2499 Aet.
1154 2465 1203 2510 7).
1232 2464 1290 2500 lta
1308 2464 1474 2502 videlicet
1491 2471 1617 2514 potens

86 2523 140 2556 est
176 2521 273 2556 Deus
310 2520 478 2556 adversus
520 2521 634 2557 omnia
671 2508 816 2558 rationis
842 2527 983 2559 nostrae
1008 2524 1164 2568 consilia,
1190 2528 1232 2561 ut
1258 2538 1348 2572 quac
1374 2526 1434 2562 illa
1459 2529 1615 2565 omnium

86 2582 235 2618 maxime
267 2582 372 2618 noxia
405 2594 479 2618 esse
510 2582 653 2626 iudicat,
694 2595 741 2628 ea
773 2584 848 2631 ipse
889 2585 1043 2620 omnium
1088 2587 1237 2622 maxime
1261 2592 1455 2636 prosperet,
1481 2590 1509 2625 si
1535 2603 1615 2627 eum

85 2643 280 2687 audiamus,
316 2656 355 2680 ac
393 2656 532 2679 rursum
564 2644 664 2680 irrita
690 2644 794 2681 faciat
820 2648 943 2682 nostra
969 2647 1095 2690 omnia,
1122 2647 1274 2695 denique
1300 2652 1336 2685 et
1361 2662 1425 2686 1105
1451 2650 1545 2698 ipsos
1571 2653 1615 2690 ad

89 2706 284 2740 extremum
312 2704 448 2752 puniat,
475 2704 503 2740 si
530 2697 649 2740 nostra
675 2705 822 2741 consilia
846 2719 929 2742 suae
956 2706 1135 2743 voluntati
1159 2711 1372 2756 anteponere
1396 2723 1590 2758 pergamus.

134 2764 209 2800 lam
238 2778 322 2801 vero
348 2778 411 2801 1105
437 2778 507 2802 11011
533 2765 601 2802 alio
626 2766 702 2802 11110
727 2779 833 2814 quam
866 2768 999 2804 Christi
1025 2768 1169 2805 Domini
1194 2769 1303 2806 solius
1329 2771 1470 2809 nomine
1499 2785 1613 2822 recep-

87 2824 244 2861 taculum
269 2827 470 2872 quaerimus
494 2826 587 2873 apud
612 2827 721 2862 Tuam
748 2828 970 2864 Maiestatem
998 2841 1060 2876 pro
1086 2828 1263 2878 dissipatis
1288 2833 1419 2868 nostris
1436 2833 1614 2878 Eeclesiis,

86 2887 122 2922 et
146 2887 190 2922 ut
217 2885 397 2935 publicum
413 2899 517 2924 51111111
542 2887 776 2926 ministerium
866 2889 970 2938 quale
996 2892 1164 2931 hacteuus
1190 2890 1290 2932 iuxta
1316 2892 1460 2934 verbum
1486 2894 1552 2935 Dei
1577 2895 1614 2936 in
