1830 3147
791 58 857 95 70⁵
1316 55 1377 104 [A.
1403 54 1448 90 D.
1475 53 1585 102 1554]

54 171 124 207 iam
149 169 216 206 alia
242 171 296 205 est
321 165 552 216 proculdubio
578 165 699 201 futura
724 165 760 200 in
786 164 993 212 recipiendis
1018 175 1077 211 per
1103 175 1166 199 vos
1183 163 1328 210 receptis
1347 163 1425 198 istic
1443 162 1586 204 ritibus,

50 232 114 280 qui
146 231 230 268 talia
262 228 464 278 praesertim
497 226 711 274 praeiudicia
735 238 849 261 secum
876 224 1253 276 coniuncta-habeant,
1277 236 1382 271 quam
1400 225 1430 271 ¹¹)
1458 224 1580 260 futura

49 293 183 339 alioqui
209 293 310 334 esset,
337 289 367 326 si
391 301 454 336 pro
478 288 626 335 privatis
651 286 827 322 duntaxat
851 286 999 334 hospitis
1026 286 1107 322 istic
1132 285 1308 322 Ecclesiae
1333 284 1496 321 membris
1521 284 1578 320 ha-

52 353 155 389 bendi
187 351 321 388 essetis.
369 349 436 386 Sed
469 348 761 396 quemadmodum
795 351 830 383 et
862 347 1039 384 Ecclesiae
1072 347 1166 394 ipsae
1198 350 1234 382 et
1259 347 1424 382 Pastores
1463 357 1579 381 earum

51 414 220 462 imprimis
253 412 385 459 ubique
417 423 535 447 omnes
568 410 606 445 in
631 409 734 456 culpa
758 409 923 444 haereant
949 421 1088 444 necesse
1113 415 1167 444 est
1192 407 1346 454 neglecti
1386 407 1441 442 sui
1467 406 1583 449 officii,

50 475 81 512 si
116 487 188 512 non
220 473 331 510 modis
363 472 524 508 omnibus
558 483 621 519 pro
655 482 718 506 sua
743 469 837 505 virili
862 469 1018 516 aspirent
1055 468 1098 504 ad
1123 468 1363 516 Apostolicam
1388 468 1580 515 puritatem

52 535 254 582 abususque
285 545 416 576 omnes,
451 531 546 579 quod
579 532 616 567 in
640 531 725 578 ipsis
750 533 814 573 est,
841 530 964 566 tollere
989 542 1060 565 non
1085 532 1268 574 conentur,
1294 530 1357 576 qui
1381 529 1583 577 praesertim

53 608 125 631 non
160 596 302 630 tantum
336 596 558 629 remorantur
592 590 828 627 Ecclesiarum
860 590 1148 634 aedificationem,
1183 591 1243 627 sed
1275 594 1311 626 et
1336 590 1450 627 lucem
1476 591 1584 637 ipsam

51 655 238 702 Evangelii
271 654 377 690 etiam
410 666 482 690 non
516 652 642 689 leviter
675 651 866 688 obscurant
903 653 1012 697 atque
1045 651 1131 687 adeo
1165 655 1314 698 gravant
1347 652 1465 694 etiam,
1503 663 1582 686 cum

56 715 343 752 antichristianae
367 713 559 761 impietatis
584 712 778 749 elevatione
803 714 912 758 atque
938 711 1043 747 etiam
1068 712 1304 755 excusatione,
1328 733 1375 740 --
1399 713 1447 748 ita
1471 723 1586 758 neque

54 789 118 813 vos
143 776 212 812 iam
236 776 319 812 istic
343 788 423 811 cum
448 777 554 811 coetu
580 778 709 817 vestro,
734 772 904 808 ministris
931 772 1070 816 vestris,
1095 773 1213 808 eadem
1239 773 1311 820 ipsa
1336 772 1438 820 culpa
1469 783 1588 808 carere

56 837 221 885 poteritis
254 836 409 879 omnino,
434 835 466 871 si
489 847 579 882 quae
604 834 646 870 ab
671 833 748 869 aliis
773 833 810 869 in
836 833 991 881 ipsorum
1015 833 1179 869 Ecclesiis
1206 833 1360 869 tollenda
1384 846 1459 869 esse
1482 836 1584 880 puta-

54 898 116 943 tis,
140 910 180 934 ea
205 909 269 934 vos
293 898 434 945 ipsimet
460 897 496 932 in
521 895 743 932 instituenda
768 896 886 930 vestra
910 893 1075 937 Ecclesia,
1101 895 1137 929 in
1163 906 1234 941 qua
1257 893 1390 941 alioqui
1415 906 1454 929 ea
1471 893 1587 929 omnia

2 998 3 1001 ,
53 959 184 996 abolita
209 959 410 1007 iampridem
429 959 536 995 fuisse
553 957 664 1001 scitis,
683 955 922 1004 amplectenda
939 958 1054 991 denuo
1072 968 1146 992 esse
1164 956 1382 992 existimetis.
1407 955 1585 991 Locorum

63 1021 216 1057 mutatio
250 1033 320 1057 non
353 1023 469 1056 mutat
501 1019 704 1062 Ecclesiam,
729 1017 858 1054 nedum
882 1021 925 1052 ut
960 1022 1113 1053 vestram
1138 1017 1330 1053 Ecclesiam
1355 1018 1405 1052 ita
1429 1016 1510 1052 istic
1536 1019 1589 1051 in-

57 1083 220 1127 stituere,
254 1082 356 1130 quasi
381 1095 452 1118 non
477 1087 580 1117 antea
605 1081 672 1116 iam
698 1080 791 1116 inter
816 1092 881 1115 nos
908 1079 1082 1122 extiterit,
1107 1091 1146 1115 ac
1172 1092 1243 1115 non
1269 1080 1388 1126 potius
1414 1091 1485 1114 uno
1510 1077 1588 1114 loco

60 1143 261 1191 dissipatam
287 1144 405 1180 divina
430 1142 660 1190 promissione
685 1141 754 1176 alio
779 1152 920 1176 russum
945 1140 1023 1176 loco
1049 1141 1252 1176 re-stituere
1278 1139 1499 1182 existimetis,
1524 1141 1587 1174 aut

57 1218 129 1242 non
155 1205 244 1241 idem
271 1217 413 1252 prorsus
439 1207 597 1240 vestrum
622 1203 703 1239 istic
729 1203 880 1239 officium
906 1214 981 1238 esse
1007 1202 1152 1250 putetis,
1177 1206 1361 1249 propterea
1379 1201 1474 1248 quod
1492 1212 1588 1248 pere-

57 1266 150 1314 grini
181 1266 336 1313 novique
366 1266 452 1302 adeo
487 1265 642 1301 homines
675 1264 810 1308 essetis,
844 1264 881 1300 in
906 1263 1127 1300 restituenda
1160 1268 1278 1299 vestra
1303 1262 1468 1305 Ecclesia,
1494 1261 1590 1308 quod

58 1328 144 1366 alias
180 1327 288 1364 fuisse
321 1327 575 1374 agnoscebatis,
606 1339 686 1363 cum
711 1338 783 1362 una
808 1326 844 1361 iu
868 1324 999 1372 Anglia
1024 1326 1154 1373 pariter
1181 1327 1318 1361 nostras
1343 1323 1516 1360 Ecclesias
1541 1323 1592 1358 di-

61 1390 145 1426 vino
171 1390 335 1426 beneficio
362 1389 474 1425 veluti
499 1389 593 1425 domi
617 1392 759 1424 nostrae
784 1387 998 1423 haberemus.
1041 1387 1146 1422 Domi
1173 1389 1228 1422 est
1252 1386 1318 1421 iam
1344 1389 1464 1434 pastor
1489 1384 1593 1432 quili-

61 1450 134 1494 bet,
167 1450 310 1486 Fratres
341 1450 552 1485 charissimi!
578 1450 661 1485 dum
686 1449 724 1484 in
757 1447 945 1492 Ecclesiae,
980 1447 1306 1495 quantulacumque
1338 1459 1377 1483 ea
1402 1450 1466 1490 est,
1492 1445 1593 1481 mini·

61 1511 171 1547 sterio
204 1511 319 1547 ubivis
352 1511 511 1548 locorum
536 1513 710 1547 versatur.
757 1510 816 1553 Et,
843 1509 1136 1556 quemadmodum
1162 1509 1330 1545 fratribus
1355 1508 1437 1551 illis,
1463 1507 1525 1555 qui
1550 1507 1594 1543 ad

65 1585 128 1610 vos
154 1573 381 1621 scripserunt,
406 1573 585 1620 integrum
611 1585 681 1608 non
707 1584 781 1608 esse
807 1572 959 1614 videtur,
984 1583 1148 1607 revocare
1173 1572 1210 1606 in
1235 1571 1392 1618 ipsorum
1409 1569 1594 1612 Ecclesias,

64 1646 156 1681 quae
189 1634 293 1670 semel
319 1636 405 1670 sunt
429 1646 491 1682 per
515 1635 610 1682 ipsos
634 1633 779 1676 abolita,
805 1632 1098 1680 quemadmodum
1123 1632 1263 1679 ipsimet
1288 1632 1459 1675 scribunt,
1484 1631 1536 1667 ita
1560 1634 1597 1667 et

65 1696 166 1733 vobis
191 1697 229 1733 in
254 1699 372 1733 vestra
396 1696 476 1732 istic
502 1696 548 1743 (si
574 1696 803 1741 restituatur)
831 1696 861 1741 ⁵)
888 1693 1044 1730 Ecclesia
1069 1693 1178 1730 nihilo
1204 1693 1312 1740 magis
1331 1694 1507 1740 integrum
1525 1692 1598 1728 fore

64 1760 243 1806 putamus,
274 1757 440 1806 amplecti
473 1770 512 1793 ea
545 1757 674 1801 denuo,
710 1768 801 1803 quae
831 1755 916 1791 alias
940 1755 1186 1798 abieceramus,
1212 1767 1291 1790 cum
1316 1754 1353 1790 in
1379 1753 1599 1791 restituenda

65 1820 147 1856 istic
183 1822 300 1856 vestra
323 1819 481 1855 Ecclesia
506 1817 614 1854 nihilo
640 1830 723 1854 sane
747 1817 862 1853 minor
888 1817 925 1853 in
951 1816 1050 1853 vobis
1076 1817 1278 1864 requiratur
1303 1814 1464 1859 fidelitas,
1490 1827 1596 1862 quam

67 1880 104 1918 in
139 1880 209 1916 illis
241 1880 326 1928 ipsis
358 1880 539 1924 fratribus,
572 1879 635 1927 qui
668 1879 711 1915 ad
744 1891 807 1915 vos
843 1878 1071 1925 scripserunt,
1112 1878 1148 1913 in
1186 1877 1411 1924 gubernanda
1441 1876 1596 1924 ipsorum

67 1940 225 1979 Ecclesia
249 1942 382 1989 requiri
405 1941 479 1977 ullo
505 1941 608 1977 modo
633 1953 734 1988 posse
760 1939 914 1975 videtur.
939 1938 1116 1975 Nolumus
1142 1938 1222 1974 odio
1248 1938 1419 1981 nolarum,
1444 1937 1598 1974 vestium

69 2009 134 2040 aut
159 2016 339 2040 cereorum
363 2015 384 2039 a
410 2003 508 2038 vobis
533 2002 726 2049 quidquam
751 2001 826 2037 fieri
851 2001 1005 2037 omnino.
1045 2000 1137 2036 Sunt
1163 2000 1254 2036 enim
1282 2001 1390 2035 bonae
1415 1999 1482 2034 Dei
1507 2011 1600 2035 crea-

69 2068 171 2102 turae
196 2078 327 2109 omneS,
353 2065 383 2100 si
408 2064 480 2100 illis
506 2063 592 2099 bene
616 2066 770 2099 utamur.
809 2062 876 2098 Sed
902 2061 1081 2098 vitandam
1107 2074 1182 2098 esse
1207 2061 1353 2097 dicimus
1379 2073 1516 2097 omnem
1541 2073 1601 2096 su-

69 2127 330 2175 perstitionem,
363 2139 454 2173 quae
478 2125 522 2161 ad
546 2125 705 2162 alendam
731 2123 964 2160 idololatriam
990 2129 1146 2171 spectare
1172 2122 1423 2170 quoquomodo
1448 2122 1602 2165 videtur,

70 2200 91 2224 a
116 2200 186 2235 qua
210 2200 293 2224 sane
317 2188 354 2223 in
379 2187 422 2223 iis
447 2186 545 2229 locis,
571 2186 607 2222 in
632 2185 762 2233 quibus
788 2186 869 2221 haec
895 2185 1138 2227 observantur,
1163 2184 1298 2232 plebem
1316 2185 1436 2231 ipsam,
1454 2196 1498 2219 ne
1515 2183 1601 2230 quid

71 2248 115 2285 de
146 2249 224 2285 aliis
257 2248 423 2291 dicamus,
457 2248 614 2284 nondum
646 2247 746 2294 plane
781 2247 963 2283 liberatam
996 2259 1070 2282 esse
1096 2245 1265 2282 videmus.
1316 2245 1459 2281 Censeri
1483 2247 1601 2280 autem

73 2322 145 2346 non
176 2309 350 2356 poteritis,
382 2309 490 2345 ullam
521 2309 600 2345 istic
635 2309 889 2356 separationem
921 2308 959 2343 in
989 2307 1147 2343 Ecclesia
1171 2306 1261 2342 velle
1287 2307 1408 2350 facere,
1435 2307 1464 2342 si
1490 2306 1526 2342 in
1552 2318 1604 2342 re-

78 2370 259 2407 stituenda
276 2370 307 2417 ⁶)
334 2372 454 2406 vestra
478 2370 635 2406 Ecclesia
661 2375 819 2417 receptos
845 2370 925 2406 istic
950 2369 1054 2412 ritus,
1072 2369 1135 2416 qui
1153 2381 1215 2404 vos
1232 2367 1426 2411 offendunt,
1443 2367 1608 2415 amplecti

73 2431 206 2469 nolitis.
258 2432 352 2467 Dum
385 2432 476 2468 enim
510 2431 592 2467 istic
627 2432 744 2467 vivere
779 2435 814 2467 et
850 2431 999 2467 fratrum
1033 2430 1110 2466 loco
1151 2430 1268 2465 haberi
1293 2429 1494 2476 postulatis,
1522 2428 1605 2464 dum

75 2493 247 2529 neminem
278 2493 359 2529 istic
392 2493 497 2529 etiam
531 2493 605 2528 solo
639 2493 773 2528 rituum
816 2495 1037 2539 receptorum
1079 2491 1219 2527 nomine
1261 2491 1513 2534 condemnatis,
1548 2490 1607 2526 sed

75 2553 297 2589 observatam
328 2565 387 2600 per
422 2565 484 2589 vos
517 2553 599 2588 alibi
633 2554 765 2588 rituum
802 2553 992 2600 puritatem
1026 2564 1105 2588 cum
1140 2564 1223 2599 pace
1254 2552 1401 2598 hospitis
1433 2550 1609 2587 Ecclesiae

75 2614 226 2651 retinere
251 2614 381 2661 cupitis
407 2614 443 2649 in
468 2613 645 2650 Ecclesiae
671 2618 806 2650 vestrae
831 2613 915 2649 alibi
939 2613 1126 2660 dissipatae
1151 2612 1392 2655 restitutione,
1409 2611 1612 2647 adiuncturi

77 2684 140 2709 vos
173 2673 305 2721 alioqui
337 2675 476 2721 privato
510 2675 649 2709 nomine
682 2673 811 2721 hospiti
844 2674 1031 2718 Ecclesiae,
1066 2675 1096 2710 si
1130 2687 1192 2710 vos
1227 2675 1292 2711 sibi
1327 2687 1407 2710 cum
1431 2674 1612 2710 doctrinae

78 2739 214 2770 vestrae
232 2735 450 2772 consessione
468 2737 505 2771 et
524 2735 598 2771 sine
616 2734 773 2782 priorum
789 2735 924 2771 rituum
943 2747 1123 2771 morumve
1141 2737 1170 2782 7)
1190 2736 1405 2783 praeiudicio
1422 2734 1612 2781 adiungere

76 2793 196 2838 vellet,
222 2795 339 2832 videre
364 2809 447 2832 sane
473 2809 544 2832 non
569 2808 766 2843 possumus,
793 2809 864 2843 qua
889 2797 1026 2832 ratione
1050 2797 1206 2832 accusari
1231 2797 1375 2843 possitis
1400 2796 1508 2832 ullius
1534 2809 1605 2832 om-

79 2856 163 2892 nino
188 2857 428 2904 separationis,
454 2858 495 2901 si,
521 2857 604 2893 dum
632 2857 665 2894 id
689 2858 879 2906 impetrare
905 2871 975 2895 non
1002 2858 1164 2906 potestis,
1188 2858 1284 2905 quod
1310 2871 1371 2906 pro
1398 2862 1515 2894 vestro
1542 2858 1612 2892 olii-

139 2917 194 2957 11.
1433 2922 1476 2956 45
