1830 3147
193 120 267 160 180

192 234 343 272 nicrum
380 234 571 272 Ecclesiae
607 233 811 285 deprecari,
848 240 883 272 et
912 248 995 272 cum
1026 234 1215 281 omnibus,
1242 248 1336 286 quos
1365 236 1441 274 ullo
1469 236 1581 282 modo
1612 235 1729 274 offen-

195 299 342 346 derunt,
381 313 478 338 sese·
498 299 743 338 reconciliare
771 299 909 338 debent
948 313 1014 351 pro
1044 313 1086 338 eo
1115 313 1159 338 ac
1186 299 1355 339 Ministri
1384 314 1427 339 ac
1454 302 1629 340 Seniores
1657 301 1731 339 Ec-

195 365 327 402 clesiae
354 364 393 402 id
421 364 591 403 iudicant
617 365 738 414 inagis
765 366 887 403 facere
914 365 960 403 ad
977 365 1167 403 Ecclesiae
1189 366 1501 406 aedificationem.
1528 367 1737 413 Postremo,

194 429 224 465 si
262 428 308 465 ad
345 427 446 466 hunc
485 428 639 466 modum
677 429 926 480 reprehensus
965 429 1153 480 quispiam
1180 429 1221 467 in
1248 430 1419 468 Ecclesia
1447 431 1564 468 frater
1591 430 1734 482 peccati

191 491 442 530 nihilominus
481 493 538 531 sui
576 493 723 544 culpam
759 506 877 544 neque
912 506 1117 542 agnoscere
1152 508 1272 546 neque
1300 495 1490 547 deprecari
1517 495 1593 533 ullo
1621 495 1734 533 modo

189 557 291 603 velit,
321 556 489 595 Ministri
517 562 552 596 et
580 558 754 596 Seniores
781 558 974 596 Ecclesiae
1001 559 1293 609 progrediuntur
1319 560 1360 597 in
1387 560 1539 611 publico
1567 559 1736 611 discipli-

189 636 258 660 nae
301 636 372 660 usu
411 636 528 674 usque
564 623 611 661 ad
658 623 839 662 obstinati
877 624 1004 662 fratris
1041 624 1258 663 istiusmodi
1293 625 1733 665 excommunicationem.

192 687 247 725 De
276 688 414 740 quibus
445 689 669 739 singillatim
698 689 876 728 omnibus
903 690 978 728 iam
1006 690 1118 729 nobis
1147 690 1350 730 dicendum
1378 691 1460 732 erit.

342 817 407 856 De
451 818 772 856 accusatione
818 819 946 870 lapsi
981 820 1199 859 alicuius
1237 821 1419 860 fratris
1457 822 1581 874 apud

494 883 755 922 Ministros
795 897 848 922 ac
886 885 1118 924 Seniores
1155 886 1428 926 Ecclesiae.

240 1011 347 1049 Circa
375 1012 655 1059 accusationem
682 1012 859 1051 adversus
888 1014 1042 1052 fratrem
1070 1015 1242 1066 pluresve
1270 1015 1310 1053 in
1338 1015 1507 1053 Ecclesia
1535 1015 1633 1066 apud
1658 1015 1733 1053 Mi-

185 1076 324 1114 nistros
353 1080 388 1114 et
419 1077 592 1115 Seniores
621 1078 893 1116 instituendam
914 1078 1004 1116 haec
1027 1079 1078 1117 ita
1099 1079 1291 1118 observari
1311 1080 1438 1118 omnia
1462 1080 1582 1118 solent
1597 1095 1605 1118 :
1621 1081 1732 1129 (293)

238 1143 272 1180 1.
327 1141 383 1179 Ut
420 1142 542 1180 omnis
581 1142 680 1193 apud
720 1142 918 1181 Ministros
957 1148 991 1181 et
1021 1144 1194 1182 Seniores
1234 1145 1423 1183 accusatio
1453 1158 1530 1182 non
1560 1145 1633 1182 nisi
1662 1144 1731 1183 sub

184 1206 294 1254 gravi
323 1219 366 1243 ac
394 1207 467 1244 fide
497 1206 612 1256 digno
643 1207 803 1245 (luorum
832 1212 896 1246 aut
924 1208 1038 1246 trium
1065 1210 1283 1247 testimonio
1310 1209 1543 1248 instituatur.

234 1274 269 1309 2.
306 1271 361 1308 Ut
389 1276 625 1310 accusatores
653 1277 849 1323 peccatum
877 1273 1060 1312 admoniti
1089 1275 1216 1312 fratris
1246 1288 1323 1312 non
1351 1275 1450 1326 apud
1478 1275 1572 1312 alios
1600 1274 1730 1312 tradu-

156 1368 160 1371 .
184 1339 274 1373 cant
310 1340 394 1386 post
424 1341 656 1387 contemptas
684 1337 849 1388 privatas
879 1352 965 1376 suas
993 1339 1283 1386 admonitiones,
1314 1339 1377 1377 sed
1407 1340 1501 1377 illud
1544 1339 1732 1377 Ministris

182 1413 226 1438 ac
263 1401 486 1438 Senioribus
523 1401 705 1448 indicent,
743 1402 774 1439 si
810 1416 884 1453 quo
920 1403 1032 1441 modo
1069 1405 1150 1442 fieri
1186 1404 1317 1455 possit,
1358 1408 1396 1442 ut
1434 1404 1565 1441 offensi
1594 1404 1730 1441 fratres

183 1466 223 1503 in
263 1471 370 1504 coetu
399 1466 664 1505 Ministrorum
692 1467 772 1505 sine
801 1468 976 1506 ulteriore
1003 1469 1146 1520 peccati
1182 1469 1440 1520 publicatione
1476 1482 1540 1520 per
1578 1469 1730 1507 fratrem

185 1530 418 1569 admonitum
446 1531 752 1577 reconcilientur,
790 1536 1047 1584 praeterquam
1078 1534 1110 1571 si
1137 1538 1331 1585 peceatum
1360 1534 1408 1572 sit
1435 1538 1500 1572 aut
1526 1534 1577 1572 ita
1606 1534 1733 1585 publi-

186 1608 284 1640 cum,
322 1600 361 1633 ut
389 1596 436 1634 sit
462 1596 537 1633 iam
569 1596 609 1634 in
637 1610 701 1634 ore
728 1597 946 1642 multorum,
974 1602 1036 1635 aut
1064 1598 1117 1636 ita
1145 1599 1314 1643 noxium,
1343 1604 1384 1636 ut
1413 1598 1493 1636 sine
1527 1599 1730 1636 multorum

184 1661 347 1698 totiusve
376 1661 567 1699 Ecclesiae
596 1663 760 1713 periculo
792 1663 927 1701 caelari
955 1677 1075 1714 neque
1106 1664 1238 1702 debeat
1268 1677 1388 1715 neque
1416 1663 1550 1715 possit.

238 1729 273 1765 3.
312 1727 365 1764 Ut
395 1728 497 1764 nulla
524 1741 589 1778 per
619 1728 818 1766 Ministros
846 1742 889 1766 ac
919 1729 1091 1766 Seniores
1120 1729 1322 1780 recipiatur
1350 1729 1551 1779 accusatio,
1580 1728 1654 1766 nisi
1684 1728 1727 1766 de

186 1792 244 1839 iis,
272 1806 367 1843 quae
395 1793 451 1830 vel
481 1793 676 1832 doctrinae
704 1807 814 1832 sanae
844 1807 1070 1832 consensum
1100 1795 1269 1845 legisque
1309 1794 1456 1832 divinae
1481 1793 1733 1831 obedientiam

184 1857 336 1901 violare,
364 1862 429 1895 aut
456 1871 584 1908 pacem
611 1859 972 1910 tranquillitatemve
1000 1859 1192 1909 publicam
1232 1859 1289 1896 vel
1327 1859 1496 1896 ordinem
1524 1871 1568 1896 ac
1594 1858 1732 1908 guber-

187 1922 379 1960 nationem
406 1923 605 1961 ministerii
647 1924 687 1961 in
714 1923 898 1970 Ecclesia,
925 1937 990 1961 seu
1017 1929 1187 1961 mutuam
1215 1923 1357 1975 ali0qui
1384 1924 1541 1961 fratrum
1567 1923 1667 1961 inter
1696 1936 1734 1960 se

186 1987 348 2026 invicem
376 1989 546 2027 omnium
575 1989 788 2027 societatem
816 1989 1035 2040 perturbare
1072 1993 1137 2026 aut
1174 1989 1402 2027 labefactare
1438 2001 1590 2040 quoquo
1617 1989 1731 2026 modo

189 2065 299 2103 posse
328 2053 537 2092 videantur.

242 2122 277 2156 4.
307 2118 362 2156 Ut
389 2132 519 2157 omnes
545 2118 760 2157 istiusmodi
787 2119 1047 2157 accusationes
1074 2119 1114 2157 in
1144 2119 1324 2157 charitate
1351 2123 1387 2157 et
1413 2119 1597 2157 modestia
1622 2121 1733 2167 (294)

193 2182 420 2229 Christiana,
456 2197 532 2222 non
570 2184 741 2236 equidem
781 2185 1004 2230 infamandi,
1041 2186 1105 2223 sed
1143 2185 1406 2223 lucrifaciendi
1441 2185 1568 2224 fratris
1607 2186 1733 2223 studio

191 2249 453 2289 instituantur.
509 2250 586 2288 Qui
627 2250 728 2288 enim
764 2250 977 2288 infamandi
1015 2251 1144 2288 fratris
1182 2251 1306 2288 studio
1336 2251 1594 2289 accusationes
1623 2251 1734 2288 insti-

190 2317 312 2358 tuunt,
342 2327 418 2351 non
447 2315 570 2352 minus
599 2319 686 2353 sunt
715 2314 821 2365 digni
848 2315 1001 2366 publica
1022 2316 1324 2366 reprehensione,
1343 2329 1455 2366 quam
1474 2316 1518 2361 is,
1540 2316 1605 2366 qui
1623 2314 1733 2353 accu-

194 2383 295 2416 satus
323 2384 390 2426 est,
417 2381 564 2418 tametsi
590 2384 781 2432 peccatum
809 2381 960 2419 illorum
984 2394 1081 2427 eum,
1109 2381 1173 2432 qui
1200 2385 1409 2426 accusatur,
1438 2381 1544 2432 culpa
1573 2394 1636 2419 sua
1656 2393 1733 2418 non

193 2443 344 2482 liberet:
382 2444 592 2497 debentque
628 2449 863 2484 accusatores
901 2459 982 2484 cum
1021 2451 1195 2484 accusato
1238 2446 1278 2484 in
1325 2451 1431 2485 coetu
1470 2446 1732 2484 Ministrorum

193 2509 365 2559 protinus
392 2511 642 2556 reconciliari,
670 2515 856 2563 quatenus
884 2511 924 2549 in
953 2525 1018 2549 sua
1046 2512 1225 2550 adversus
1253 2512 1361 2550 illum
1389 2511 1627 2549 accusatione
1647 2514 1735 2549 sunt

195 2575 423 2622 transgressi
449 2577 542 2613 fines
571 2576 764 2614 charitatis
793 2589 836 2614 ac
862 2576 1069 2614 modestiae
1098 2577 1343 2615 Christianae.

250 2702 313 2741 De
357 2703 509 2754 prima
554 2705 777 2744 accusati
823 2705 1042 2744 alicuius
1088 2707 1262 2745 fratris
1297 2718 1378 2767 p-er
1417 2704 1681 2743 Ministros

352 2772 395 2806 et
433 2757 664 2809 S'eniores
690 2771 739 2809 in
769 2774 906 2810 coetu
931 2771 1151 2822 ipsorum
1179 2770 1580 2822 reprehensione.

251 2895 358 2937 Circa
390 2896 549 2949 primam
585 2900 750 2938 accusati
786 2900 914 2939 fratris
953 2901 1161 2952 cuiuspiam
1191 2901 1231 2939 in
1261 2904 1367 2940 coetu
1398 2900 1661 2939 Ministrorum
1689 2914 1733 2939 ac
