1830 3147
212 105 273 152 [A.
299 103 344 140 D.
372 104 482 151 1553]
947 106 1015 141 682

207 216 370 259 strasque
395 212 567 249 Ecclesias
593 213 629 249 in
655 213 839 250 discrimen
866 214 1100 251 certissimum
1127 225 1257 251 temere
1281 218 1317 251 et
1344 215 1417 251 sine
1438 227 1497 262 spe
1515 215 1653 251 fruetus
1672 215 1744 251 ulla

208 273 469 310 coniiceremus.

253 333 310 370 Ibi
335 347 418 370 vero
443 333 725 371 constantissima
751 334 793 371 de
818 335 914 371 Tuae
945 335 1145 372 Maiestatis
1162 336 1294 385 pietate
1317 336 1510 384 studioque
1527 348 1608 383 erga
1625 349 1743 374 veram

205 394 411 442 religionem
437 395 639 432 testimonia
664 408 728 431 nos
754 395 856 444 plane
882 409 1002 433 omnes
1026 400 1283 444 permoverant,
1305 400 1348 434 ut
1365 400 1402 434 te
1419 397 1641 446 potissimum
1660 410 1740 434 eum

205 469 281 494 esse
312 457 556 501 indicaremus,
592 457 654 504 qui
678 457 813 494 afflictis
839 459 970 495 nostris
996 459 1163 496 Ecclesiis
1188 459 1225 495 in
1249 459 1389 507 publica
1412 459 1481 495 ista
1507 471 1626 495 earum
1651 459 1739 495 cala-

205 517 330 554 mitate
354 531 556 555 succurrere
580 522 617 555 et
643 518 731 555 velis
757 518 907 556 libenter
932 532 995 568 pro
1021 520 1153 568 pietate
1194 524 1258 557 tua
1282 524 1318 558 et
1356 534 1419 569 pro
1445 521 1630 568 dignitatis
1656 524 1740 558 tuae

205 579 337 626 Regiae
368 581 639 628 praeeminentia
672 580 772 617 facile
804 581 909 618 etiam
941 583 1066 629 possis.
1115 584 1168 619 Ac
1201 583 1363 619 veniebat
1397 583 1539 630 quidem
1578 582 1678 619 nobis
1703 583 1741 619 in

204 644 371 684 mentem,
403 640 478 677 fore
509 645 545 677 et
570 641 624 677 hic
656 641 748 689 apud
783 642 1008 679 Maiestatem
1043 648 1141 679 tuam
1174 643 1287 680 multa
1328 657 1419 692 quae
1444 658 1568 682 causae
1594 647 1738 682 nostrae

203 701 380 738 adversari
396 709 540 749 possent
556 723 603 731 —
621 706 662 738 ut
679 715 774 739 nunc
792 703 863 740 fere
880 704 966 740 nihil
981 707 1059 740 toto
1075 704 1124 741 sit
1137 710 1310 740 terrarum
1327 705 1420 749 orbe,
1439 705 1535 753 quod
1549 719 1620 743 non
1634 705 1739 742 variis

203 762 462 810 suspicionibus
478 775 517 799 ac
534 763 718 799 calumniis
731 764 860 812 passim
884 764 1097 811 degravetur
1114 787 1162 793 —
1185 765 1245 802 sed
1271 779 1390 802 omnes
1415 766 1617 804 istiusmodi
1642 769 1740 815 cogi·

203 823 355 860 tationes
394 823 495 860 facile
532 824 699 861 discussit
723 825 920 872 animisque
945 827 1077 863 nostris
1102 839 1246 874 prorsus
1279 827 1408 864 exemit
1434 828 1508 864 sola
1548 832 1669 866 nostra
1695 830 1738 867 de

201 883 297 920 Tuae
322 884 520 920 Maiestatis
546 885 678 932 pietate
703 885 992 934 benignitateque
1017 888 1208 935 persuasio.
1233 888 1361 936 Neque
1387 888 1478 924 enim
1496 888 1738 927 dubitavimus

201 944 303 982 facile
327 948 523 981 cessaturas
549 958 623 982 esse
648 946 740 994 apud
766 947 877 983 Tuam
902 948 1126 985 Maiestatem
1153 961 1273 985 omnes
1298 950 1465 986 adversus
1484 963 1548 986 nos
1566 950 1734 999 suspicio-

202 1018 264 1042 nes
296 1018 334 1041 ac
368 1005 572 1050 calumnias,
607 1006 669 1043 ubi
702 1007 778 1043 Tua
812 1008 994 1053 Maiestas,
1030 1009 1130 1046 nobis
1167 1011 1272 1046 etiam
1298 1011 1439 1054 auditis,
1466 1011 1595 1047 viderit
1620 1016 1744 1050 nostra

201 1068 260 1114 (ut
285 1070 478 1115 speramus)
507 1068 622 1104 omnia
654 1072 752 1105 certa
786 1082 826 1106 ac
852 1070 962 1106 solida
989 1071 1086 1107 verbi
1112 1072 1235 1108 Divini
1259 1072 1456 1109 autoritate
1481 1073 1562 1117 niti,
1587 1073 1646 1110 cui
1671 1087 1736 1110 uos

200 1141 335 1176 semper
359 1129 493 1177 alioqui
518 1132 640 1166 nostra
664 1130 761 1168 ultro
788 1132 958 1169 hactenus
983 1133 1205 1177 subiecimus,
1232 1133 1427 1170 observatis
1451 1134 1591 1182 publice
1616 1135 1654 1171 in
1672 1148 1735 1172 no-

199 1190 283 1226 stris
307 1190 476 1227 Ecclesiis
501 1190 683 1228 doctrinae
709 1192 822 1228 omnis
848 1196 991 1230 nostrae
1015 1194 1329 1242 approbationibus
1354 1208 1415 1242 per
1440 1195 1641 1243 prophetias
1666 1209 1729 1244 pu-

200 1252 308 1290 blicas
333 1265 373 1290 ac
399 1252 655 1301 scripturarum
680 1253 900 1298 collationes,
941 1258 977 1290 et
1002 1255 1173 1292 subiicere
1197 1255 1310 1292 adhuc
1334 1255 1448 1303 parati
1473 1268 1594 1291 sumus
1619 1256 1734 1293 multo

199 1313 441 1358 libentissime,
476 1327 591 1362 neque
623 1315 818 1362 refugimus
851 1315 925 1352 ulla
951 1316 1094 1352 omnino
1118 1316 1176 1364 pia
1201 1316 1474 1364 Christianaque
1499 1317 1688 1365 colloquia,
1715 1331 1735 1355 a

199 1374 329 1423 quibus
354 1374 459 1412 modo
483 1375 643 1412 convicia
668 1375 795 1424 probra
819 1388 859 1413 ac
884 1375 1089 1420 calumniae,
1116 1390 1206 1424 quae
1231 1377 1451 1414 Christianos
1476 1378 1633 1414 homines
1661 1391 1733 1415 non

198 1449 313 1484 usque
337 1436 422 1473 adeo
449 1436 586 1480 decent,
612 1436 857 1474 excludantur.
894 1438 970 1474 Hac
995 1438 1107 1484 igitur
1132 1438 1174 1474 de
1199 1440 1236 1474 te
1261 1438 1485 1486 persuasione
1510 1439 1593 1475 freti
1618 1440 1733 1476 uobis-

198 1509 269 1544 que
294 1496 399 1533 etiam
426 1496 512 1533 bene
537 1497 680 1541 conscii,
706 1497 784 1533 Rex
809 1497 1099 1535 clementissime!
1127 1499 1352 1535 Maiestatem
1377 1500 1489 1535 Tuam
1506 1499 1606 1536 nobis
1624 1500 1734 1548 potis-

198 1558 325 1594 simum
350 1558 544 1595 adeundam
570 1572 742 1607 opemque
781 1559 879 1595 illius
911 1559 949 1596 in
984 1572 1023 1596 ea
1054 1560 1291 1597 Ecclesiarum
1317 1563 1519 1597 nostrarum
1544 1562 1733 1600 afflictione

197 1620 448 1668 implorandam
482 1633 556 1657 esse
591 1620 881 1658 existimavimus.
930 1621 1073 1658 Interea
1103 1634 1188 1658 vero
1214 1623 1321 1659 etiam
1346 1635 1419 1659 sese
1444 1623 1544 1659 nobis
1570 1623 1737 1660 offerebat

197 1681 297 1717 navis
328 1682 424 1718 Tuae
451 1682 650 1718 Maiestatis
684 1682 828 1729 Regiae,
863 1695 934 1730 qua
968 1695 1050 1719 sane
1083 1682 1211 1727 oblata,
1238 1696 1302 1719 nos
1336 1683 1485 1727 demum,
1521 1684 1608 1720 nihil
1632 1684 1731 1721 aliud

197 1756 303 1791 quam
329 1743 482 1779 Domino
509 1743 586 1779 Deo
611 1746 773 1779 nostrum
799 1743 842 1779 de
866 1743 1088 1780 instituendo
1113 1744 1182 1781 huc
1207 1744 1430 1792 potissimum
1453 1747 1577 1782 nostro
1604 1745 1732 1782 itinere

197 1804 384 1841 consilium
410 1804 549 1852 probari
574 1804 728 1848 omnino,
770 1805 930 1852 adeoque
954 1805 996 1841 ad
1023 1805 1112 1842 illud
1139 1806 1243 1842 etiam
1271 1806 1554 1854 prosequendum
1573 1819 1638 1843 nos
1656 1807 1733 1844 Deo

196 1866 272 1913 ipso
305 1868 430 1902 autore
457 1865 714 1913 quodammodo
740 1866 897 1910 invitari,
932 1869 1029 1903 certo
1056 1867 1156 1903 nobis
1181 1867 1484 1914 persuadebamus.
1534 1869 1656 1915 Atque
1682 1868 1735 1904 ita

197 1926 336 1963 demum
370 1926 504 1962 sactum
530 1929 595 1970 est,
622 1930 663 1962 ut
688 1930 851 1963 nostrum
876 1927 941 1964 hoc
965 1927 1035 1963 iter
1059 1928 1103 1963 ad
1128 1928 1237 1964 Tuam
1264 1928 1487 1964 Maiestatem
1512 1928 1662 1975 ingressi
1687 1928 1732 1965 si-

196 2001 286 2033 mus,
326 1988 532 2036 quicunque
563 2001 687 2025 navem
719 1988 857 2036 ingredi
890 1991 1103 2037 poteramus,
1136 2002 1176 2025 ea
1208 2003 1279 2038 spe,
1310 1993 1353 2025 ut
1385 2002 1457 2026 non
1487 1990 1733 2027 dubitaremus

198 2050 390 2086 Dominum
416 2050 530 2086 Deum
556 2051 731 2093 nostrum,
756 2062 881 2086 causae
905 2052 1048 2086 nostrae
1072 2050 1164 2098 apud
1190 2051 1300 2086 Tuam
1326 2050 1552 2087 Maiestatem
1578 2051 1732 2098 patroci-

197 2114 365 2148 naturum
400 2124 473 2148 esse
506 2114 615 2159 atque
648 2124 709 2148 cor
741 2111 837 2148 Tuae
872 2112 1074 2148 Maiestatis
1106 2125 1187 2160 erga
1221 2125 1285 2149 nos
1320 2116 1532 2160 nostrasque
1557 2113 1733 2149 Ecclesias

196 2174 248 2210 ita
280 2173 543 2217 inclinaturum,
577 2178 621 2209 ut
655 2173 751 2220 quod
783 2173 885 2210 nobis
918 2174 991 2210 illic
1018 2174 1203 2222 tyrannide
1228 2174 1506 2211 Antichristiana
1531 2174 1734 2222 ademptum
1781 2182 1785 2184 ’

198 2238 263 2278 est,
289 2234 325 2271 id
350 2247 491 2271 rursum
515 2235 553 2271 in
578 2247 686 2282 regno
713 2235 778 2272 hoc
803 2235 896 2283 apud
921 2235 1031 2271 Tuam
1057 2235 1283 2272 Maiestatem
1308 2235 1495 2283 impetrare
1519 2235 1650 2272 alicubi
1679 2248 1731 2272 re-

197 2308 433 2344 cuperareque
466 2297 651 2344 possimus.
700 2297 831 2333 Eadem
864 2309 969 2345 porro
1006 2310 1066 2344 spe
1099 2310 1164 2333 nos
1197 2297 1390 2333 etiamnum
1423 2299 1671 2343 sustentamus,
1697 2299 1735 2334 et

195 2358 306 2395 Tuam
332 2359 555 2395 Maiestatem
591 2372 652 2406 per
677 2359 894 2395 adorandum
922 2359 1065 2395 Domini
1091 2359 1204 2396 nostri
1230 2359 1314 2396 [esu
1340 2359 1473 2395 Christi
1498 2372 1625 2395 nomen
1651 2372 1731 2407 sup-

196 2419 304 2467 plices
342 2420 573 2464 obsecramus,
609 2423 651 2456 ut
678 2420 789 2457 vicem
814 2420 1050 2458 Ecclesiarum
1078 2423 1278 2457 nostrarum
1304 2421 1342 2457 in
1368 2421 1430 2457 hac
1455 2421 1610 2468 ipsarum
1635 2421 1734 2456 dissi-

196 2482 340 2528 patione
373 2482 566 2519 clementer
597 2482 844 2527 commisereri,
870 2483 1013 2530 illisque
1038 2496 1102 2531 pro
1128 2490 1192 2519 tua
1217 2483 1349 2530 pietate
1374 2483 1489 2518 sedem
1514 2482 1667 2530 aliquam
1694 2482 1732 2518 in

197 2542 323 2589 Regno
349 2545 413 2579 tuo
439 2556 478 2579 ac
503 2543 683 2591 publicum
709 2543 958 2588 ministerium,
985 2544 1082 2592 quali
1107 2544 1276 2581 hactenus
1302 2544 1338 2580 in
1359 2544 1493 2599 Anglia
1525 2543 1626 2579 iuxta
1655 2556 1731 2579 ver-

197 2603 278 2640 bum
306 2604 371 2641 Dei
395 2617 479 2641 usae
505 2605 661 2649 fuerunt,
687 2606 893 2653 permittere
918 2606 1083 2653 digneris.
1108 2606 1236 2654 Neque
1261 2607 1316 2643 hic
1343 2619 1425 2642 sane
1451 2605 1641 2653 quicquam
1667 2609 1732 2641 aut

196 2665 378 2712 indignum
414 2669 478 2703 tua
510 2667 710 2711 Maiestate,
746 2669 810 2702 aut
844 2680 952 2714 regno
988 2667 1098 2715 ipsius
1135 2668 1292 2712 noxium,
1318 2667 1393 2703 ullo
1419 2666 1522 2702 modo
1549 2665 1732 2713 postulare

196 2727 366 2771 videmur,
393 2728 452 2764 sed
478 2728 574 2775 quod
598 2728 763 2775 petimus,
789 2731 873 2764 tuae
899 2729 1083 2765 Maiestati
1109 2730 1338 2765 honorificum
1363 2741 1505 2776 prorsus
1543 2730 1579 2763 et
1606 2727 1732 2773 Regno

195 2788 307 2836 ipsius
342 2788 430 2824 utile
462 2792 498 2825 ct
523 2789 700 2833 decorum,
726 2789 878 2837 denique
903 2792 940 2825 et
965 2790 1120 2827 salutare
1145 2790 1286 2826 omnino
1313 2791 1387 2826 fore
1423 2801 1494 2825 non
1519 2788 1732 2831 dubitamus,

196 2849 372 2896 siquidem
397 2849 432 2885 id
458 2849 519 2885 abs
544 2851 580 2885 te
605 2849 787 2898 impetrari
812 2849 969 2897 patiaris.
996 2850 1089 2886 Vere
1113 2851 1247 2897 regium
1274 2854 1338 2893 est,
1365 2861 1567 2886 succurrere
1593 2849 1730 2885 afflictis

194 2909 360 2951 Ecclesiis
386 2909 529 2954 Christi,
554 2923 644 2958 quae
665 2910 869 2963 praesertim
895 2913 1039 2963 propter
1066 2924 1167 2950 verae
1192 2910 1373 2958 religionis
1399 2909 1657 2948 confessionem
1691 2911 1727 2946 et
