1830 3147
73 211 168 243 Matt.
196 211 225 242 1.
256 210 286 241 2.

74 253 178 284 Lucae
203 253 230 283 1.
254 252 282 283 2.

74 294 127 326 Ps.
137 295 207 326 102.
216 293 337 329 Heb01.

77 519 97 550 2
119 519 193 550 Cor.

217 519 246 550 ,ιθ

78 759 154 790 Luc.
171 758 200 790 l.
223 758 297 792 Act.
309 759 339 792 3.

79 802 128 832 10.
161 800 285 832 Coloss.
309 801 339 833 2.

76 842 168 875 Colo.
202 843 231 874 1.
260 843 290 876 2.

77 885 166 916 Ioau.
190 884 220 916 1.

72 1518 150 1551 Luc.
185 1517 210 1548 l.
249 1518 339 1551 loan-

76 1560 126 1592 13.
169 1560 341 1594 Matt.10.

75 1602 166 1634 Ioan.
189 1600 238 1634 17.

81 2770 230 2800 vetustas
253 2768 310 2799 Ee-

81 2810 205 2844 clesiae.

360 80 432 116 296
866 85 979 114 conr.
1009 85 1117 113 1:001..
1146 84 1262 113 noun.

358 191 458 230 Deus
491 189 539 228 ad
567 203 635 228 nos
664 187 800 227 deferri
827 187 959 227 voluit.
1012 187 1098 226 Hos
1125 199 1213 226 vero
1240 187 1352 227 nobis
1379 187 1544 240 Spiritus
1570 201 1764 229 common-

359 259 464 301 strat,
490 266 622 305 nempe
650 253 830 303 Angelos,
856 251 1063 303 Prophetas
1091 254 1126 290 et
1154 251 1358 292 Christum.

411 448 447 483 3.
477 444 617 491 Tertio,
647 457 731 482 cum
758 448 794 482 et
820 442 974 493 angelos
1001 442 1237 494 impostores,
1264 443 1329 495 qui
1357 457 1396 483 se
1421 445 1462 482 in
1490 443 1585 483 lucis
1611 445 1765 494 angelos

360 510 644 556 transformant,
671 512 706 547 et
732 507 1077 560 pseudoprophetas
1103 507 1193 546 item
1221 509 1362 547 multos
1389 509 1606 555 habeamus,
1634 510 1765 548 obser-

361 573 481 612 vanda
508 573 579 612 erit
607 572 806 622 diligenter
831 572 923 609 haec
952 571 1066 610 trium
1094 571 1252 610 istorum
1282 572 1498 620 coniunxio,
1525 587 1657 625 nempe
1683 576 1765 612 An-

359 638 541 687 gelorum,
578 637 846 688 Prophetarum
884 639 919 673 et
956 635 1108 682 Christi,
1143 640 1185 674 ut
1228 649 1308 674 eam
1347 637 1496 676 demum
1533 651 1657 676 veram
1695 637 1766 676 Dei

361 715 489 740 vocem
518 701 701 739 duntaxat
727 714 807 739 esse
834 700 1042 744 credamus,
1068 713 1164 751 quae
1192 701 1331 739 Christi
1358 701 1647 751 Boc-(3)t1·inae
1674 715 1764 741 con-

361 770 538 804 sentanea
572 764 633 804 sit.
686 763 789 801 Huic
823 763 923 801 enim
959 767 995 800 et
1031 763 1168 813 Angeli
1206 767 1242 802 et
1267 764 1476 815 Prophetae
1502 778 1632 803 omnes
1658 766 1765 803 testi·

360 830 530 868 monium
566 828 776 880 perhibent,
809 828 1126 879 quemadmodum
1163 828 1295 867 Petrus
1331 829 1453 876 docet,
1478 834 1589 881 atque
1616 830 1656 868 in
1683 830 1764 881 ipso

361 892 546 932 reconditi
585 896 673 931 sunt
710 905 838 930 omnes
873 891 1039 930 thesauri
1076 891 1279 943 sapientiae
1314 896 1350 931 et
1379 892 1555 931 scientiae
1582 893 1664 932 Dei.
1718 894 1765 932 In

361 957 442 1008 ipso
480 962 535 994 est
571 956 694 994 omnis
727 955 936 1007 plenitudO,
971 969 1016 994 ex
1052 969 1126 1007 qua
1153 960 1188 993 et
1225 956 1364 1006 Angeli
1389 961 1425 994 et
1451 956 1660 1008 Prophetae
1687 957 1764 995 veri

361 1035 426 1060 sua
464 1021 590 1059 omnia
628 1021 927 1071 desumpserunt.
982 1020 1109 1058 Quare
1145 1020 1211 1071 qui
1247 1034 1334 1058 suae
1368 1020 1536 1072 ipsorum
1572 1020 1766 1060 doctrinae

361 1086 594 1136 Angelorum
629 1085 947 1136 Prophetarumve
974 1085 1213 1123 autoritatem
1240 1085 1504 1137 quoquomodo
1531 1089 1766 1137 praetexunt,

360 1150 407 1188 ad
436 1149 576 1188 Christi
603 1148 822 1187 Doctrinam
850 1148 1053 1187 revocandi
1081 1153 1169 1187 sunt
1196 1162 1242 1187 ne
1270 1153 1334 1187 aut
1360 1149 1608 1201 impostorum
1636 1151 1764 1200 Ange-

359 1215 479 1252 lorum
517 1215 604 1252 fuco
641 1226 684 1251 ac
721 1212 997 1265 superstitione,
1032 1217 1095 1251 aut
1129 1213 1536 1265 pseudoprophetarum
1574 1213 1765 1266 hypocrisi

360 1278 601 1330 decipiamur.

412 1476 448 1512 4.
477 1472 637 1518 Quarto,
666 1485 749 1510 cum
777 1470 950 1509 Christus
977 1471 1131 1522 ipsemet
1160 1470 1302 1516 doceat,
1331 1484 1369 1509 se
1396 1471 1436 1509 in
1462 1471 1658 1522 Apostolis
1687 1472 1763 1511 suis

360 1537 493 1583 audiri,
532 1536 710 1588 Spiritum
738 1536 828 1574 item
856 1537 1035 1574 Sanctum
1062 1548 1141 1574 esse
1167 1535 1302 1586 ipsum,
1333 1535 1397 1587 qui
1424 1549 1489 1587 per
1515 1536 1601 1574 illos
1628 1536 1765 1588 loquu-

358 1606 419 1640 tus
457 1601 517 1646 sit,
554 1600 713 1652 denique
749 1603 786 1638 et
820 1613 887 1651 pro
914 1599 961 1637 iis
987 1603 1135 1638 tantum
1164 1603 1256 1646 oret,
1282 1599 1346 1651 qui
1373 1613 1437 1651 per
1465 1613 1592 1638 eorum
1622 1600 1765 1640 doctri-

359 1680 446 1706 nam
481 1667 520 1705 in
546 1666 668 1717 ipsum
697 1665 873 1704 credituri
899 1669 1036 1712 essent,
1064 1664 1269 1703 cavendum
1296 1669 1352 1703 est
1379 1665 1533 1703 omnino
1562 1679 1608 1704 ne
1637 1679 1764 1704 vocem

358 1730 429 1769 Dei
465 1744 509 1768 ex
545 1731 701 1768 aliorum
729 1742 1037 1781 quorumcunque
1062 1728 1213 1767 tandem
1240 1732 1497 1780 praeterquam
1525 1742 1571 1768 ex
1598 1731 1763 1781 Aposto-

358 1795 480 1833 lorum
509 1798 556 1842 et,
584 1794 648 1845 qui
674 1793 749 1832 illis
776 1794 978 1832 familiares
1006 1794 1171 1839 fuerunt,
1198 1793 1523 1843 Euangelistarum
1540 1807 1616 1841 ore,
1636 1794 1765 1833 audia-

358 1872 441 1896 mus
468 1861 533 1896 aut
561 1857 807 1909 requiramus.

410 1987 589 2038 Haecque
630 1987 700 2024 erit
727 1999 812 2025 vera
838 1986 903 2023 illa
931 1985 1001 2024 Dei
1028 1986 1208 2032 Ecclesia,
1235 2000 1346 2038 quam
1376 2000 1466 2025 voce
1494 1987 1564 2026 Dei
1590 2001 1655 2039 per
1683 1989 1764 2027 An-

358 2052 474 2103 gelos,
508 2051 712 2103 Prophetas
747 2055 783 2088 et
810 2050 1003 2088 Christum
1031 2049 1249 2098 Dominum,
1274 2055 1453 2103 tanquam
1481 2053 1646 2102 priorum
1677 2065 1760 2090 om·

358 2116 463 2155 nium
489 2115 790 2166 gubernatorem,
816 2114 968 2165 eiusque
995 2115 1210 2165 Apostolos,
1235 2115 1276 2152 in
1304 2128 1421 2153 unum
1449 2120 1595 2154 coetum
1623 2130 1665 2154 ac
1692 2130 1762 2168 po·

359 2180 488 2232 pulum
513 2178 587 2230 ipsi
612 2177 836 2230 peculiarem
864 2181 1038 2217 evocatos
1066 2191 1145 2216 esse
1172 2181 1336 2218 constat.

410 2439 537 2477 Huius
571 2449 683 2490 porro
720 2436 910 2475 Ecclesiae
945 2440 1020 2476 tres
1048 2440 1156 2476 notas
1185 2438 1348 2489 Spiritus
1375 2439 1535 2477 Sanctus
1563 2437 1673 2476 nobis
1701 2440 1762 2488 (4)

360 2502 553 2548 indicavit,
580 2501 716 2554 quibus
743 2501 791 2539 ab
819 2501 903 2539 aliis
931 2501 1114 2540 simulatis
1141 2501 1322 2540 Ecclesiis
1349 2501 1510 2540 discerni
1536 2501 1646 2540 facile
1674 2515 1761 2553 pos-

362 2568 429 2605 sit:
467 2570 690 2605 vetustatem
725 2565 827 2603 illius
857 2578 940 2603 cum
967 2570 1144 2617 perpetua
1174 2566 1381 2612 duratione,
1407 2566 1519 2604 fidem
1546 2567 1627 2604 eius
1653 2580 1761 2618 prae·

361 2635 473 2676 terea,
499 2635 534 2668 et
562 2629 752 2681 publicam
778 2629 1061 2680 professionem.

413 2755 646 2794 Vetustatem
682 2755 873 2794 Ecclesiae
900 2754 968 2793 Dei
997 2768 1079 2793 vere
1108 2753 1368 2806 cognoscimus
1394 2754 1434 2793 in
1461 2755 1571 2806 primi
1598 2756 1761 2807 parentis

363 2824 513 2862 nostrae
547 2820 664 2869 Adae,
700 2824 785 2872 post
820 2820 964 2872 lapsum
998 2819 1128 2872 ipsius,
1166 2819 1373 2866 vocatione,
1409 2832 1493 2858 cum
1527 2819 1634 2858 illum
1660 2819 1761 2859 Deus
