1830 3147
1516 128 1589 164 265

59 238 225 278 Domino
262 239 403 285 datum,
438 243 482 278 ut
507 242 542 278 te
570 239 625 278 illi
653 239 837 289 adiungas
865 253 1090 292 omnemque
1115 243 1218 279 tuam
1248 238 1362 278 vitam
1393 252 1476 278 cum
1504 238 1588 291 ipso

63 302 167 341 vivas
179 303 222 340 ?''

114 366 330 419 Respondet
357 380 515 419 sponsa:
554 367 752 407 »Etiamss'

116 432 188 470 His
223 432 275 470 ita
309 432 469 484 peractis
503 431 698 482 coniungit
736 432 909 472 Minister
936 432 1096 471 invicem
1127 446 1258 471 manus
1286 432 1589 472 contrahentium

63 496 102 535 in
139 498 254 535 totius
289 496 478 535 Ecclesiae
515 502 728 548 conspectu,
755 511 893 549 eosque
919 497 1060 536 iunctis
1086 497 1158 535 iam
1187 497 1482 547 in-(613)vicem
1509 510 1590 535 ma-

64 561 188 609 nibus,
213 561 388 601 audiente
414 566 492 600 tota
522 562 702 609 Ecclesia,
728 563 934 615 alloquitur
961 563 1002 601 in
1031 563 1133 601 hunc
1161 563 1336 602 modum:

117 693 413 732 Coniunctio
441 693 546 746 ipsa
574 692 892 734 matrimonii.

119 822 248 862 'Deus
275 822 453 875 Optimus
482 823 684 869 Maximus,
711 823 776 875 qui
795 836 861 862 vos
879 823 925 862 ad
944 824 1180 874 coniugalem
1201 822 1363 862 invicem
1379 822 1593 861 societatem

65 888 224 934 vocavit,
260 889 464 939 coniungat
501 893 537 928 et
574 889 808 939 conglutinet
846 902 912 927 vos
945 889 1106 927 invicem
1145 889 1185 926 in
1215 901 1325 927 unam
1355 901 1501 926 earnem
1530 901 1594 939 per

67 954 254 992 vinculum
285 954 437 1006 spiritus
471 954 527 993 sui
554 954 592 992 in
621 968 706 992 vera
732 958 984 1005 perpetuaque
1013 954 1216 992 dilectione
1245 958 1371 991 mutua
1401 957 1436 991 et
1463 953 1597 991 timore

67 1031 146 1065 SUO,
183 1024 224 1056 ut
256 1032 321 1070 per
361 1031 508 1056 omnem
537 1019 648 1056 simul
678 1019 790 1056 vitam
819 1023 978 1056 vestram
1008 1018 1046 1056 in
1078 1023 1199 1056 vestro
1229 1017 1405 1067 coniugio
1433 1017 1596 1055 admira-

67 1082 140 1120 bile
175 1082 396 1133 mysterium
430 1083 524 1121 illud
563 1082 824 1133 desponsionis
866 1083 1006 1120 Christi
1035 1082 1192 1120 Domini
1220 1095 1302 1120 cum
1332 1095 1398 1120 sua
1427 1081 1596 1119 Ecclesia

65 1148 284 1199 exprimere,
312 1161 460 1200 „vosque
493 1148 596 1199 ipsos
630 1148 733 1185 illius
767 1148 1004 1198 reputatione
1038 1147 1201 1185 invicem
1239 1160 1383 1199 semper
1411 1146 1599 1185 consolari

66 1212 232 1264 possitis,
265 1213 465 1251 foecundet
502 1226 568 1250 vos
603 1213 756 1264 insuper
791 1226 834 1250 ac
870 1212 1094 1263 multiplicet
1121 1211 1308 1250 Dominus
1336 1212 1438 1250 Deus
1471 1216 1598 1250 noster

67 1277 113 1315 ad
159 1282 320 1316 vestram
364 1278 530 1330 ipsorum
578 1278 733 1315 salutem
781 1285 816 1315 et
861 1277 906 1314 ad
953 1276 1224 1315 incrementum
1273 1289 1359 1314 suae
1395 1276 1599 1320 Ecclesiae,

69 1348 218 1395 propter
245 1343 400 1382 eundem
430 1343 554 1395 ipsum
581 1342 785 1381 Dominum
815 1346 987 1380 nostrum
1015 1342 1143 1380 Iesum
1173 1341 1380 1380 Christum.
1408 1340 1571 1380 Amen.'’

118 1471 253 1511 Postea
289 1471 458 1510 hortatur
496 1470 672 1509 Minister
708 1470 932 1509 coniunctos
965 1470 1052 1509 illos
1088 1474 1124 1509 et
1158 1474 1277 1509 totam
1314 1470 1536 1516 Ecclesiam,
1564 1474 1605 1508 ut

69 1535 236 1582 audiant,
262 1549 372 1587 quam
401 1537 512 1584 (614)
540 1535 697 1574 firmiter
726 1535 826 1573 Deus
853 1535 1048 1573 observari
1076 1535 1165 1573 velit
1193 1535 1384 1573 vinculum
1413 1535 1485 1572 hoc
1512 1547 1604 1572 con·

69 1599 176 1650 iugii,
201 1604 238 1638 et
265 1600 313 1638 ad
339 1613 448 1651 quem
478 1599 629 1638 modum
659 1599 791 1637 violari
819 1599 929 1638 etiam
958 1604 1070 1651 atque
1098 1599 1258 1649 infringi
1283 1600 1416 1651 possit,
1446 1599 1483 1637 id
1516 1613 1603 1638 vero

72 1669 259 1715 utrunque
303 1663 489 1702 contineri
525 1663 617 1701 dicit
661 1676 741 1714 cap.
783 1664 849 1701 190
885 1663 1083 1708 Matthaei,
1119 1663 1217 1702 unde
1252 1664 1377 1702 locum
1414 1664 1520 1702 illum
1559 1663 1603 1702 de

73 1728 249 1778 coniugio
278 1741 321 1766 ac
340 1728 502 1767 divortio
524 1728 666 1775 recitat,
685 1728 924 1766 auscultante
941 1733 1019 1766 tota
1040 1728 1223 1772 Ecclesia,
1241 1729 1287 1766 ad
1307 1728 1408 1767 hunc
1427 1727 1602 1768 modum:

125 1856 203 1895 aeEt
229 1855 402 1895 adierunt
430 1855 620 1895 Christum
646 1855 852 1900 Pharisaei.
878 1860 1068 1895 tentantes
1096 1870 1179 1895 eum
1206 1862 1242 1896 et
1269 1857 1436 1896 dicentes
1455 1857 1506 1896 ei:
1535 1857 1602 1896 Li-

71 1923 129 1959 cet
170 1933 216 1958 ne
255 1919 400 1958 homini
442 1919 629 1958 dimittere
662 1931 816 1958 uxorem
855 1933 960 1958 suam
998 1920 1168 1972 quamvis
1205 1920 1252 1958 ob
1291 1921 1469 1959 eausam?
1523 1921 1602 1960 Qui

71 1983 301 2037 respondens
345 1984 443 2023 dixit
486 1984 558 2023 eis:
603 1987 665 2023 An
706 1998 782 2022 non
819 1985 976 2034 legistis,
1013 1986 1130 2037 quod,
1162 1986 1226 2037 qui
1259 1986 1367 2024 initio
1405 1985 1601 2033 condebat,

73 2050 280 2088 masculum
316 2054 352 2087 et
387 2050 590 2088 foeminam
629 2050 757 2088 fecerit
784 2052 875 2088 eos?
913 2056 949 2089 et
977 2051 1048 2089 ait:
1085 2051 1286 2102 Propterea
1315 2051 1458 2089 deseret
1486 2051 1598 2089 homo

72 2120 214 2166 patrem
261 2127 304 2151 ac
345 2118 501 2152 matrem
547 2118 583 2152 et
627 2114 883 2163 adglutinabit
930 2115 1040 2152 uxori
1085 2128 1186 2161 suae,
1231 2119 1414 2166 eruntque
1450 2114 1524 2152 duo
1560 2115 1600 2153 in

74 2191 222 2216 carnem
248 2191 376 2217 unam.
421 2178 583 2216 Proinde
609 2179 682 2216 iam
713 2192 788 2217 non
817 2183 906 2217 sunt
933 2179 1020 2225 duo,
1049 2180 1111 2217 sed
1138 2193 1215 2218 una
1243 2192 1342 2218 caro·
1385 2179 1498 2218 Quod
1526 2179 1600 2229 igi-

72 2247 134 2281 tur
161 2242 263 2280 Deus
291 2242 490 2293 copulavit,
518 2242 630 2280 homo
659 2256 704 2281 ne
731 2248 888 2294 separet.
907 2264 956 2272 —
978 2243 1165 2284 Dixerunt
1185 2244 1239 2282 ei:
1269 2244 1344 2282 Cur
1363 2257 1451 2293 ergo
1474 2243 1601 2283 Moses

72 2309 182 2347 iussit
217 2308 305 2346 dare
339 2308 509 2346 libellum
536 2308 682 2359 repudii
709 2313 745 2346 et
773 2308 960 2346 dimittere
987 2309 1097 2346 eam?
1151 2308 1216 2346 Ait
1244 2308 1340 2347 illis:
1395 2308 1522 2347 Moses
1551 2308 1599 2347 ob

74 2372 248 2412 duritiam
284 2372 408 2411 cordis
445 2373 557 2411 vestri
591 2372 762 2424 permisit
789 2372 897 2411 vobis
926 2372 1113 2411 dimittere
1140 2386 1277 2411 uxores
1303 2374 1416 2422 (615)
1445 2377 1601 2418 vestras,

76 2441 261 2477 caeterum
298 2437 344 2475 ab
381 2437 489 2475 initio
528 2450 604 2475 non
640 2436 712 2475 fuit
748 2436 816 2476 sic.
869 2437 963 2474 Dico
1002 2441 1122 2475 autem
1152 2437 1273 2481 vobis,
1300 2438 1401 2488 quod
1429 2438 1601 2490 quisquis

73 2502 257 2541 dimiserit
288 2515 442 2541 uxorem
479 2515 599 2548 suam,
626 2501 698 2539 nisi
725 2501 773 2539 ob
803 2505 983 2552 stuprum,
1013 2504 1052 2539 et
1079 2501 1189 2539 aliam
1219 2501 1379 2549 duxerit,
1406 2502 1438 2540 is
1465 2502 1504 2540 in
1532 2502 1600 2540 ad·

76 2567 210 2605 ulterio
248 2566 350 2613 vivit,
378 2571 426 2609 et,
453 2566 518 2617 qui
545 2565 736 2604 dimissam
765 2565 925 2610 duxerit,
951 2566 983 2603 is
1012 2578 1162 2617 quoque
1188 2565 1228 2604 in
1255 2566 1439 2604 adulterio
1467 2566 1601 2606 vivit.''

125 2696 296 2735 Recitato
330 2697 402 2734 hoc
440 2695 623 2734 Matthaei
657 2695 752 2742 1000,
778 2695 901 2734 vertit
935 2708 974 2734 se
1009 2709 1158 2733 rursum
1196 2695 1370 2734 Minister
1397 2695 1445 2734 ad
1471 2709 1601 2735 recens

76 2761 268 2801 coniuctos
294 2761 380 2799 illos
408 2773 545 2812 eosque
573 2759 778 2811 alloquitur
804 2760 843 2797 in
873 2759 972 2798 hunc
1001 2759 1172 2798 modum:

129 2825 216 2863 ,ΕΣ
252 2825 353 2863 hisce
390 2824 534 2863 Christi
571 2823 726 2862 Domini
762 2823 885 2862 verbis
922 2824 1032 2862 facile
1061 2823 1207 2869 videtis,
1235 2838 1347 2874 quam
1375 2825 1423 2864 sit
1450 2826 1600 2864 firmum

77 2903 300 2941 prorsusque
327 2889 588 2927 indissolubile
614 2887 845 2926 matrimonii
872 2888 1078 2934 vinculum,
1106 2889 1280 2927 nimirum
1310 2889 1409 2941 quod
1429 2903 1503 2928 non
1526 2890 1601 2928 niai
