1830 3147
41 476 131 507 Ioan.
156 475 183 512 5,
209 475 257 507 10.

42 518 58 549 1
84 518 157 548 Cor.
183 517 231 548 12.

42 560 97 591 ΕΖ.
121 560 172 591 36.

41 602 160 633 Matth.
184 601 234 632 22.

42 645 59 675 1
84 644 157 675 Cor.
182 645 210 674 5.

43 686 60 717 1
85 686 198 717 Thess.
221 687 251 718 4.

42 728 124 759 Coll.
149 728 179 759 3.

42 770 140 802 Phill.
163 771 192 802 2.

41 1145 132 1178 Ioan.
157 1146 185 1177 5.

40 1188 123 1220 Dan.
147 1188 196 1220 12.

41 1231 60 1261 2
85 1230 158 1261 Cor.
182 1231 211 1262 5.

40 1273 122 1305 Mat.
144 1273 196 1305 25.

40 1314 117 1346 Luc.
144 1316 194 1346 16.

42 1358 125 1398 Apo.
149 1357 200 1388 20.

42 1399 145 1431 Marc.
168 1400 197 1430 9.

41 1441 127 1474 Esai.
150 1441 201 1475 34.

43 1752 120 1784 Luc.
144 1753 194 1783 24.

43 1795 125 1826 Mat.
148 1795 199 1826 28.

42 1837 126 1868 Mat.
150 1837 201 1868 16.

38 1879 123 1920 Eph.
147 1880 175 1911 5.

44 1921 62 1952 1
85 1921 209 1953 Corint.
238 1921 284 1953 ll.

43 1963 154 1994 Actor.
178 1964 208 1995 2.

43 2005 143 2036 Hebr.
167 2006 217 2036 10.

40 2047 160 2079 Psalm.
173 2048 244 2084 119,
256 2048 306 2079 84.

42 2089 132 2121 Ioan.
156 2090 184 2127 8,
210 2090 259 2120 10.

43 2131 162 2163 Psalm.
188 2132 258 2165 147.

43 2173 162 2206 Matth.
188 2174 237 2206 10.

44 2483 146 2514 Marc.
170 2482 198 2512 1.

46 2524 123 2556 Luc.
146 2524 195 2555 24.

329 93 402 129 522
853 101 943 129 cxr.
973 101 1080 130 ECCL.
1111 101 1210 130 nnn.

965 204 1015 243 Q.
1044 208 1107 244 49.

378 267 483 306 Quid
521 267 670 305 duobus
707 267 911 319 postremis
949 267 1142 317 significas
1180 269 1411 319 [articulis]
1446 270 1550 317 (cum
1588 267 1735 319 inquis:

328 331 467 380 Credo)
497 332 621 370 carnis
649 331 963 370 resurrectionem
991 338 1028 371 et
1057 333 1171 371 vitam
1199 333 1417 386 aeternam?

1009 397 1056 436 R.

380 460 499 498 Credo
548 462 843 513 unumquodque
879 461 1090 499 membrum
1131 461 1325 500 Ecclesiae
1367 461 1506 500 Christi
1542 462 1590 500 ab
1626 462 1736 499 initio

328 526 458 564 mundi
494 527 722 577 (quamlibet
752 532 966 577 contempta
997 527 1052 563 vel
1082 526 1159 564 vita
1188 527 1246 564 vel
1272 531 1394 565 morte
1421 527 1643 565 defunctum
1671 527 1736 574 sit)

327 592 367 629 in
403 597 572 629 extremo
601 591 743 629 iudicio
772 592 927 643 proprio
958 604 1116 642 corpore
1144 591 1182 628 in
1214 604 1290 642 quo
1320 592 1381 629 hic
1408 592 1503 630 vixit
1531 592 1578 629 ad
1605 591 1737 629 ineffa-

330 657 442 694 bilem
469 657 630 706 gloriam
660 670 681 694 a
710 657 898 708 corporali
926 662 1046 694 morte
1073 662 1372 694 resurrecturum
1399 661 1435 695 et
1452 656 1548 695 vitae
1567 661 1739 695 aeternae

329 734 413 758 cum
451 721 572 772 capite
609 734 675 758 suo
712 721 905 769 (Christo)
930 728 1008 758 tam
1037 733 1192 771 corpore
1220 734 1329 772 quam
1360 721 1484 759 anima
1511 721 1738 772 (possessio-

327 798 412 823 nem
440 790 553 836 atque
582 785 870 833 haereditatem)
900 785 1186 834 [haereditatem
1202 790 1317 834 atque
1330 785 1618 835 possessionem]
1648 798 1737 823 con-

328 854 557 889 secuturum.

961 915 1011 953 Q„
1043 916 1104 953 50.

379 979 453 1018 Sed
490 980 535 1017 dc
569 980 660 1024 illis,
695 979 761 1030 qui
796 980 990 1031 poenitere
1029 979 1216 1025 nesciunt,
1252 979 1393 1030 impiis,
1420 979 1588 1030 inquam,
1616 983 1652 1017 et
1678 979 1738 1017 in-

328 1044 503 1090 credulis,
539 1044 604 1095 qui
641 1043 835 1082 Christum
877 1049 912 1083 et
954 1043 1166 1082 Ecclesiam
1204 1043 1283 1082 eius
1313 1043 1620 1095 contempserint,
1648 1043 1738 1095 quid

328 1109 495 1146 futurum
524 1109 607 1146 est?

1012 1173 1058 1212 R.

380 1237 444 1274 Illi
472 1250 624 1288 quoque
651 1238 690 1275 in
720 1250 788 1275 suo
818 1237 978 1288 quisque
1007 1250 1164 1288 corpore
1190 1250 1210 1274 a
1238 1236 1435 1287 temporali
1464 1240 1584 1274 morte
1612 1249 1737 1274 resur-

329 1306 433 1350 gent,
469 1301 532 1338 sed
562 1301 608 1339 ad
637 1306 828 1339 aeternam
858 1301 1120 1339 confusionem
1149 1305 1260 1351 atque
1288 1300 1340 1338 ita
1371 1313 1455 1337 cum
1484 1300 1646 1338 Diabolo
1677 1313 1738 1337 ea-

328 1365 405 1416 pite
454 1378 536 1409 suo,
581 1378 736 1415 corpore
779 1369 814 1403 et
851 1365 975 1402 anima
1011 1365 1050 1402 in
1086 1365 1265 1414 abyssum
1302 1363 1444 1402 inferni
1481 1363 1739 1410 detrudentur,

327 1435 501 1469 aeternae
528 1429 786 1468 maledictioni
817 1429 990 1468 obnoxii.

963 1494 1013 1532 Q.
1043 1496 1104 1532 51.

378 1560 556 1598 Potestne
585 1573 669 1598 vera
700 1560 910 1609 [qermana]
939 1559 1111 1597 Ecclesia
1141 1558 1282 1596 Christi
1301 1562 1456 1596 externo
1478 1559 1604 1610 aliquo
1628 1560 1736 1610 signo

329 1625 516 1675 dignosci,
542 1625 690 1663 etiamsi
717 1638 782 1676 per
811 1629 934 1662 totum
962 1628 1150 1662 terrarum
1180 1624 1311 1661 orbem
1341 1623 1476 1661 diffusa
1505 1625 1578 1662 sit?

1018 1688 1066 1726 R.

380 1753 482 1791 Deus
512 1758 652 1791 certum
683 1753 866 1801 (cultum)
897 1752 1181 1801 [ministerium]
1211 1752 1251 1789 in
1280 1752 1451 1790 Ecclesia
1479 1765 1545 1790 sua
1563 1752 1738 1799 instituit,

331 1818 504 1855 videlicet
532 1819 766 1867 (synceram)
796 1818 949 1865 [puram
984 1817 1126 1865 sancti]
1147 1816 1266 1853 divini
1288 1815 1388 1853 verbi
1407 1816 1738 1867 praedicationem,

330 1884 495 1931 (verum)
533 1883 625 1932 [rite
647 1887 841 1931 peractum
870 1882 1075 1930 sacrorum]
1114 1882 1444 1918 sacramentorum
1472 1894 1581 1918 usum
1609 1881 1644 1919 et
1674 1894 1735 1919 ex-

329 1954 472 1986 ternam
499 1947 693 1985 Ecclesiae
722 1946 974 1996 disciplinam,
1003 1947 1148 1996 (quem)
1179 1946 1317 1995 [quod]
1346 1946 1525 1994 (cultum)
1555 1946 1738 1995 [minisce-

328 2012 439 2060 rium]
470 2025 555 2048 vera
585 2010 728 2048 Christi
756 2009 926 2047 Ecclesia
954 2010 1033 2047 sine
1061 2009 1342 2047 intermissione
1370 2010 1555 2056 observat,
1576 2010 1738 2047 simodo

329 2077 471 2125 (illum)
501 2076 636 2125 [illud]
667 2087 867 2125 syncerum
895 2087 938 2111 ac
965 2087 1101 2125 purum
1131 2074 1268 2111 habere
1296 2079 1432 2125 potest,
1459 2073 1662 2125 eodemque
1691 2074 1737 2112 ab

329 2141 506 2179 omnibus
533 2140 737 2191 impiorum
767 2140 937 2178 coetibus
967 2139 1189 2178 secernitur.

968 2203 1018 2242 Θ..
1049 2207 1110 2242 52.

382 2271 464 2307 Iam
503 2282 588 2307 vero
626 2270 765 2320 quibus
793 2269 831 2306 in
861 2269 971 2306 rebus
1001 2281 1157 2318 syncera
1186 2269 1323 2318 [sacri]
1354 2268 1471 2306 divini
1500 2269 1604 2306 verbi
1632 2282 1735 2320 prac-

330 2335 467 2373 dioatio
497 2334 702 2372 consistit?

1009 2396 1057 2435 R,

381 2464 429 2501 In
462 2463 628 2513 genuina
667 2461 781 2511 Legis
820 2465 855 2499 et
892 2460 1123 2498 sacrosancti
1160 2461 1361 2510 Euangelii
1400 2460 1660 2511 explicatione,
1692 2461 1766 2499 dc‘

331 2529 468 2579 quibus
495 2528 687 2577 hucusque
715 2527 754 2563 in
783 2525 855 2563 hoc
884 2525 1122 2563 Catechismo
1152 2525 1294 2564 (lictum
1323 2530 1390 2564 est.

840 2664 894 2690 DE
927 2663 1226 2692 SACRAMENTIS.

968 2782 1018 2821 Q.
1047 2785 1108 2821 53.

386 2850 488 2891 Quid
518 2854 604 2888 sunt
632 2850 873 2888 Sacramenta
902 2847 1137 2885 Christianae
1165 2845 1383 2892 Ecclesiae?
