1830 3147
1671 158 1743 200 277

192 254 312 290 strum
349 252 450 291 hunc
476 254 643 301 fratrem.
672 255 721 293 N.
759 257 843 304 (auc
872 269 1034 296 sororem
1061 262 1134 307 N.)
1163 273 1182 298 e
1208 262 1342 300 mundi
1371 263 1482 303 huius
1510 264 1645 304 miseri-
1690 269 1738 306 ad

190 315 307 355 vitam
347 330 390 355 ae
430 317 592 367 gloriam
613 318 721 358 ‘tuam
750 324 940 360 aeternam
966 322 1007 361 in
1036 337 1122 362 vera
1150 326 1220 363 filii
1247 327 1304 365 tui
1331 329 1404 367 fide
1432 333 1468 367 et
1498 331 1737 371 confessione

189 382 367 430 evocasti,
403 396 524 434 neque
561 384 776 424 dubitamus
815 388 906 439 quin
935 392 971 427 et
1000 389 1167 428 animam
1195 392 1298 431 illius
1328 394 1403 433 iam
1431 397 1668 436 transtuleris
1697 399 1735 436 in

190 461 346 497 reguum
374 451 461 487 tuae
487 448 714 489 immortalis
741 453 897 502 gloriae,
926 458 962 493 et
991 468 1126 507 corpus
1155 457 1268 496 etiam
1295 459 1414 510 ipsius
1435 462 1667 502 excitaturus
1685 465 1736 503 sis

187 527 254 551 suo
282 518 448 566 tempore
475 515 522 553 ad
550 517 864 573 resurrectionem
895 520 989 559 vitae
1018 535 1061 560 ac
1091 524 1235 573 gloriae
1263 528 1350 563 tuae
1376 531 1562 575 aeternae,
1585 531 1735 570 etiamsi

186 591 286 615 nunc
312 578 353 616 in
379 581 518 617 terram
549 580 740 619 defossum
769 584 951 634 quiescat,
979 599 1052 637 quo
1082 586 1233 638 quidem
1263 590 1417 628 nomine
1446 592 1641 631 demortuo
1662 608 1732 632 no-

186 645 263 680 stro
292 642 380 680 huic
406 644 516 682 fratri
545 647 630 693 (ant
658 648 815 695 sorori),
844 652 907 686 tua
935 650 1023 688 freti
1050 652 1322 700 misericordia,
1350 669 1396 693 ex
1415 657 1542 695 animo
1562 661 1734 707 gratula-

184 720 279 751 mur,
314 710 424 759 teque
458 710 645 761 supplices
682 725 890 763 precamur,
927 719 969 753 ut
1005 719 1040 754 et
1078 730 1147 754 nos
1176 730 1319 764 omnes,
1349 720 1439 758 dum
1467 721 1528 759 hic
1557 723 1731 772 vivimus,

181 774 245 809 tua
293 774 490 825 complecti
534 779 690 827 paterna
739 779 1014 827 misericordia,
1062 783 1304 835 actionesque
1341 790 1491 825 nostras
1529 802 1658 828 omnes
1696 795 1733 829 et

180 836 307 875 omnia
352 844 482 877 nostra
520 841 679 879 consilia
714 856 779 894 per
815 845 1125 895 spiri-(645)tu1n
1163 854 1335 888 sanctum
1374 854 1481 889 tuum
1518 854 1732 902 gubernare

179 899 358 951 digneris,
386 907 428 941 ut
457 906 599 943 nostris
629 907 748 944 oculis
777 922 797 946 a
826 923 949 948 rerum
977 912 1111 949 mundi
1139 913 1250 952 huius
1281 928 1381 962 eura,
1409 918 1455 955 ad
1475 921 1513 956 te
1532 932 1731 972 rerumque

178 964 397 1003 coelestium
432 967 719 1007 meditationem
758 971 932 1019 sublatis,
970 977 1006 1011 te
1042 975 1293 1025 potissimum,
1327 979 1436 1017 Pater
1466 979 1730 1022 beneficentis-

177 1024 284 1064 sime!
325 1030 507 1079 tuumque
543 1030 582 1067 in
612 1031 723 1069 nobis
752 1045 846 1083 opus
875 1033 1013 1072 intueri
1043 1049 1188 1088 semper
1216 1039 1362 1090 tibique
1389 1055 1455 1092 per
1483 1056 1634 1082 omnem
1664 1046 1729 1083 de-

174 1085 303 1139 inceps
342 1088 456 1127 vitam
496 1095 663 1129 nostram
701 1092 739 1130 in
777 1095 979 1134 sanctitate
1007 1101 1042 1135 et
1068 1098 1216 1138 iustitia
1246 1103 1385 1141 servire
1411 1118 1480 1155 pro
1509 1111 1640 1144 nostra
1669 1108 1728 1146 in-

174 1150 352 1190 firmitate
384 1153 588 1203 possimus,
630 1159 747 1207 utque
785 1157 836 1195 ita
877 1158 1027 1197 demum
1063 1161 1104 1199 in
1132 1162 1205 1201 fide
1233 1177 1276 1201 ac
1306 1166 1544 1206 confessione
1572 1170 1641 1208 filii
1669 1172 1726 1209 tui

172 1227 217 1251 ex
255 1215 326 1253 hac
360 1217 435 1255 vita
473 1218 710 1267 excedentes,
743 1221 848 1260 iuxta
886 1223 1164 1275 beneplacitum
1201 1234 1354 1267 sanctae
1392 1233 1602 1272 voluntatis
1639 1239 1726 1274 tuae

173 1284 295 1318 tecum
323 1295 397 1320 una
433 1282 473 1320 in
511 1288 704 1324 aeternum
743 1301 822 1325 esse
848 1290 1051 1340 possimus.
1106 1292 1157 1331 Et
1185 1295 1333 1345 quidem
1366 1310 1443 1335 non
1472 1303 1603 1337 nostro
1632 1302 1728 1347 ullo,

171 1345 234 1396 qui
270 1346 373 1384 aliud
409 1347 505 1386 nihil
541 1349 581 1388 in
619 1351 731 1390 nobis
769 1353 861 1404 ipsis
899 1368 1008 1406 quam
1038 1357 1174 1396 misera
1202 1362 1347 1411 peccati
1375 1366 1410 1400 et
1438 1365 1570 1402 mortis
1598 1370 1719 1405 aeter-

168 1424 237 1448 nae
274 1412 461 1463 mancipia
498 1427 641 1459 sumus,
679 1417 744 1455 sed
784 1419 866 1457 solo
895 1420 1023 1459 dilecti
1051 1423 1120 1461 filii
1148 1425 1204 1462 tui
1233 1427 1381 1474 merito,
1410 1430 1547 1468 summi
1576 1431 1717 1470 fidelis·

169 1475 327 1527 simique
362 1490 406 1514 ac
442 1479 584 1517 aeterni
614 1481 809 1521 Pontificis
838 1485 1048 1525 animarum
1080 1494 1309 1536 nostrarum,
1338 1493 1402 1544 qui
1429 1497 1553 1533 tecum
1582 1498 1723 1548 pariter

167 1542 201 1575 et
231 1551 316 1576 cum
343 1544 473 1578 sancto
502 1542 636 1593 spiritu
664 1544 704 1583 in
733 1559 807 1584 una
835 1551 945 1599 atque
974 1550 1102 1589 eadem
1134 1553 1283 1592 (livinae
1316 1557 1537 1596 existentiae
1555 1561 1717 1599 monade

165 1605 221 1640 est
265 1617 364 1642 unus
411 1618 518 1644 verus
560 1611 673 1659 atque
720 1614 894 1651 aeternus
940 1614 1054 1662 Deus,
1090 1620 1202 1667 (646)
1238 1620 1454 1662 laudandus
1495 1624 1535 1662 in
1573 1628 1712 1666 secula.

168 1667 331 1707 Amen.''

215 1798 342 1838 Finita
379 1799 450 1839 hac
485 1804 713 1854 precatione,
751 1807 956 1848 dimittitur
991 1810 1161 1850 Ecclesia
1197 1827 1279 1852 cum
1308 1816 1418 1855 solita
1446 1817 1710 1860 benedictione

160 1867 197 1901 et
224 1877 429 1915 pauperum
458 1866 631 1919 diligenti
661 1873 1002 1920 commendatione,
1028 1876 1210 1916 Diaconis
1238 1879 1285 1917 ad
1306 1885 1433 1931 portas
1450 1885 1582 1936 templi
1602 1890 1706 1924 stan-

158 1928 261 1966 tibus
288 1933 324 1968 et
351 1930 607 1983 eleemosynas
636 1948 739 1974 more
768 1938 880 1976 solito
911 1940 1180 1991 colligentibus
1208 1957 1274 1995 pro
1304 1946 1444 1995 egenis,
