1830 3147
804 153 873 191 729
1329 156 1395 204 [Α.
1423 156 1468 194 1).
1493 158 1608 206 1556]

73 262 135 299 bus
168 262 239 298 suis
275 272 489 308 promovere,
521 260 615 308 quod
647 260 777 309 alioqui
811 261 959 298 libenter
992 263 1151 299 facturus
1177 267 1280 306 esset,
1307 277 1426 312 meque
1451 268 1488 301 et
1515 278 1608 302 meos

73 334 191 358 omnes
224 322 382 357 omnibus
416 320 620 356 clementiae
656 321 776 357 officiis
813 330 1182 370 prosequutnrus
1217 325 1550 372 (complecteretur),
1581 328 1609 363 si

74 394 142 418 non
179 382 244 417 hoc
268 381 446 417 doctrinae
471 381 651 416 dissidium
678 382 844 418 obstaret.
892 383 1024 430 Optare
1048 384 1183 420 interim
1210 385 1420 433 Principem,
1447 392 1486 422 ut
1509 386 1610 423 dissi·

77 442 172 478 dium
198 442 263 478 hoc
288 441 468 478 doctrinae
486 442 646 488 componi
671 443 793 489 possit.
820 443 867 479 Et
891 444 955 480 hoc
980 456 1146 492 responso
1171 452 1316 492 accepto
1341 448 1512 494 respondi,
1539 461 1608 484 non

76 515 151 539 esse
169 507 336 544 nostrum,
354 503 594 548 pronunciare,
620 516 702 538 num
717 503 876 540 doctrina
900 517 1001 552 quam
1027 517 1069 541 ex
1096 506 1258 553 principis
1283 507 1469 555 Theologis
1493 508 1611 544 audis-

75 577 147 600 sem
173 563 291 600 eadem
325 567 417 599 esset
442 575 520 599 cum
546 564 774 600 consessione
798 566 1018 612 Augustana.
1043 568 1106 602 nisi
1133 567 1227 614 quod
1252 580 1315 604 nos
1340 568 1434 604 illam
1457 569 1492 604 iu
1517 569 1611 604 Con·

77 625 224 660 sessione
248 625 460 670 Augustana
486 636 654 671 nusquam
683 624 873 667 videamus,
901 627 961 662 sed
986 639 1067 663 cum
1095 628 1179 663 1111111
1205 628 1304 664 nobis
1331 628 1498 665 hactenus
1516 641 1612 666 com-

75 689 304 721 monstratum
340 690 433 721 esset
458 686 494 721 in
520 686 728 732 August-ana
753 686 979 722 Confessione
1007 701 1165 734 pugnans
1189 701 1268 725 cnm
1293 693 1413 725 nostra
1437 691 1610 734 doctrina,

75 761 137 784 nos
162 760 244 783 sane
279 748 402 783 merito
432 748 598 783 affirmare
632 747 737 794 quod,
764 749 797 783 in
822 750 947 796 quibus
972 762 1190 792 accusamur,
1217 751 1260 786 ab
1285 752 1495 798 Augustana
1520 753 1612 789 Con-

75 809 223 844 sessione
254 808 352 843 nullo
385 808 488 844 modo
514 807 774 849 dissentiamus,
806 815 842 843 et
875 815 1012 856 practer
1037 811 1199 846 meritum
1225 816 1380 847 nostrum
1406 812 1493 854 fieri,
1519 814 1610 860 quod

76 869 119 904 ab
143 868 203 904 itta
236 867 418 904 dissentire
457 868 622 904 dicamur.
672 868 779 906 Quod
818 882 899 904 vero
934 871 977 905 ad
1015 870 1188 918 Principis
1217 873 1446 917 patrocinium
1475 874 1614 916 attinet,

76 942 139 966 1105
174 928 311 977 quidem
337 928 477 965 meliora
502 940 659 974 sperasse
685 930 727 964 de
754 929 925 977 Principis
951 930 1149 974 clementia,
1190 933 1250 968 sed
1276 937 1393 969 tamen
1419 933 1485 969 Dei
1509 935 1610 970 nobis

77 991 306 1038 patrocinium
337 1003 408 1027 non
442 1003 517 1026 esse
550 991 764 1031 defuturum.
798 992 1168 1039 quemadmodum
1195 993 1364 1030 hactenus
1390 1007 1459 1030 nou
1485 995 1610 1037 defuit,

77 1052 212 1088 etiamsi
243 1051 400 1087 humanis
427 1050 604 1097 praesidiis
629 1050 873 1087 destituamur.
901 1053 1006 1088 [llum
1033 1065 1108 1088 esse
1135 1056 1259 1089 testem
1285 1057 1423 1090 nostrae
1448 1056 1615 1091 innocen·

78 1113 146 1148 tiae
165 1117 201 1148 et
213 1112 294 1148 olim
314 1113 418 1148 etiam
445 1111 593 1147 iudicem
622 1113 691 1146 sore
716 1113 866 1148 omniu
882 1126 912 1148 m
939 1118 1160 1150 nostrum.
1188 1115 1262 1150 Nos
1288 1117 1404 1162 itaque
1431 1116 1527 1152 illius
1555 1130 1610 1164 pa·

77 1173 222 1209 trocinio
255 1184 393 1208 causam
419 1184 554 1207 omnem
581 1176 735 1207 nostram
762 1174 959 1219 permittere
986 1186 1096 1221 neque
1120 1173 1275 1210 diffidere
1300 1175 1362 1213 hac
1386 1177 1421 1212 in
1448 1181 1545 1223 parte
1571 1178 1613 1214 il-

79 1233 145 1269 lius
182 1233 342 1269 bonitati.
392 1234 452 1269 Me
488 1236 603 1268 tamen
628 1232 741 1268 adhuc
766 1245 891 1280 cupere
916 1247 993 1270 cum
1020 1235 1182 1282 Principe
1207 1237 1282 1283 ipso
1309 1238 1414 1285 loqui,
1441 1238 1470 1274 si
1497 1238 1611 1281 liceat,

80 1294 279 1341 priusquam
306 1293 389 1329 mihi
415 1292 610 1328 abeundum
637 1299 743 1329 esset.

131 1355 260 1390 Postea
292 1354 407 1389 iussus
442 1366 517 1388 sum
543 1366 564 1388 a
589 1365 697 1389 coena
722 1354 841 1389 eodem
869 1355 945 1401 ipso
970 1354 1025 1390 die
1051 1357 1167 1392 venire
1198 1357 1240 1393 ad
1269 1357 1405 1394 hortum
1433 1359 1615 1406 Principis,

81 1419 120 1452 ut
155 1427 234 1451 cum
267 1415 342 1462 ipso
376 1414 603 1461 colloquerer,
640 1416 733 1462 quod
768 1419 804 1449 et
828 1416 958 1450 factum
984 1422 1052 1451 est.
1104 1419 1157 1453 Ac
1183 1419 1327 1465 primum
1355 1420 1426 1455 dixi
1450 1420 1617 1468 Principi,

81 1475 174 1524 quod
211 1481 433 1522 posteaquam
471 1487 672 1521 responsum
706 1474 932 1511 Celsitudinis
967 1488 1050 1512 suae
1080 1476 1124 1512 ab
1148 1478 1256 1524 ipsius
1283 1479 1496 1516 Consiliariis
1521 1493 1618 1517 acee-

81 1540 218 1584 pissem‚
250 1550 320 1573 non
354 1537 435 1572 mihi
471 1541 645 1583 putassem
682 1536 881 1573 abeundum
916 1549 1004 1580 esse,
1036 1539 1104 1574 nisi
1137 1539 1232 1577 dicto
1256 1540 1334 1576 vale
1359 1553 1441 1577 suae
1466 1542 1619 1579 Celsitu-

82 1599 155 1635 dini
189 1603 225 1634 et
258 1598 345 1635 actis
379 1598 500 1645 gratiis
535 1598 625 1644 quod
662 1610 714 1633 mc
750 1611 790 1633 eo
823 1611 938 1634 secum
977 1600 1026 1635 ita
1061 1605 1230 1643 vocasset,
1258 1601 1404 1648 benigne
1429 1603 1498 1639 illic
1523 1616 1620 1641 acce·

83 1660 188 1706 pissct
212 1664 277 1696 etc.
323 1659 385 1695 Me
410 1658 525 1694 dolere
551 1658 687 1706 quidem
713 1658 805 1705 quod
831 1659 925 1694 aliud
950 1659 1036 1695 nihil
1063 1661 1265 1707 praestitum
1292 1663 1414 1699 fuisset
1439 1665 1474 1700 in
1498 1670 1619 1701 nostro

82 1719 253 1766 colloquio
289 1730 367 1754 cnm
405 1719 514 1764 ipsius
548 1718 743 1765 Theologis.
795 1720 855 1754 Me
893 1731 973 1754 sane
1018 1722 1169 1757 unanimi
1206 1729 1241 1758 et
1274 1725 1363 1770 scrip
1398 1728 1551 1761 turarum
1584 1732 1620 1762 ct

80 1779 256 1815 Ecclesiae
293 1778 492 1815 Catholicae
524 1791 692 1814 consensu
728 1781 763 1814 111
800 1792 872 1814 mea
908 1781 1123 1816 conscientia
1157 1783 1355 1820 convictum
1388 1797 1408 1820 a
1442 1798 1517 1821 mea
1541 1786 1620 1824 doc-

83 1840 173 1876 trina
199 1852 269 1874 non
296 1851 395 1885 posse
421 1838 595 1874 discedere
621 1838 656 1874 111
682 1838 830 1874 ullorum
858 1838 1033 1875 hominum
1060 1840 1216 1887 gratiam,
1241 1843 1332 1889 quod
1361 1845 1473 1890 ipsum
1491 1845 1620 1894 alioqui

83 1912 126 1936 ne
159 1899 356 1946 Principem
390 1899 527 1946 quidem
558 1899 670 1945 ipsum
697 1911 716 1934 a
743 1911 795 1934 me
821 1899 1010 1946 petiturum
1037 1912 1113 1936 esse
1138 1903 1322 1945 confidere,
1346 1916 1455 1952 neque
1480 1917 1619 1942 causam

83 1960 172 1997 hanc
209 1961 274 1996 mei
307 1960 414 1996 solius
449 1972 535 2001 esse,
569 1965 608 1995 ut
643 1972 715 1995 eam
742 1960 837 1995 solus
863 1960 936 2006 ipse
961 1961 1179 2005 sustinerem,
1203 1963 1264 1999 sed
1287 1964 1374 2001 alios
1399 1977 1536 2013 quoque
1561 1967 1621 2003 ad·

85 2021 201 2057 vocari
239 2026 410 2068 oportere,
441 2023 471 2057 si
507 2033 559 2057 res
583 2022 672 2057 serio
697 2021 841 2057 tractari
863 2021 1016 2060 deberet.
1067 2023 1282 2070 ‘'optarem''
1307 2026 1420 2074 inquit
1443 2027 1622 2076 Princeps,

86 2082 149 2118 uid
183 2094 283 2129 posse
317 2082 404 2124 fieri,
440 2082 500 2118 sed
539 2081 679 2118 modum
715 2094 785 2118 non
822 2082 940 2124 video;
973 2087 1037 2130 ego
1070 2085 1162 2120 enim
1197 2085 1232 2121 id
1268 2087 1364 2122 solus
1400 2089 1513 2125 facere
1547 2102 1619 2126 nou

84 2155 223 2190 possum
258 2143 394 2179 etiamsi
429 2143 542 2179 velim.
593 2143 694 2179 Alios
730 2155 811 2179 vero
850 2143 1029 2191 Principes
1067 2146 1125 2181 vix
1162 2149 1246 2193 puto
1270 2146 1337 2183 huc
1363 2148 1481 2185 induci
1507 2163 1619 2197 posse,

80 2203 141 2239 sed
167 2203 301 2245 vellem,
337 2204 466 2251 inquit,
490 2215 553 2239 vos
584 2204 742 2240 assentiri
779 2205 1012 2250 Augustanae
1043 2206 1262 2244 Confessioni
1299 2211 1434 2246 omissis
1460 2212 1618 2248 omnibus

82 2265 340 2312 exceptionibus
366 2270 401 2300 et
426 2265 687 2301 conditionibus
712 2266 746 2300 in
771 2266 834 2301 hac
859 2267 1094 2302 controversia
1120 2268 1426 2307 Sacramentariafl·
1453 2273 1511 2308 Ad
1539 2273 1622 2311 haec

83 2337 158 2372 ego,
189 2337 252 2360 1105
286 2327 322 2362 111
356 2325 418 2361 hac
457 2326 694 2361 controversia
729 2325 864 2373 planius
893 2329 928 2361 et
953 2327 1141 2373 simplicius
1170 2331 1292 2365 testari
1320 2343 1389 2367 non
1414 2344 1513 2379 posse
1538 2346 1620 2371 0011-

86 2387 264 2422 fessionem
293 2391 445 2423 nostram
469 2399 547 2424 cum
586 2389 795 2434 Augustana
832 2388 1061 2424 Consessione
1094 2392 1290 2432 convenire,
1317 2403 1420 2440 quam
1445 2394 1523 2430 dum
1550 2408 1620 2432 non

85 2448 244 2495 equidem
268 2450 409 2490 uostris,
428 2449 487 2484 sed
513 2449 696 2496 ipsiusmet
722 2450 952 2496 Augustanae
973 2449 1211 2488 Confessionis
1238 2453 1349 2489 verbis
1374 2454 1559 2502 loquimur,
1583 2462 1620 2494 et

87 2509 129 2546 ab
162 2511 202 2547 iis
227 2510 287 2557 qui
319 2523 382 2546 nos
420 2509 644 2546 dissensionis
669 2511 787 2547 1105010
813 2512 911 2546 0111115
937 2511 1141 2548 insimulant
1167 2513 1251 2549 nihil
1279 2527 1422 2562 usquam
1448 2529 1621 2555 common-

87 2572 190 2608 strari
227 2571 367 2607 omnino
394 2572 502 2618 possit
537 2583 651 2619 neque
688 2571 722 2607 in
749 2572 823 2618 ipsa
849 2573 1061 2619 Augustana
1087 2575 1326 2618 Confessionc,
1347 2589 1459 2624 neque
1484 2579 1519 2614 in
1545 2580 1617 2616 eius

88 2631 271 2678 Apologia,
309 2644 418 2679 neque
455 2632 489 2667 in
523 2632 610 2667 actis
635 2631 718 2667 item
743 2632 1075 2678 Ratisponensibus,
1101 2634 1194 2681 quod
1220 2635 1318 2672 nobis
1342 2638 1469 2684 opponi
1496 2642 1618 2686 possit.

92 2693 174 2728 Non
210 2704 286 2728 esse
323 2692 357 2728 id
396 2693 533 2739 quidem
571 2692 606 2727 in
633 2692 773 2738 [manu]
802 2698 930 2735 nostra,
957 2696 996 2728 ut
1021 2694 1196 2730 hominum
1221 2695 1263 2731 de
1288 2697 1386 2733 uobis
1414 2701 1623 2745 praeiudicia

89 2754 251 2790 tollamus
290 2756 352 2789 aut
388 2754 562 2795 sistamus,
589 2755 648 2789 sed
677 2754 787 2789 Deum
814 2756 886 2789 fore
913 2755 993 2790 olim
1022 2757 1170 2792 iudicem
1199 2758 1319 2794 horum
1345 2760 1510 2796 omnium.
1558 2763 1618 2797 Me

88 2816 222 2851 interim
247 2815 291 2851 ab
327 2816 401 2850 eius
427 2814 640 2851 Celsitudine
666 2815 729 2851 1100
756 2819 883 2862 petere,
908 2827 951 2850 ne
976 2828 1038 2851 nos
1065 2817 1257 2863 praefracta
1283 2818 1355 2854 ulla
1380 2821 1485 2856 animi
1509 2821 1621 2857 nostri

86 2876 317 2912 obstinatione
330 2878 391 2911 aut
406 2876 598 2923 pervicacia
623 2877 659 2912 in
683 2876 840 2912 doctrina
865 2882 984 2912 nostra
1012 2882 1166 2924 perstare
1193 2884 1308 2924 putet,
1335 2880 1394 2915 scd
1421 2881 1511 2928 quod
1532 2895 1617 2917 una-

86 2937 166 2973 nimi
182 2941 216 2973 et
234 2938 483 2984 scripturarum
510 2942 543 2972 et
570 2936 769 2974 Catholicae
796 2937 971 2974 Ecclesiae
997 2951 1169 2976 consensu
1196 2939 1239 2975 de
1264 2941 1336 2977 eius
1365 2949 1509 2980 veritate
1535 2955 1619 2979 con-
