1830 3147
81 225 160 256 Mat.
185 226 242 257 ult.

83 1506 174 1537 Rom.
200 1507 228 1537 6.

77 2682 194 2713 Matth.
219 2682 247 2713 3.

368 93 439 129 318
871 103 983 132 conr,
1014 104 1120 132 acet.
1150 105 1264 133 LoND.

370 202 456 240 Filii
489 206 525 240 et
562 202 723 252 Spiritus
759 203 797 241 S.
837 203 1018 254 baptizari
1053 204 1169 244 iubet.
1224 207 1319 244 Cum
1347 206 1447 244 enim
1475 207 1516 243 in
1545 207 1657 244 unius
1685 209 1773 255 (22)

367 267 468 304 illius
506 266 649 304 aeterni
685 280 729 305 ac
766 267 927 306 viventis
963 268 1033 307 Dei
1071 269 1286 320 societatem
1314 271 1519 323 foedusque
1546 271 1778 323 baptizemur

365 345 429 382 per
466 332 587 370 nostri
623 332 662 370 in
699 333 796 371 filios
834 333 903 372 Dei
937 335 1143 383 gratuitam
1179 336 1433 388 adoptionem,
1469 341 1505 375 et
1532 337 1778 375 nihilominus

365 396 403 433 in
442 409 580 434 nomen
615 396 752 443 Patris,
787 397 876 435 Filii
914 402 949 436 et
987 398 1149 450 Spiritus
1187 401 1317 439 Sancti
1352 401 1536 453 baptizari
1571 415 1616 439 ex
1658 414 1776 452 aequo

365 459 550 505 iubemur,
588 481 638 489 —
685 474 774 499 sane
819 461 996 499 docemur
1040 463 1236 502 manifeste
1282 469 1317 502 et
1361 465 1518 516 proinde
1563 465 1779 503 indubitato

365 538 514 576 quoque
555 526 754 573 credimus,
780 527 820 565 in
849 541 924 565 una
949 528 1015 565 illa
1045 533 1156 579 atque
1185 530 1311 568 eadem
1340 531 1453 569 unius
1483 531 1559 569 veri
1586 536 1621 569 et
1649 532 1778 570 viven-

365 591 413 628 tis
451 590 520 628 Dei
556 591 718 630 monade
755 605 834 630 esse
870 593 1029 640 Patrem,
1058 593 1198 631 Filium
1228 599 1264 632 et
1291 595 1473 646 Spiritum
1503 597 1697 641 Sanctum,
1726 596 1780 634 sic

366 660 408 694 ut
436 656 475 694 in
502 657 614 695 unius
642 657 801 696 Divinae
830 659 1051 697 existentiae
1079 660 1239 698 monade
1265 661 1427 699 triadem
1455 662 1567 700 etiam
1587 662 1779 709 Divinam,

367 721 471 758 iuxta
516 721 657 759 Christi
701 722 857 760 Domini
903 723 1128 770 doctrinam,
1173 725 1326 762 reducto
1363 726 1403 764 in
1440 727 1518 764 eius
1558 727 1777 778 obsequium

367 786 470 824 omni
496 787 655 825 rationis
684 792 834 826 nostrae
861 788 1016 835 iudicio,
1044 790 1272 829 unanimiter
1308 804 1556 840 agnoscamus
1585 792 1779 830 credamus

367 856 401 889 et
431 853 688 892 confiteamur.

424 1110 583 1150 Perinde
618 1116 673 1151 est
710 1116 845 1159 autem,
875 1112 951 1151 sive
977 1113 1016 1151 in
1045 1127 1179 1152 nomen
1211 1114 1280 1152 Dei
1309 1115 1442 1161 Patris,
1478 1115 1566 1153 Filii
1593 1120 1628 1154 et
1658 1116 1776 1167 Spiri-

365 1180 425 1215 tus
464 1178 515 1222 S.‚
552 1177 630 1215 sive
666 1177 705 1215 in
742 1177 865 1228 ipsum
907 1177 999 1216 adeo
1031 1179 1149 1217 Deum
1179 1180 1340 1226 Patrem,
1365 1180 1503 1218 Filium
1533 1183 1568 1218 et
1597 1181 1777 1232 Spiritum

369 1242 406 1280 S.
444 1241 627 1292 baptizari
662 1242 873 1287 iubeamur,
912 1256 995 1280 cum
1034 1243 1126 1281 alibi
1155 1244 1337 1296 scriptura
1365 1248 1534 1291 testetur,
1560 1245 1659 1283 idem
1688 1259 1780 1292 esse,

369 1305 445 1343 sive
483 1305 522 1342 in
559 1319 696 1344 nomen
735 1306 877 1344 Christi
904 1307 1003 1352 Iesu,
1033 1308 1110 1346 sive
1136 1308 1176 1346 in
1206 1309 1396 1347 Christum
1425 1309 1551 1347 Iesum
1579 1310 1778 1361 ipsummet

370 1370 551 1421 baptizari
580 1370 760 1417 dicamur,
788 1375 822 1409 et
850 1376 975 1423 aperte
1004 1372 1147 1419 doceat,
1173 1373 1213 1411 in
1242 1373 1432 1412 Christum
1468 1375 1606 1421 Iesum,
1635 1375 1711 1413 sive
1738 1376 1778 1413 in

372 1447 509 1472 nomen
556 1434 658 1473 illius
703 1436 899 1486 baptizari,
943 1436 1040 1475 idem
1076 1451 1167 1484 esse,
1205 1439 1305 1489 quod
1345 1440 1526 1491 baptizari
1562 1439 1602 1477 iu
1639 1453 1779 1487 eorum,

369 1513 463 1550 quae
492 1499 632 1538 Christi
660 1505 759 1547 sunt,
786 1514 909 1539 veram
939 1515 981 1539 ac
1009 1503 1209 1541 salut-arem
1237 1504 1552 1551 communionem,
1580 1518 1712 1556 nempe
1740 1506 1780 1544 in

370 1565 670 1603 communionem
707 1566 839 1604 mortis
877 1571 911 1604 et
949 1568 1234 1605 resurrectionis
1271 1568 1401 1619 ipsius,
1439 1573 1480 1607 ut
1517 1574 1552 1607 et
1590 1570 1651 1607 hic
1679 1570 1778 1618 dum,

367 1629 471 1668 iuxta
509 1630 649 1667 Christi
684 1631 976 1679 institutionem,
1014 1633 1090 1670 sive
1125 1633 1163 1670 in
1205 1646 1341 1671 nomen
1371 1633 1439 1671 Dei
1467 1634 1602 1681 Patris,
1628 1635 1717 1673 Filii
1744 1640 1780 1674 et

370 1693 531 1744 Spiritus
570 1695 711 1740 Sancti,
748 1694 825 1733 sive
853 1695 892 1733 in
922 1696 1045 1747 ipsum
1073 1696 1192 1734 Deum
1219 1698 1379 1741 Patrem,
1408 1698 1547 1736 Filium
1587 1702 1622 1737 et
1660 1699 1778 1749 Spiri-

368 1763 448 1795 tum
487 1758 525 1796 S.
564 1758 811 1809 baptizamur,
839 1760 877 1798 in
907 1773 1037 1798 eorum
1067 1774 1136 1798 nos
1165 1761 1333 1799 omnium
1363 1762 1577 1813 adoptivam
1608 1776 1777 1800 commu-

368 1822 519 1859 nionem
548 1823 658 1860 nobis
685 1825 770 1872 (23)
799 1825 965 1873 gratuito
996 1825 1158 1863 delatam
1188 1826 1370 1877 baptizari
1399 1827 1663 1876 intelligamus,
1684 1841 1777 1879 quae

368 1890 454 1924 sunt
483 1886 552 1924 Dei
582 1887 715 1934 Patris,
742 1888 830 1926 Filii
859 1893 895 1927 et
922 1889 1085 1940 Spiritus
1114 1890 1256 1930 Sancti.

415 2211 510 2250 Inde
544 2212 661 2263 igitur
698 2217 851 2265 apparet
890 2214 969 2252 falli
998 2227 1074 2258 eos,
1103 2215 1168 2266 qui
1198 2216 1352 2253 nomina
1381 2215 1575 2261 duntaxat,
1602 2230 1679 2255 non
1707 2231 1773 2256 au-

364 2280 437 2313 tem
474 2277 692 2328 hypostases
730 2277 939 2324 distinctas,
974 2279 1013 2318 iu
1050 2279 1223 2317 monadis
1261 2279 1421 2317 Divinae
1457 2280 1575 2318 triade
1612 2285 1774 2319 statuere

364 2341 450 2379 inde
488 2346 686 2388 conantur,
722 2343 823 2394 quod
860 2344 900 2381 in
928 2357 1065 2382 nomen
1091 2344 1161 2382 Dei
1188 2344 1324 2389 Patris,
1352 2345 1439 2382 Filii
1467 2350 1502 2383 et
1531 2346 1693 2396 Spiritus
1722 2338 1776 2392 S.,

364 2418 438 2442 non
477 2410 599 2444 autem
635 2407 673 2444 in
713 2407 831 2444 Deum
867 2407 1001 2458 ipsum,
1038 2408 1102 2459 qui
1140 2408 1189 2446 sit
1223 2409 1345 2446 trinus
1383 2413 1417 2446 et
1446 2423 1553 2454 unus,
1590 2409 1773 2460 baptizari

329 2501 333 2505 .
363 2470 548 2516 iubemur,
586 2484 670 2509 cum
704 2472 859 2522 perinde
896 2473 955 2517 sit,
993 2473 1070 2510 sive
1107 2474 1147 2511 in
1185 2487 1322 2512 nomen
1360 2473 1441 2519 Dei,
1478 2475 1620 2512 sivein
1648 2474 1771 2525 ipsum

364 2534 484 2572 Deum
520 2536 680 2583 Patrem,
716 2537 854 2575 Filium
893 2542 928 2575 et
965 2539 1145 2589 Spiritum
1185 2540 1222 2578 S.
1254 2539 1496 2590 baptizemur.
1551 2539 1696 2577 Deinde
1730 2541 1770 2578 in

363 2598 443 2649 ipso
475 2599 614 2638 Christi
642 2600 797 2639 Domini
826 2602 1014 2653 baptismo
1042 2603 1238 2654 perspicue
1267 2604 1457 2649 docemur,
1484 2603 1639 2641 triadem
1668 2605 1770 2642 illam

362 2661 401 2699 in
430 2663 588 2701 monade
617 2664 766 2709 Divina,
796 2678 871 2703 non
899 2670 1046 2703 tantum
1076 2668 1295 2705 nominibus
1325 2668 1426 2712 solis,
1456 2667 1518 2705 scd
1547 2668 1626 2718 ipsa
1657 2668 1768 2707 etiam

364 2727 559 2777 hypostasi
604 2742 665 2766 seu
714 2730 957 2768 subsistentia
1004 2731 1176 2771 discerni.
1231 2733 1312 2770 Nos
1358 2732 1463 2770 iuxta
1505 2737 1692 2784 receptum
1729 2735 1767 2772 in

362 2790 530 2828 Ecclesia
558 2804 697 2830 morem
727 2807 904 2844 personas
935 2807 1122 2834 vocamus.
1171 2796 1267 2834 Nam
1298 2797 1406 2833 Pater
1434 2810 1452 2834 e
1474 2797 1586 2834 coelis
1605 2798 1770 2844 auditur,

364 2854 482 2892 Filius
527 2867 545 2891 a
593 2856 701 2893 Patre
746 2858 784 2895 in
832 2858 942 2895 terris
980 2858 1181 2903 indicatur,
1218 2860 1382 2911 Spiritus
1421 2862 1458 2899 S.
1497 2861 1534 2898 in
1575 2863 1769 2900 columbae
