1830 3147
163 142 234 178 152

171 256 300 291 nostro
339 257 385 298 et,
421 266 529 304 quem
565 253 628 291 ille
664 253 777 300 misit,
814 254 883 292 filii
912 255 969 292 sui
996 255 1183 305 unigeniti
1211 255 1351 293 Christi
1380 255 1535 293 Domini
1564 255 1705 293 consti-

172 322 332 361 tuamus,
366 331 431 369 per
466 331 561 368 quos
597 322 662 355 aut
691 318 880 356 sublevari
907 332 1060 370 quoquo
1088 320 1214 366 modo,
1242 325 1305 358 aut
1334 320 1444 358 etiam
1474 320 1509 357 vi
1535 319 1704 371 ipsorum

169 383 318 434 propria
358 383 456 420 laedi
499 396 567 420 nos
617 396 724 434 posse
771 384 1039 428 existimemus,
1085 385 1147 422 sed
1197 386 1274 423 sola
1324 385 1540 424 mediatoris
1586 385 1707 423 nostri

174 444 313 481 Christi
349 443 503 481 Domini
539 444 689 490 fiducia,
716 446 782 496 qui
809 459 878 484 nos
906 446 945 483 in
975 447 1174 484 salutarem
1203 461 1354 484 suorum
1384 447 1552 485 omnium
1583 447 1703 485 bono-

171 523 251 546 rum
291 510 592 547 communionem
620 511 778 558 vocavit,
808 511 1014 549 Dominum
1042 511 1222 550 duntaxat
1252 513 1368 550 Deum
1397 517 1567 550 nostrum
1595 513 1705 550 invo-

172 587 296 612 cemus
332 580 442 626 atque
479 575 524 612 ab
560 576 627 613 illo
665 577 745 614 solo
783 580 819 615 et
856 577 953 615 bona
991 590 1183 628 precemur
1220 578 1344 615 omnia
1381 582 1417 615 et
1452 578 1551 615 mala
1579 577 1705 615 omnia

173 641 423 691 deprecemur,
458 641 639 692 illumque
681 643 800 679 solum
836 656 916 680 esse
954 646 1173 684 statuamus,
1208 644 1271 694 qni
1308 657 1375 681 nos
1413 647 1448 681 et
1484 656 1630 681 servare
1670 646 1706 680 et

171 706 324 758 perdere
350 707 486 758 possit,
510 707 613 745 iuxta
645 708 919 759 beneplacitum
949 722 1036 745 suae
1065 709 1322 746 sanctissimae
1351 707 1569 747 voluntatis.

222 771 367 809 Deinde
403 785 489 810 vero
527 772 730 822 gratiarum
769 773 911 811 actoria
949 774 1115 823 mysterii
1154 774 1192 810 in
1229 775 1354 811 Coena
1393 788 1457 824 per
1486 774 1703 812 Ministrum

169 836 399 886 Apostolicis
446 837 731 887 Euangelicisve
772 838 896 875 verbis
935 838 1226 883 commendatio,
1262 852 1333 889 qua
1371 838 1548 876 Minister
1585 839 1705 889 ipsam

170 901 311 939 Christi
340 901 492 939 Domini
518 903 722 952 gratiarum
744 905 855 952 (225)
884 904 1068 941 actionem
1099 904 1280 948 imitatur,
1308 903 1623 955 quemadmodum
1645 903 1707 941 in·

170 965 349 1004 credibile
384 966 494 1004 nobis
523 967 689 1004 studium
717 967 889 1017 designat
919 968 1059 1021 Christi
1090 960 1309 1005 Domini'in
1337 969 1566 1006 restituenda
1596 968 1706 1005 nobis

168 1031 286 1068 salute
333 1035 462 1068 nostra
506 1031 604 1069 vitae
640 1031 751 1069 etiam
790 1046 877 1070 suae
913 1033 1029 1083 ipsius
1065 1033 1223 1077 iactura,
1260 1033 1310 1070 ita
1349 1046 1418 1070 nos
1455 1033 1565 1070 simul
1594 1033 1703 1070 etiam

167 1096 287 1133 nostri
322 1109 410 1145 erga
446 1096 636 1134 Christum
676 1096 881 1135 Dominum
917 1098 1092 1135 admonet
1122 1099 1243 1143 officii,
1280 1098 1523 1148 gratitudinis
1550 1098 1703 1149 inquam

168 1165 331 1204 nostrae.
376 1174 508 1212 nempe
553 1166 593 1199 ut
628 1161 682 1198 illi
719 1175 787 1213 pro
825 1166 929 1200 tanta
966 1176 1053 1212 erga
1093 1160 1266 1200 nos‘sua
1299 1163 1550 1214 propensione
1586 1163 1706 1200 maxi-

167 1240 247 1264 mas
283 1226 423 1276 gratias
460 1240 629 1276 agamus,
665 1232 712 1272 et,
748 1241 857 1278 quem
893 1228 932 1265 in
960 1228 1026 1265 illo
1055 1241 1141 1277 erga
1171 1241 1239 1266 nos
1266 1228 1306 1266 in
1334 1228 1565 1266 restituenda
1594 1228 1706 1266 nobis

168 1292 285 1329 salute
313 1296 441 1329 nostra
469 1292 640 1329 ardorem
669 1292 786 1330 fuisse
815 1293 964 1340 scimus,
994 1293 1149 1331 eundem
1182 1307 1270 1331 sane
1298 1307 1385 1343 erga
1406 1297 1558 1331 nostros
1577 1293 1706 1344 proxi-

169 1370 249 1394 mos
279 1370 407 1394 omnes
434 1361 585 1408 propter
612 1357 722 1395 illum
750 1358 939 1396 declarare
969 1371 1159 1397 conemur.

219 1422 332 1459 Panis
360 1426 483 1459 autem
512 1423 645 1460 fractio
674 1436 738 1474 per
769 1422 988 1461 Ministrum
1018 1427 1053 1461 et
1080 1424 1206 1475 pocnli
1234 1423 1460 1475 propinatio,
1490 1424 1706 1475 priusquam

170 1487 338 1524 convivis
375 1487 411 1524 in
453 1488 579 1524 cibum
616 1491 651 1525 et
687 1491 817 1538 potum
855 1488 1088 1532 exhibeatur,
1126 1488 1441 1539 quemadmodum
1471 1488 1581 1525 nobis
1610 1488 1709 1525 desi-

168 1555 272 1600 gnat,
309 1552 500 1589 Christum
537 1552 743 1589 Dominum
783 1553 880 1589 ultro
917 1566 959 1589 ac
995 1557 1128 1603 sponte
1166 1566 1229 1590 sua
1268 1556 1545 1590 sacrosanctum
1577 1565 1709 1604 corpus

173 1630 279 1654 suum
322 1616 567 1654 atrocissimis
608 1617 834 1655 cruciatibus
873 1623 998 1655 nostra
1031 1631 1139 1655 causa
1169 1618 1397 1669 exposuisse,
1426 1622 1618 1669 morteque
1646 1617 1709 1655 de-

176 1695 273 1718 mum
317 1682 690 1731 ignominiosissima,
727 1683 811 1719 fuso
844 1696 910 1733 pro
949 1683 1058 1720 nobis
1098 1683 1282 1732 sanguine
1310 1696 1390 1729 suo,
1419 1683 1631 1734 oppetiisse,
1658 1683 1709 1719 ita

178 1759 244 1783 nos
283 1747 392 1784 simul
430 1747 548 1785 nostri
586 1747 750 1784 vicissim
788 1761 874 1797 erga
914 1748 1104 1786 Christum
1143 1748 1252 1785 officii
1282 1748 1579 1794 connnonefacit,
1608 1752 1711 1785 utet

176 1824 244 1849 nos
273 1825 339 1862 pro
367 1812 530 1849 nominis
561 1812 617 1849 sui
647 1812 830 1849 adorandi
857 1812 1037 1862 regnique
1064 1813 1152 1850 item
1184 1813 1239 1849 sui
1267 1813 1306 1850 iu
1336 1827 1400 1850 sua
1428 1813 1595 1850 Ecclesia
1623 1825 1710 1863 pro-

177 1877 349 1914 movendi
388 1878 509 1926 gloria
547 1891 621 1915 nou
661 1890 875 1914 recusemus
911 1881 945 1915 et
982 1879 1103 1915 facero
1131 1882 1167 1915 et
1194 1879 1272 1929 pati
1301 1879 1440 1924 omnia,
1467 1891 1713 1929 quaecuuque

175 1943 213 1980 in
243 1956 312 1980 nos
339 1943 403 1980 ille
429 1956 497 1994 pro
526 1943 621 1980 bona
654 1943 845 1980 voluntate
874 1956 951 1987 sua,
979 1943 1193 1993 permittere
1221 1943 1321 1988 velit,
1352 1945 1462 1991 (226)
1488 1956 1530 1981 ac
1550 1956 1711 1989 rursum,

179 2012 217 2045 ut
256 2008 411 2045 fratrum
450 2012 665 2046 nostrorum
703 2007 868 2058 pericula
906 2008 1045 2046 nostris
1081 2007 1246 2059 ipsorum
1286 2009 1473 2059 periculis,
1510 2008 1541 2045 si
1573 2008 1625 2046 ita
1653 2021 1712 2045 res

178 2076 320 2122 poscat,
358 2071 538 2110 redimere
575 2086 621 2109 ne
650 2072 908 2118 detrectemus,
936 2073 1252 2123 quemadmodum
1282 2073 1396 2110 vitam
1424 2077 1592 2111 nostram
1629 2086 1713 2110 cru-

178 2136 365 2174 delissima
396 2137 539 2174 Christi
569 2137 722 2174 Domini
750 2138 923 2188 passione
951 2151 993 2175 ac
1021 2142 1141 2175 morte
1169 2138 1398 2189 redemptam
1427 2151 1506 2176 esse
1534 2137 1710 2182 videmus,

178 2216 291 2253 quam
318 2202 459 2253 alioqui
487 2202 598 2239 nobis
640 2202 720 2253 ipsa
747 2202 855 2252 panis
884 2203 922 2240 in
953 2204 1077 2240 Coena
1106 2202 1242 2240 fractio
1271 2208 1305 2240 et
1334 2203 1459 2253 poculi
1487 2202 1712 2253 propinatu),

181 2271 219 2305 ut
246 2271 301 2305 est
330 2268 485 2312 dictum,
513 2272 778 2318 repraesentat.

230 2333 424 2370 Postremo
452 2332 560 2384 panis
588 2332 667 2383 ipsa
697 2333 736 2370 in
766 2332 890 2369 eibum
920 2335 955 2370 et
983 2333 1109 2383 poculi
1137 2333 1176 2370 in
1203 2337 1334 2383 potum
1361 2331 1557 2374 exhibitio,
1583 2344 1711 2382 qnem-

179 2396 378 2434 admodum
419 2397 528 2435 nobis
557 2396 781 2434 ineffabilem
811 2410 964 2447 prorsus
990 2397 1130 2434 Christi
1159 2397 1312 2434 Domini
1341 2410 1426 2446 erga
1455 2408 1523 2432 nos
1551 2407 1711 2432 amorem

181 2466 216 2498 et
254 2461 490 2499 dilectionem
531 2466 728 2499 attestatur
757 2466 791 2499 et
830 2461 1011 2510 designat,
1050 2475 1180 2512 nempe
1208 2461 1321 2512 qnod,
1349 2459 1531 2511 quidquid
1561 2458 1711 2496 omnino

179 2525 217 2563 in
255 2530 443 2576 assumpta
485 2539 549 2576 per
576 2527 698 2577 ipsum
728 2540 838 2564 carne
864 2530 991 2563 nostra
1022 2540 1130 2564 suum
1158 2530 1251 2571 erat,
1278 2538 1396 2576 neque
1423 2524 1469 2562 ad
1504 2535 1713 2574 quenquam

180 2593 350 2628 nostrum
377 2590 456 2626 ullo
476 2603 629 2641 prorsus
650 2591 762 2628 modo
781 2611 832 2618 -—
852 2590 951 2641 quod
971 2590 1009 2627 in
1031 2590 1141 2628 nohis
1164 2590 1314 2641 quidem
1335 2596 1389 2626 est
1408 2609 1456 2616 —-
1472 2590 1615 2638 poterat
1632 2599 1713 2637 pcr—

177 2655 308 2700 tinere,
334 2654 371 2690 id
401 2659 523 2691 totum
553 2655 622 2691 soli
651 2655 724 2692 sibi
751 2655 943 2706 proprium
972 2668 1051 2691 esse
1080 2655 1365 2705 haudquaquam
1396 2652 1526 2699 voluit,
1555 2651 1616 2688 sed
1645 2662 1715 2688 nos

179 2719 217 2756 in
246 2718 448 2768 gratuitam
473 2718 576 2755 illius
605 2719 908 2756 communionem
938 2731 1066 2756 omnes
1095 2718 1318 2764 vocavit‚—
1336 2718 1387 2755 ita
1400 2726 1484 2753 *nos
1513 2715 1623 2753 simul
1649 2714 1716 2752 ad-

179 2786 307 2820 monet
343 2781 466 2826 etiam,
510 2786 552 2819 ut
588 2787 716 2819 nostra
754 2782 892 2825 omnia,
929 2795 1023 2833 quae
1058 2781 1197 2820 Divino
1237 2780 1416 2819 beneficio
1452 2779 1492 2817 iu
1533 2792 1601 2816 nos
1629 2783 1719 2817 sunt

180 2847 328 2890 collata,
363 2858 439 2883 non
476 2846 647 2896 equidem
679 2846 760 2889 soli,
794 2846 958 2884 exclusis
987 2846 1164 2884 omnibus
1192 2846 1288 2891 aliis,
1315 2844 1431 2882 veluti
1458 2850 1586 2882 nostra
1614 2843 1716 2894 ipso-

179 2923 261 2949 rum
297 2900 448 2963 propria
483 2910 755 2962 possideamus,
793 2910 855 2948 sed
892 2910 955 2948 illa
993 2909 1038 2947 ad
1075 2909 1369 2961 promovendam
1398 2907 1538 2946 Christi
1565 2907 1720 2945 Domini
