1830 3147
201 98 264 143 [Α.
294 98 338 134 Ι).
362 99 473 144 1553]
933 99 1000 135 (392

199 217 252 241 me
290 208 403 241 tecum
439 205 494 254 de*
514 205 566 241 his
601 206 649 242 ita
686 217 785 253 agere
819 209 989 253 oportere,
1021 208 1086 243 nisi
1112 209 1200 256 quod
1236 222 1296 257 pro
1321 212 1551 250 Ecclesiarum
1579 227 1728 254 mearum

201 264 371 311 dignitate
395 265 528 312 meique
552 266 587 301 in
613 265 678 301 illis
706 266 886 302 ministerii
915 267 980 302 fide
1005 267 1097 303 aliud
1125 269 1235 305 facere
1261 284 1329 307 non
1355 285 1505 320 possum.

248 326 302 361 Ae
337 326 458 361 vellem
486 329 520 361 te
546 326 599 362 hic
623 338 724 373 posse
750 327 875 364 intueri
901 340 960 363 cor
984 328 1203 377 animumque
1229 343 1308 378 erga
1335 337 1368 368 te
1394 347 1519 372 meum.
1558 337 1728 374 Nimirum

199 385 344 428 videres,
379 398 432 422 me
467 385 531 422 tibi
565 398 681 422 revera
715 388 825 423 multo
851 388 971 423 melius
996 388 1031 423 in
1057 389 1207 426 Domino
1231 392 1330 435 velle,
1355 394 1489 430 etiamsi
1517 399 1550 432 te
1576 398 1624 432 ita
1650 409 1726 444 pec-

198 447 267 483 cati
291 459 383 483 nunc
408 448 460 482 tui
484 446 697 489 admoneam,
724 460 825 495 quam
851 448 902 483 illi
927 448 1069 491 faciunt,
1095 450 1153 496 qui
1180 453 1239 486 tua
1263 454 1353 499 apud
1379 459 1413 489 te
1437 454 1581 492 laudant
1603 458 1730 500 onmia,

198 511 327 555 tuaque
350 508 486 543 interim
512 507 685 554 probitate
711 511 746 542 et
770 508 965 551 clementia,
989 510 1080 556 quod
1105 522 1174 545 non
1198 511 1373 555 deberent,
1389 514 1624 560 indignissime
1643 518 1726 553 abu·

196 570 332 609 tuntur,
364 578 451 614 quos
484 580 548 614 ego
583 567 710 615 alioqui
735 568 837 604 etiam
863 570 990 604 maiore
1014 569 1107 605 haud
1130 570 1233 606 dubie
1258 574 1389 617 peccati
1413 575 1464 610 tui
1490 575 1602 622 culpa,
1626 588 1725 624 quam

198 627 358 674 teipsum,
383 629 491 663 teneri
518 630 615 674 puto,
639 628 773 663 etiamsi
800 631 833 663 te
858 641 993 676 quoque
1018 629 1120 677 eulpa
1145 636 1206 666 tua
1232 632 1374 668 liberare
1399 647 1467 670 non
1494 637 1630 682 possim.

243 687 375 731 Habes,
399 688 465 724 iam
494 689 568 727 Rex
597 689 842 726 Sorenissime!
869 691 1019 737 positum
1045 691 1110 727 tibi
1135 692 1179 727 ob
1205 693 1324 729 oeulos
1349 700 1528 741 peccatum
1556 701 1666 739 tuum,
1688 698 1724 733 in

197 761 267 796 quo
305 751 334 785 si
369 749 431 785 tibi
464 749 542 796 plus
575 762 687 798 aequo
712 750 817 786 libere
843 752 951 798 egisse
977 753 1104 794 videor,
1129 755 1244 801 cogita
1269 767 1323 790 me
1346 755 1381 791 id
1406 769 1467 803 pro
1492 758 1722 794 Ecclesiarum

198 821 347 845 mearum
372 809 543 856 dignitate
568 814 603 846 et
627 810 693 846 fide
718 811 784 846 mei
810 812 989 847 ministerii
1015 814 1125 849 faeere
1152 815 1354 861 oportuisse,
1388 817 1447 852 sed
1473 822 1586 853 tamen
1612 819 1644 853 id
1673 824 1722 854 to-

196 876 271 906 tum
307 870 442 913 fecisse,
474 882 544 906 non
578 870 732 918 equidem
769 871 926 907 laedendi
958 885 1096 920 quoquo
1123 876 1223 910 modo
1248 875 1459 918 elevaudive,
1495 877 1555 913 sed
1580 878 1723 914 iuvandi

195 931 313 978 potius
349 932 400 966 tui
436 931 697 979 medicandiqne
729 933 855 969 animo,
893 938 997 980 atque
1031 936 1065 970 in
1102 935 1175 981 ipsa
1208 938 1340 982 peceati
1373 939 1649 984 exaggeratione,
1689 944 1725 974 te

193 992 330 1040 quidem
354 1004 423 1028 non
448 994 604 1028 excusari
631 994 795 1040 (graviter
818 994 906 1030 enim
933 996 1084 1041 peccasti
1111 1001 1254 1040 revera),
1280 998 1338 1033 sed
1364 1010 1480 1034 eorum
1508 1000 1721 1045 potiusinte-

193 1053 256 1090 rim
291 1053 445 1089 accusari
476 1053 735 1100 impudentiam,
766 1056 823 1101 qui
849 1055 1021 1101 probitate
1058 1056 1119 1092 hac
1156 1057 1189 1092 in
1227 1062 1323 1104 parte
1357 1059 1635 1108 benignitateque
1660 1064 1723 1097 tua

192 1115 285 1162 regia
309 1114 543 1162 indignissime
568 1118 660 1151 certe
685 1115 750 1151 sibi
775 1116 817 1151 ad
843 1129 904 1152 nos
928 1117 1142 1153 infamandos
1166 1118 1376 1154 abutendum
1403 1133 1477 1155 esse
1503 1125 1680 1166 putarunt.

240 1175 364 1222 Neque
388 1187 516 1210 novum
542 1178 605 1217 est,
630 1176 768 1222 optimis
794 1177 902 1212 oeulis
929 1178 1094 1223 pessimos
1121 1179 1325 1226 quandoque
1346 1181 1429 1215 ficos
1445 1180 1637 1217 adhaerere.
1664 1182 1720 1217 Ita

193 1235 314 1271 mirum
355 1247 424 1270 non
458 1237 512 1270 est
544 1235 645 1270 etiam
680 1235 818 1281 optimis
853 1236 1044 1283 quibusque
1079 1237 1296 1284 Principibus
1335 1239 1502 1284 pessimos
1526 1239 1720 1275 ardeliones

193 1297 312 1332 adesse
343 1296 496 1342 adeoque
529 1298 565 1330 et
598 1308 698 1342 aegre
733 1296 775 1331 ab
801 1296 868 1331 illis
896 1297 999 1332 avelli
1025 1309 1138 1344 posse.
1197 1298 1275 1339 Sed,
1300 1299 1327 1333 si
1352 1299 1385 1334 id
1413 1311 1553 1346 usquam
1581 1304 1633 1335 est
1658 1300 1718 1336 do-

192 1357 342 1398 lendum,
379 1356 523 1392 maxime
556 1368 637 1391 sane
670 1359 723 1391 est
756 1355 939 1392 dolendum
973 1357 1065 1404 apud
1091 1370 1150 1393 eos
1176 1358 1364 1405 Principes,
1388 1360 1444 1407 qui
1468 1360 1615 1396 candido
1640 1362 1720 1397 sim-

192 1418 338 1465 plicique
382 1416 484 1452 eorde
517 1416 667 1452 animum
701 1416 871 1452 adiiciunt
903 1418 947 1453 ad
981 1418 1228 1453 restituendam
1263 1431 1376 1454 veram
1410 1420 1619 1465 religionem.
1665 1421 1719 1457 Ut

188 1478 278 1514 enim
312 1478 456 1524 quisque
488 1476 542 1511 hio
576 1476 750 1511 minimum
776 1476 865 1512 fellis
891 1476 1007 1519 habet,
1048 1478 1096 1513 ita
1122 1478 1207 1513 alios
1233 1489 1370 1525 qnoque
1396 1492 1514 1515 omnes
1540 1481 1613 1515 sine
1638 1481 1719 1516 felle

189 1550 264 1573 esse
289 1539 400 1584 putat,
426 1540 471 1577 et,
496 1540 535 1571 ut
560 1536 704 1583 quisque
729 1540 784 1572 est
809 1539 972 1583 optimus,
997 1538 1046 1573 ita
1071 1539 1217 1573 maxime
1242 1542 1295 1574 est
1319 1539 1488 1576 credulus.
1521 1540 1648 1587 Fitque
1667 1542 1717 1577 ita

189 1598 336 1639 demum,
375 1600 414 1633 ut
449 1596 569 1643 optimi
600 1597 729 1643 quique
761 1596 923 1633 facillime
955 1598 1055 1633 etiam
1095 1598 1279 1644 hypocritis
1305 1599 1461 1641 credant,
1500 1603 1534 1635 et
1556 1600 1716 1636 facillime

188 1659 323 1694 demum
349 1659 451 1693 etiam
475 1670 544 1693 non
569 1658 707 1705 quidem
733 1670 798 1694 suo
823 1659 921 1701 vitio,
946 1659 1004 1695 sed
1029 1659 1164 1695 illorum
1189 1660 1277 1695 dolis
1301 1664 1405 1707 atque
1429 1661 1626 1708 imposturis
1652 1662 1717 1697 fal-

191 1721 316 1762 lantur,
349 1720 451 1766 inque
486 1718 671 1755 multorum
698 1719 740 1754 ad
766 1722 957 1755 extremum
990 1724 1209 1767 peccatorum
1236 1721 1434 1756 societatem
1461 1723 1716 1769 pertrahantur.

187 1781 329 1817 Possem
365 1780 417 1816 liic
442 1779 550 1815 multa
574 1780 742 1815 eiusmodi
768 1781 922 1827 exempla
956 1782 1067 1817 nostri
1092 1784 1158 1817 iam
1194 1783 1357 1829 temporis
1388 1784 1551 1828 proferre,
1591 1785 1620 1819 si
1644 1797 1713 1820 non

186 1841 244 1876 illa
269 1840 447 1887 deplorare
472 1840 597 1887 potius,
621 1851 721 1887 quam
748 1853 1013 1878 commemorare
1039 1843 1186 1880 mallem.
1240 1843 1308 1879 Sed
1333 1847 1539 1890 optaremus,
1566 1848 1601 1881 te
1626 1858 1711 1893 quo·

187 1913 255 1948 que
278 1901 368 1936 inter
391 1912 430 1936 ea
455 1902 625 1936 recenseri
650 1913 717 1935 non
746 1913 856 1946 posse.

231 1963 337 2002 Quod
361 1975 461 2010 porro
486 1964 551 1998 iam
577 1967 630 1998 est
654 1964 858 2010 proximum,
879 1964 991 2000 Deum
1016 1965 1181 2011 optimum
1208 1966 1388 2001 maximum
1417 1978 1487 2006 oro,
1505 1969 1544 2002 ut
1559 1968 1593 2001 te
1612 1971 1715 2013 regat·

186 2036 227 2060 ao
252 2024 421 2071 gubernet
445 2023 635 2070 liberetque
661 2027 695 2059 te
720 2037 740 2059 a
766 2024 838 2060 ficis
864 2024 942 2065 tuis,
967 2037 1010 2060 ne
1034 2026 1175 2072 gravius
1200 2026 1311 2062 adhuc
1335 2030 1395 2062 tua
1419 2027 1591 2073 probitate
1626 2027 1712 2062 abu-

187 2088 317 2120 tantur.
374 2083 543 2130 Equidem
577 2083 761 2119 dolendum
798 2087 863 2126 est,
895 2096 1021 2119 nomen
1058 2089 1155 2121 tuum
1190 2098 1250 2133 per
1289 2087 1373 2123 istos
1411 2088 1578 2130 infamari,
1620 2089 1711 2133 quod

187 2145 316 2191 alioqui
350 2145 416 2191 piis
450 2143 576 2191 ubique
608 2144 767 2180 omnibus
809 2144 1181 2182 commendatissimum
1222 2159 1298 2182 esse
1331 2152 1505 2195 oporteret
1548 2152 1582 2183 et
1619 2152 1712 2184 esset

191 2204 418 2252 proculdubio
456 2204 558 2252 longe
603 2204 988 2248 commendatissimum,
1033 2207 1099 2241 nisi
1145 2207 1203 2242 isti
1250 2208 1437 2244 obstarent,
1502 2209 1710 2255 Quanquam

189 2277 289 2301 nemo
329 2266 393 2307 est,
432 2264 492 2311 qui
527 2263 732 2311 probitatem
763 2266 944 2302 candorem
989 2266 1292 2314 integritatemque
1340 2272 1447 2308 tuam.
1485 2268 1632 2314 denique
1675 2272 1711 2304 et

186 2325 340 2361 studium
385 2327 483 2360 tuum
528 2338 608 2372 erga
641 2326 854 2372 religionem,
890 2339 958 2362 non
995 2326 1143 2362 libenter
1176 2332 1356 2374 agnoscat,
1385 2329 1451 2364 nisi
1489 2329 1578 2376 qnod
1614 2328 1709 2364 dole-

189 2398 277 2428 muS,
313 2389 347 2421 te
389 2385 603 2433 impudentia
635 2391 738 2434 atque
776 2386 956 2434 hypocrysi
996 2388 1208 2434 quorundam
1245 2392 1477 2424 transversum
1515 2389 1571 2435 agi
1607 2389 1712 2424 dona-

188 2457 255 2492 que
278 2444 346 2480 Dei
368 2444 404 2480 in
430 2447 462 2479 te
487 2456 547 2491 per
581 2444 659 2480 illos
693 2445 860 2481 infamari.
919 2446 1059 2493 Alioqui
1091 2446 1262 2493 probitate
1287 2451 1391 2493 atque
1428 2449 1626 2495 integritate
1651 2452 1712 2484 tua

188 2506 318 2541 sactum
333 2505 499 2546 videmus,
526 2508 575 2547 ut,
600 2505 665 2540 etsi
689 2505 827 2552 publica
851 2506 952 2541 unius
978 2508 1028 2542 tui
1054 2519 1197 2542 censura
1223 2507 1374 2543 damnati
1400 2520 1559 2550 essemus
1584 2514 1644 2543 tua
1672 2511 1708 2544 tu

190 2566 326 2601 interim
362 2577 442 2612 erga
473 2578 536 2601 nos
569 2566 792 2601 beneficentia
817 2566 863 2602 sis
898 2579 980 2601 usus
1014 2571 1049 2602 et
1075 2571 1169 2603 tuam
1207 2568 1424 2613 peculiariter
1449 2580 1529 2614 erga
1555 2580 1607 2602 me
1633 2580 1707 2613 pro—

190 2626 386 2671 pensionem
410 2625 595 2661 clementer
620 2625 847 2661 declaraveris
874 2627 990 2668 etiam,
1031 2627 1111 2662 dum
1139 2630 1174 2662 et
1201 2627 1324 2663 liberos
1350 2639 1442 2662 meos
1469 2628 1546 2662 istic
1572 2627 1710 2662 relictos

190 2686 225 2721 in
256 2697 370 2721 curam
403 2688 497 2721 tuam
524 2689 557 2721 te
583 2689 801 2733 recepturum
827 2699 900 2721 esse
925 2687 1007 2722 milii
1031 2688 1210 2727 indicares,
1236 2687 1403 2735 siquidem
1428 2687 1463 2722 id
1488 2687 1550 2721 tibi
1575 2688 1710 2732 permit-

188 2750 309 2786 terem,
343 2747 379 2780 et
416 2746 660 2792 supellectilem
697 2759 803 2782 meam
837 2747 916 2783 istic
948 2749 1109 2783 asservari
1135 2761 1234 2794 posse
1260 2749 1485 2795 permitteres,
1513 2747 1623 2783 donec
1647 2760 1709 2795 pro

187 2806 246 2842 illa
272 2805 437 2842 missurus
462 2819 579 2842 essem.
629 2808 727 2844 Haec
751 2820 832 2843 sane
855 2820 924 2844 non
948 2807 1035 2844 levia
1060 2809 1159 2845 nobis
1184 2812 1387 2856 argumenta
1410 2808 1549 2843 fuerunt
1586 2821 1709 2856 agnos-

192 2865 319 2901 cendae
354 2865 535 2912 probitatis
565 2879 606 2902 ae
646 2867 867 2914 benignitatis
905 2871 985 2903 tuae
1019 2868 1185 2915 nobisque
1218 2869 1281 2904 hoc
1304 2869 1404 2904 etiam
1429 2868 1590 2918 gratiora,
1618 2868 1708 2916 qnod
