1830 3147
829 102 896 138 691
1353 99 1413 147 [A.
1440 98 1483 134 D.
1511 97 1619 143 1553]

99 215 164 251 sibi
199 214 294 255 olim,
331 214 395 249 nisi
428 213 564 258 culpam
599 211 692 258 apud
724 211 821 247 illum
857 211 1057 258 depreceris
1093 210 1261 257 imputare
1285 220 1322 245 se
1348 207 1433 244 velle
1458 210 1622 244 testatur.

98 274 220 321 Neque
256 273 310 310 hic
345 272 464 308 multis
498 284 586 319 opus
621 275 676 307 cst
717 271 761 307 ad
794 270 1128 308 commemorandam
1172 269 1283 306 nostri
1315 268 1620 314 Ecclesiarumque

97 334 352 371 tractationem.

147 394 314 429 Venimus
339 392 382 428 ad
408 396 442 428 tc
470 413 511 418 —
534 395 572 428 ut
596 395 696 429 antea
720 404 857 441 quoque
881 392 1014 428 dictum
1039 393 1094 428 est
1110 411 1156 418 -—
1179 389 1337 437 dissipati
1361 388 1621 425 antichristiana

100 454 293 502 tyrannide,
317 453 468 501 profugi,
496 466 556 500 per
581 455 685 489 maria
709 466 749 490 ac
774 457 882 490 terras
906 453 1107 500 longissimo
1132 463 1172 488 ac
1197 450 1396 499 gravissimo
1413 450 1533 485 itinere
1555 449 1623 485 iac·

99 516 175 557 tati,
198 515 310 550 inedia
334 514 578 561 propemodum
603 516 765 556 confecti,
790 518 825 550 et
854 515 1007 550 venimus
1031 513 1162 549 Christi
1186 513 1323 548 nomine
1347 510 1531 558 supplices,
1554 510 1624 556 pie·

101 578 174 610 tate
198 587 239 611 ac
265 575 475 621 benignitate
500 578 571 614 tua.
594 575 780 610 multorum
805 574 1010 610 testimoniis
1035 572 1187 613 laudata,
1211 571 1342 607 confisi.
1367 571 1422 607 Ibi
1447 582 1537 612 vero,
1557 568 1624 605 etsi

101 635 253 670 nondum
285 634 453 671 admissos
489 647 599 683 neque
631 636 767 672 auditos
802 635 1019 683 iniquissimo
1053 633 1262 680 praeiudicio
1286 631 1439 668 damnari
1473 630 1626 666 audisse-

101 708 188 736 mus,
212 698 365 731 nostram
406 696 628 732 nihilominus
661 697 862 744 petitionem
894 696 936 731 de
960 694 1185 731 admittendis
1221 693 1312 740 apud
1338 695 1372 728 te
1405 693 1531 728 nostris
1557 691 1624 727 Ec-

103 757 215 793 clesiis
246 757 416 803 supplices
442 758 642 805 prosequuti
665 770 795 799 sumus,
819 760 994 805 sperantes
1018 757 1090 792 fore
1114 759 1154 791 ut
1177 755 1261 791 haec
1284 757 1382 790 tanta
1405 751 1627 800 praeiudicio-

104 827 177 852 rum
202 817 365 862 iniquitas
391 828 469 853 cum
496 821 648 865 tempore
671 819 912 864 corrigeretur.
956 816 1172 864 Expetiimus
1197 815 1260 851 abs
1285 817 1320 850 te
1344 813 1387 849 ad
1406 810 1627 859 approbanda

102 881 221 913 nostra
244 878 358 913 omnia
381 878 633 926 qualiacunque
658 882 697 915 tu
720 880 794 926 ipse
820 879 1003 920 voluisses,
1030 878 1102 913 sive
1127 877 1272 924 privata,
1299 876 1372 911 sive
1397 874 1534 922 publica
1558 872 1629 910 col·

106 936 232 984 loquia,
263 950 282 973 a
314 938 439 984 quibus
475 939 576 974 modo
607 940 764 976 convicia
813 938 1005 975 calumniae
1041 941 1077 973 et
1111 936 1319 984 praeiudicia
1350 934 1630 975 excluderentur,

106 1009 195 1045 quae
220 998 433 1035 Christianos
458 999 587 1048 alioqui
611 1000 778 1042 homines,
801 1000 928 1035 nedum
953 998 1135 1039 Doctores,
1160 997 1426 1044 haudquaquam
1453 995 1629 1032 decerent.

106 1058 376 1095 Subiiciebamus
403 1062 520 1096 nostra
545 1061 658 1096 omnia
687 1059 791 1095 Verbi
825 1059 943 1095 Divini
976 1058 1156 1094 autoritati
1188 1061 1292 1104 alque
1323 1056 1368 1092 ad
1403 1055 1491 1092 hanc
1524 1054 1629 1090 solam

106 1119 221 1155 omnia
246 1120 430 1155 examinari
456 1120 731 1166 postulabamus.
778 1119 913 1155 'restati
936 1131 1066 1160 sumus,
1089 1130 1153 1154 nos
1179 1117 1289 1152 multo
1313 1115 1537 1152 libentissime
1561 1126 1633 1151 ces-

105 1193 203 1216 suros
227 1192 302 1216 esse
325 1180 530 1216 docentibus
555 1181 696 1216 meliora
719 1193 762 1216 ex
788 1181 892 1216 verbo
918 1181 996 1223 Dei,
1019 1181 1048 1215 si
1072 1184 1191 1215 nostra
1216 1178 1295 1214 iude
1320 1177 1423 1213 etiam
1444 1174 1633 1223 approbare

107 1252 177 1276 non
202 1252 390 1286 possemus.
415 1241 595 1276 Oravimus
620 1244 806 1288 postremo,
831 1244 880 1282 ut,
905 1241 1025 1287 positis
1050 1239 1208 1275 humanis
1232 1237 1424 1279 affectibus,
1442 1238 1550 1273 solius
1569 1236 1634 1272 Dei

108 1301 218 1348 gloria
236 1302 271 1337 in
290 1301 509 1348 pacificandis
527 1301 692 1338 Ecclesiis
710 1302 956 1348 doctrinaeque
968 1300 1212 1337 controversiis
1230 1298 1388 1335 omnibus
1406 1301 1637 1345 quaereretur·

107 1363 195 1404 Nos,
219 1361 505 1409 quemadmodum
531 1362 656 1410 ubique
682 1362 847 1398 haetenus
874 1374 1003 1408 pacem,
1038 1374 1108 1397 non
1142 1359 1293 1401 dissidia,
1328 1359 1529 1396 societatem
1569 1357 1636 1393 Ec-

112 1422 295 1457 clesiarum
320 1421 544 1462 individuam,
580 1434 650 1457 non
676 1422 861 1458 schismata
878 1421 950 1457 ulla
975 1421 1274 1469 quaesivissemus,
1306 1420 1356 1456 ita
1380 1431 1450 1455 non
1475 1430 1636 1465 passuros

112 1493 188 1517 esse
208 1494 301 1517 nunc
317 1483 431 1524 etiam,
449 1486 490 1518 ut
513 1484 694 1530 quicquam
720 1484 755 1518 in
779 1483 878 1519 nobis
904 1483 1043 1518 omnino
1061 1483 1124 1518 hac
1148 1481 1280 1517 sanein
1300 1483 1396 1528 parte
1412 1478 1638 1515 desideretur.

159 1541 258 1576 Haec
283 1552 346 1576 nos
372 1553 453 1576 sane
479 1542 528 1577 ita
551 1543 682 1588 egimus
707 1542 831 1584 onmia,
856 1541 890 1577 id
915 1541 1007 1588 quod
1031 1544 1152 1576 nostra
1177 1540 1303 1587 alioqui
1327 1538 1454 1574 tradita
1478 1537 1541 1573 tibi
1577 1549 1636 1583 per

112 1613 165 1637 me
191 1601 405 1648 Supplicatio
429 1601 566 1637 abunde
590 1605 751 1639 testatur.
793 1602 861 1637 Sed
885 1602 977 1637 hisce
999 1601 1158 1637 omnibus
1180 1600 1266 1635 adeo
1288 1599 1370 1635 nihil
1396 1599 1527 1635 efficere
1543 1598 1635 1644 apud

113 1665 149 1697 te
175 1661 358 1708 potuimus,
393 1666 432 1696 ut
457 1674 500 1697 ne
524 1662 777 1709 receptaculum
814 1662 952 1709 quidem
989 1660 1081 1708 apud
1107 1664 1142 1696 te
1168 1659 1212 1695 ad
1237 1664 1426 1695 extremum
1462 1659 1498 1694 in
1522 1657 1636 1693 media

113 1723 360 1770 propemodum
400 1722 521 1770 hyeme
558 1724 683 1759 nostris
717 1723 892 1764 Ecclesiis,
926 1734 1039 1770 neque
1064 1721 1164 1758 nobis
1186 1721 1334 1757 reditum
1359 1719 1403 1756 ad
1427 1720 1504 1756 illas
1531 1719 1635 1756 etiam

114 1785 310 1832 permittere
336 1784 382 1820 sis
407 1784 580 1831 dignatus,
617 1796 728 1831 neque
749 1783 803 1819 hic
828 1795 945 1830 preces
970 1785 1109 1818 nostrae
1132 1793 1250 1818 omnes
1275 1793 1336 1828 per
1359 1780 1488 1816 Christi
1512 1791 1637 1815 nomen

113 1847 206 1893 apud
231 1850 267 1881 te
291 1846 428 1881 habitae
457 1848 591 1881 tantum
625 1845 738 1880 valere
763 1848 963 1891 potuerunt,
990 1846 1031 1879 ut
1054 1843 1110 1879 vel
1134 1844 1263 1879 nostris
1287 1841 1465 1883 Ecclesiis‚
1489 1841 1524 1877 in
1559 1841 1636 1888 qui·

114 1907 178 1942 bus
203 1906 331 1942 multos
357 1905 637 1945 valetudinarios,
665 1906 792 1940 multas
818 1906 899 1940 item
938 1905 1096 1951 gravidas
1130 1915 1171 1939 ac
1203 1904 1292 1939 sorte
1316 1903 1420 1937 etiam
1454 1913 1635 1948 puerperas

115 1968 181 2003 iam
216 1979 289 2003 esse
322 1966 530 2009 dicebamus,
566 1966 776 2002 domicilium
815 1978 874 2012 per
898 1965 1053 2013 hyemem
1077 1964 1211 2006 saltem,
1237 1963 1293 1999 vel
1318 1963 1415 1999 nobis
1441 1963 1524 2009 ipsis
1549 1962 1635 1998 redi-

115 2031 190 2064 tum
222 2028 265 2063 ad
301 2027 389 2068 illas,
415 2030 455 2062 ut
478 2027 519 2062 iis
546 2039 606 2073 pro
627 2027 694 2062 fide
717 2027 826 2062 nostri
849 2026 1029 2061 ministerii
1053 2025 1264 2066 adessemus,
1287 2024 1362 2059 ullo
1387 2023 1488 2059 modo
1513 2026 1631 2069 potue-

114 2090 220 2125 rimus
246 2089 438 2135 impetrare.
471 2087 587 2126 Quid!
612 2086 705 2134 quod
730 2099 771 2123 ex
799 2087 868 2122 tuis
902 2087 1013 2134 palam
1047 2086 1251 2127 audivimus,
1283 2084 1421 2120 facilius
1453 2089 1487 2120 te
1521 2084 1632 2121 multo

113 2150 150 2185 in
184 2161 291 2196 regno
325 2153 387 2184 tuo
419 2149 578 2195 Papistas
612 2151 648 2183 et
678 2159 899 2196 quascunque
932 2147 1069 2182 tandem
1107 2147 1191 2182 alias
1215 2150 1327 2182 sectas
1363 2146 1512 2181 laturum
1547 2158 1632 2188 esse,

114 2221 217 2255 quam
254 2212 388 2245 nostras
424 2208 608 2245 Ecclesias.
663 2208 782 2255 Atque
814 2208 849 2244 id
881 2207 1019 2255 quidem
1045 2207 1225 2244 nescimus.
1260 2209 1321 2241 tuo
1348 2218 1392 2242 ne
1417 2206 1509 2242 iusso
1534 2206 1632 2242 nobis

115 2270 163 2305 sit
187 2270 330 2309 dictum,
354 2280 417 2304 nec
441 2281 494 2309 ne,
520 2270 580 2304 sed
605 2269 648 2304 de
674 2273 706 2304 te
732 2268 830 2304 nobis
854 2272 889 2304 et
925 2267 1061 2315 quidem
1087 2280 1107 2303 a
1131 2268 1200 2302 tuis
1224 2267 1354 2302 dictum
1385 2278 1459 2302 esse
1492 2267 1631 2309 scimus,

115 2332 152 2365 et
175 2342 211 2365 re
241 2329 316 2375 ipsa
341 2328 492 2375 Papistis
518 2329 553 2364 in
578 2329 701 2376 Regno
727 2332 788 2364 tuo
811 2329 1033 2369 domicilium,
1066 2327 1212 2374 denique
1244 2331 1279 2362 et
1311 2339 1392 2373 opes
1427 2330 1462 2362 et
1487 2326 1633 2362 honores

115 2390 269 2438 permitti
291 2390 451 2431 vidimus,
487 2402 566 2425 cum
591 2402 653 2425 nos
679 2390 714 2425 in
739 2389 850 2425 media
873 2391 993 2436 hyeme
1018 2388 1294 2436 propelleremur.
1319 2387 1416 2426 Quid
1441 2399 1520 2422 vero
1545 2387 1634 2422 eius·

116 2450 210 2487 modi
233 2450 443 2492 admisimus,
473 2452 626 2489 obsecro,
651 2453 692 2485 ut
724 2461 802 2485 cum
835 2449 986 2496 Papistis
1009 2461 1050 2485 ac
1073 2448 1177 2484 sectis
1201 2447 1377 2495 quibusvis
1407 2447 1484 2483 aliis
1515 2446 1634 2483 eodem

116 2512 208 2558 apud
232 2514 280 2554 te,
315 2514 377 2547 aut
408 2511 509 2546 etiam
535 2510 695 2546 deteriori
719 2510 796 2546 loco
820 2509 1043 2546 haberemur?
1092 2508 1160 2543 Sed
1185 2508 1214 2543 si
1237 2507 1354 2543 codem
1381 2519 1443 2542 uos
1467 2518 1545 2543 curn
1568 2507 1634 2543 Pa-

118 2574 218 2620 pistis
243 2572 332 2619 apud
360 2575 406 2613 te,
441 2575 503 2608 aut
533 2572 636 2607 etiam
670 2570 837 2607 deteriore
869 2571 945 2607 loco
978 2570 1085 2617 ponis,
1113 2581 1180 2615 quo
1214 2572 1315 2614 pacto
1351 2568 1448 2604 nobis
1475 2580 1532 2615 per
1557 2572 1635 2604 tuos

119 2633 333 2669 consiliarios
359 2645 399 2668 eo
424 2634 560 2668 nominc
585 2633 780 2678 gratulatus
805 2644 852 2672 es,
884 2630 976 2679 quod
1001 2631 1044 2666 ad
1078 2631 1274 2678 Papismum
1300 2629 1425 2676 relapsi
1451 2641 1519 2665 non
1544 2641 1636 2665 essc-

119 2705 194 2728 mus
231 2694 266 2729 in
300 2692 529 2728 Ecclesiarum
571 2701 763 2728 nostrarum
794 2692 1039 2738 dissipatione?
1096 2691 1194 2726 Haec
1231 2691 1320 2726 cuim
1346 2690 1413 2726 tuis
1438 2689 1548 2725 verbis
1576 2701 1634 2736 per

118 2755 198 2789 tuos
222 2753 435 2790 consiliarios
459 2753 557 2788 nobis
594 2752 687 2789 dicta
711 2754 868 2788 suerunt.

169 2813 238 2849 Sed
271 2826 310 2849 ea
345 2826 408 2850 nos
439 2814 503 2849 tibi
536 2814 612 2860 ipsi,
645 2814 723 2850 Rex
747 2813 980 2850 serenissime!
1014 2815 1127 2848 tecum
1153 2811 1390 2859 perpendenda
1413 2811 1636 2858 relinquimus

123 2876 250 2918 potius,
285 2887 386 2920 quam
418 2877 458 2910 ut
492 2874 550 2910 illa
585 2874 740 2920 pluribus
766 2885 1022 2921 prosequamur.
1069 2873 1173 2908 Certe
1198 2885 1262 2919 ego
1286 2883 1500 2918 summopere
1525 2872 1637 2909 doleo.

1428 2935 1496 2967 411⁴·-
