1830 3147
66 700 187 732 Sectae.

71 1548 167 1581 Fides
192 1548 300 1579 Eccle-

71 1590 148 1623 siae.

74 1675 169 1708 Matt.
193 1674 242 1706 16.

77 1936 156 1968 Gen.
179 1933 231 1965 49.

347 69 421 105 300
853 74 966 104 conr.
996 74 1103 104 11661.
1133 74 1249 104 noun.

399 311 486 348 Una
530 314 586 348 est
621 309 738 359 igitur
774 314 885 360 atque
921 307 1049 346 eadem
1085 321 1228 360 semper
1263 308 1335 348 Dei
1369 307 1553 354 Ecclesia,
1589 312 1625 347 et
1660 320 1757 359 quae

349 374 540 413 Christum
594 375 760 412 futurum
807 373 931 411 adhuc
976 372 1198 424 expectabat
1243 373 1614 425 expectationemque
1658 372 1757 411 hanc

349 452 454 477 5116111
499 437 781 477 contestabatur
825 435 962 488 typicis
1001 436 1078 474 suis
1114 436 1296 487 symbolis
1331 441 1445 488 atque
1480 436 1686 483 elementis,
1719 440 1757 475 et

348 516 443 555 quae
469 503 545 541 iam
573 503 765 541 Christum
793 501 868 540 sibi
894 501 1105 540 exhibitum
1134 515 1216 540 esse
1245 515 1284 540 re
1313 515 1397 540 vera
1426 502 1554 549 credit,
1572 502 1757 553 fidemque
1788 488 1795 495 .

349 568 448 606 hanc
483 581 599 615 suam,
635 567 689 605 rei
723 566 913 605 exhibitae
948 565 1130 614 symbolis
1165 570 1277 616 atque
1307 566 1500 605 elementis
1528 570 1758 605 contestatur

349 638 386 672 et
420 637 579 671 exercet.
634 631 764 670 Quare
799 631 912 680 longe
946 631 1085 669 absunt
1118 629 1165 668 ab
1203 631 1272 668 hac
1308 644 1394 669 vera
1431 636 1540 682 atque
1576 645 1650 669 una
1689 629 1758 668 Dei

350 696 531 743 Ecclesia,
559 695 624 747 qui
652 708 803 733 suarum
832 695 1088 733 Ecclesiarum
1116 694 1242 732 nescio
1270 708 1382 746 quam
1412 694 1645 734 diversorum
1663 699 1758 733 tem-

349 773 482 811 porum
510 759 692 809 originem
720 765 831 810 atque
856 772 1095 810 progressum
1122 757 1389 808 imaginantur,
1417 758 1583 810 adeoque
1602 758 1758 796 6156111-

352 825 447 863 dunt
482 824 662 863 unitatem
697 824 793 862 hanc
828 828 1018 862 aeternam
1056 835 1161 861 verae
1188 828 1299 874 atque
1326 822 1542 861 individuae
1569 822 1759 861 Ecclesiae

353 889 506 928 Christi.

407 1018 480 1056 1116
514 1018 590 1056 ruit
625 1017 837 1067 malignans
875 1016 1082 1054 Turcarum
1118 1014 1299 1063 Ecclesia,
1321 1027 1416 1066 quae
1444 1027 1549 1053 suam
1577 1015 1760 1065 originem

353 1083 400 1122 ad
428 1083 683 1121 Mahumetem
710 1082 822 1120 refert
849 1084 922 1119 600
949 1085 1036 1132 post
1063 1080 1255 1119 Christum
1282 1080 1404 1119 annis,

405 1149 487 1186 Nec
515 1148 635 1199 Papae
664 1145 832 1184 Ecclesia
860 1145 1066 1184 consistere
1092 1150 1228 1197 potest,
1256 1144 1362 1183 cuius
1378 1144 1532 1183 initium
1549 1144 1663 1195 longe
1675 1150 1762 1196 post

355 1212 544 1251 Christum
573 1211 708 1263 coepit.

407 1277 488 1316 Nec
523 1275 869 1327 Anabaptistarum,
901 1287 996 1325 (11166
1022 1273 1070 1312 6(1
1099 1273 1171 1311 11116
1197 1277 1253 1312 651
1281 1273 1466 1312 recentior
1492 1273 1532 1312 in
1561 1287 1629 1312 sua
1655 1287 1762 1326 sepa·

354 1342 513 1381 ratione.

404 1406 487 1445 Nec
523 1404 692 1451 Davidis,
727 1417 822 1456 quae
856 1403 897 1441 in
932 1402 1131 1454 postremis
1166 1402 1398 1453 temporibus
1435 1401 1620 1452 originem
1658 1415 1764 1441 suam

355 1470 473 1522 ponit.
1692 1453 1699 1478 '

407 1535 538 1573 Fidem
582 1546 668 1572 vero
715 1532 905 1570 Ecclesiae
942 1531 1084 1569 Christi
1120 1529 1384 1581 cognoscimus
1419 1543 1464 1568 ex
1500 1530 1650 1582 publica
1686 1530 1765 1568 eius

356 1599 549 1638 doctrinae
588 1597 834 1649 professione,
876 1609 987 1647 quam
1022 1595 1155 1633 Petrus
1191 1595 1362 1632 omnium
1397 1594 1669 1645 Apostolorum
1705 1599 1763 1631 to-

354 1664 503 1715 tiusque
538 1664 630 1701 adeo
660 1661 849 1699 Ecclesiae
876 1659 1041 1706 nomine,
1068 1658 1238 1710 protulit,
1264 1671 1439 1710 quanque
1468 1658 1637 1696 Christus
1664 1658 1764 1709 ipse-

357 1733 433 1767 met
457 1730 518 1777 (7)
547 1726 736 1765 Ecclesiae
765 1738 851 1763 suae
879 1724 1004 1763 sedem
1032 1736 1112 1762 esse
1140 1723 1275 1761 diserte
1294 1727 1464 1761 testatur.
1502 1722 1659 1773 Nempe,
1677 1735 1761 1759 eum

356 1793 421 1844 qui
446 1805 493 1830 ex
522 1791 644 1829 Maria
671 1795 787 1828 matre
815 1793 1018 1840 conceptus
1040 1792 1076 1826 et
1103 1793 1213 1825 natus
1242 1791 1308 1833 est,
1327 1800 1407 1825 esse
1426 1798 1508 1824 vere
1527 1786 1667 1832 Iesum,
1682 1799 1763 1824 esse

356 1857 446 1895 item
475 1856 666 1894 Christum
691 1854 810 1900 illum,
845 1852 1038 1903 Angelicis
1065 1857 1100 1890 et
1126 1850 1359 1902 Propheticis
1387 1850 1574 1890 vaticiniis
1600 1851 1763 1903 promis-

358 1934 452 1967 sum,
489 1919 554 1971 qui
590 1922 668 1957 erat
702 1919 851 1956 futurus
887 1915 1116 1967 exspectatio
1152 1914 1333 1964 gentium,
1361 1918 1397 1952 et
1425 1927 1504 1952 6556
1533 1927 1617 1952 vere
1644 1914 1763 1951 filium

359 1984 430 2022 Dei
473 1982 561 2021 vivi.
617 1982 846 2032 Quicunque
882 1985 1010 2017 coetus
1042 1979 1159 2028 igitur
1196 1990 1286 2015 voce
1322 1976 1391 2014 Dei
1427 1977 1475 2014 ad
1513 1990 1623 2014 unam
1659 1977 1765 2014 illam

360 2053 623 2098 aeternamque
658 2045 868 2083 Ecclesiam
901 2057 966 2095 per
1004 2042 1214 2080 doctrinam
1250 2040 1536 2092 Apostolorum,
1568 2041 1609 2078 111
1636 2040 1764 2078 eodem

359 2114 440 2165 ipso
478 2112 628 2151 Christo
666 2111 831 2148 Domino
869 2113 1058 2151 evocatus,
1092 2107 1132 2145 id
1168 2118 1254 2145 vero
1292 2105 1410 2144 credit
1436 2109 1472 2144 et
1498 2106 1706 2156 profitetur,
1731 2105 1765 2143 is

361 2182 486 2216 coetus
521 2175 771 2228 proculdubio
807 2177 864 2212 est
899 2186 972 2211 una
1008 2185 1093 2209 cum
1130 2183 1197 2208 suo
1234 2170 1376 2208 semine
1411 2169 1581 2207 Ecclesia
1616 2168 1700 2214 Dei,
1726 2173 1762 2207 et

361 2254 490 2279 omnes
516 2240 556 2278 in
584 2252 627 2278 eo
656 2244 763 2277 coetu
791 2240 879 2275 sunt
905 2236 1074 2275 membra
1099 2234 1291 2273 Ecclesiae
1317 2232 1399 2271 Dei.
1437 2234 1495 2270 Ac
1521 2245 1669 2271 rursum
1686 2232 1767 2276 ubi,

360 2306 440 2345 eius
484 2305 677 2343 doctrinae
711 2316 831 2354 neque
866 2301 972 2348 fides,
1005 2313 1125 2352 neque
1160 2298 1342 2352 professio
1382 2310 1467 2335 vero
1502 2297 1674 2342 habetur,
1708 2296 1777 2334 ibi·

363 2385 452 2410 sane
485 2370 589 2409 nulla
624 2373 679 2407 est
716 2368 786 2406 Dei
820 2365 1002 2411 Ecclesia,
1036 2373 1228 2415 utcunque
1262 2362 1412 2402 tandem
1439 2362 1637 2400 ementitus
1664 2360 1765 2399 illius

307 2487 311 2490 .
363 2436 496 2476 titulus
523 2435 571 2474 ab
599 2434 775 2472 omnibus
801 2432 974 2471 iactetur.

419 2822 520 2863 Quia
549 2833 634 2861 vero
663 2834 739 2859 non
769 2820 915 2865 desunt,
940 2815 1005 2867 qui
1032 2816 1129 2854 hanc
1155 2815 1274 2866 ipsam
1301 2811 1594 2852 Ecclesiasticae
1623 2811 1769 2850 confes-
