1830 3147
1650 134 1722 171 151

173 256 277 295 illius
315 255 542 294 destinatum
579 251 871 304 apprchendere,
903 253 969 287 aut
1007 250 1117 287 etiam
1153 246 1384 299 hypocritica
1419 245 1515 283 illud
1552 244 1624 283 fide
1661 259 1712 290 se,

175 326 215 361 ut
251 322 357 360 fallat
393 319 617 363 Ecclesiam,
653 315 1078 369 apprehen-(222)disse
1116 316 1247 363 fingat,
1274 315 1306 351 is
1336 326 1425 351 sane
1454 312 1602 362 culpam
1630 324 1712 348 om-

175 401 260 426 nem
288 399 375 425 suae
402 384 742 429 condemnationis,
772 396 850 420 non
879 385 977 419 certe
1004 380 1044 418 in
1073 380 1298 428 denegatum
1325 390 1475 429 quoquo
1502 376 1615 413 modo
1646 376 1712 412 do-

173 468 264 493 num
297 452 405 496 illud,
441 451 506 489 sed
534 450 571 488 in
602 463 710 487 suum
739 449 856 500 ipsius
885 451 1142 497 contemptum
1170 459 1350 496 suamque
1378 443 1617 496 hypocrisim,
1645 456 1712 480 suo

173 519 291 571 ipsius
319 517 514 556 convietus
542 515 696 561 iudicio,
723 515 861 552 referre
891 517 1059 563 cogatur.

224 582 465 634 Participatio
496 594 581 619 vero
608 581 716 632 panis
745 584 781 618 et
808 580 934 631 poculi
962 579 1001 616 in
1031 580 1178 615 Cocnae
1206 590 1287 620 usu,
1314 576 1386 613 hoc
1413 580 1479 622 est,
1506 574 1614 627 panis
1629 587 1714 612 esus

170 653 207 686 et
241 646 368 699 poculi
404 645 506 697 potio
544 646 636 697 ipsa,
674 649 729 683 est
767 644 881 682 veluti
920 642 1108 694 colophon
1145 641 1300 692 quidam
1325 640 1443 678 totius
1470 645 1645 678 externae
1672 639 1712 676 in

173 714 298 751 Coena
343 711 543 749 Dominica
581 710 754 755 actionis,
793 709 1038 759 designatque
1060 707 1187 745 ‘nobis
1225 719 1291 744 suo
1329 706 1515 755 symbolo,
1550 709 1627 743 tam
1663 704 1710 741 ad

172 790 241 816 nos
276 776 463 828 pertinere
500 778 743 826 nostramque
783 774 875 812 adeo
904 786 1057 825 prorsus
1086 772 1162 809 iam
1189 785 1269 809 esse
1297 770 1476 808 donatam
1505 770 1614 807 nobis
1643 782 1711 806 no-

171 847 288 881 stram
316 855 398 879 cum
429 841 580 878 Christo
611 841 776 878 Domino
807 840 845 877 in
875 852 1031 890 corpore
1059 842 1094 876 et
1123 830 1307 886 sanguine
1334 836 1452 887 ipsius
1481 835 1715 873 communio-

172 921 267 954 nem,
305 920 415 958 quam
445 919 529 944 vere
557 910 727 943 nostram
754 918 834 943 esse
862 904 1006 955 alioqui
1035 903 1127 941 certi
1155 915 1297 947 sumus,
1324 901 1425 952 quod
1454 914 1518 938 ore
1543 901 1616 952 ipsi
1645 914 1712 938 no-

170 979 248 1010 stro
286 971 429 1009 edimus
466 984 510 1008 ac
545 970 710 1007 bibimus
747 969 1087 1019 transmissumque
1123 967 1199 1004 iam
1236 967 1335 1004 intra
1365 980 1433 1004 nos
1462 965 1615 1004 omnino
1645 965 1711 1002 ha-

172 1037 323 1083 bemus;
361 1041 513 1086 tamque
550 1048 618 1072 nos
656 1048 739 1072 vere
776 1047 819 1071 ac
857 1038 957 1071 certo
994 1033 1098 1084 pasci
1140 1032 1186 1070 ad
1215 1033 1330 1070 vitam
1357 1041 1545 1070 aeternam
1576 1032 1714 1068 donata

171 1101 282 1139 nobis
318 1100 484 1149 gratuito
523 1105 652 1137 nostra
691 1112 773 1136 eum
814 1098 966 1136 Christo
1009 1097 1171 1135 Domino
1209 1097 1249 1134 in
1286 1110 1441 1147 corpore
1469 1100 1504 1134 et
1533 1096 1716 1146 sanguine

170 1168 288 1219 ipsius
327 1166 608 1210 communione,
643 1165 829 1216 siquidem
858 1165 959 1202 illam
991 1177 1054 1201 ore
1081 1162 1169 1200 fidei
1199 1167 1350 1200 nostrae
1377 1161 1716 1213 apprehendamus,

171 1247 281 1284 quam
311 1238 411 1270 certo
441 1245 510 1270 nos
538 1231 577 1269 in
609 1231 683 1268 vita
715 1231 783 1268 hac
810 1230 917 1281 panis
946 1243 991 1267 ac
1020 1228 1098 1266 vini
1127 1241 1197 1266 usu
1224 1229 1328 1279 pasci
1357 1232 1468 1278 atque
1495 1227 1544 1265 ali
1572 1240 1614 1265 ex
1646 1226 1714 1263 Di-

170 1299 256 1336 vina
283 1297 521 1336 ordinatione
549 1296 745 1334 sentimus.

223 1363 328 1401 Haec
363 1376 451 1400 sane
488 1362 613 1399 omnia
652 1354 763 1399 nobis
801 1360 1076 1398 adumbrantur
1113 1363 1268 1396 externo
1308 1359 1455 1396 Coenae
1493 1357 1713 1395 Dominicae

171 1430 280 1478 signo
317 1429 423 1466 iuxta
463 1427 631 1476 singulas
668 1430 793 1477 partes
821 1425 923 1463 illius
952 1424 997 1461 ad
1027 1424 1114 1462 fidei
1143 1428 1293 1461 nostrae
1322 1423 1711 1471 confir-(mmmmm-

171 1507 255 1532 nem
291 1493 331 1530 in
369 1496 495 1529 nostra
534 1505 617 1529 cum
656 1491 805 1528 Christo
844 1490 1009 1527 Domino
1048 1489 1325 1532 communione,
1360 1501 1434 1539 qua
1463 1488 1541 1525 sola
1570 1487 1709 1538 alioqui

171 1559 225 1602 fit,
262 1562 301 1595 ut
337 1570 447 1594 omne
480 1556 655 1594 meritum
691 1568 914 1605 omnemque
953 1554 1115 1602 gloriam
1157 1566 1200 1590 ac
1238 1553 1462 1602 dignitatem
1500 1552 1631 1590 mortis
1668 1565 1711 1589 ac

170 1622 456 1661 resurrectionis
494 1622 636 1659 Christi
677 1621 786 1658 nobis
816 1633 899 1657 cum
927 1619 992 1656 illo
1024 1632 1258 1656 communem
1287 1618 1405 1669 ipsius
1437 1617 1615 1655 beneficio
1646 1617 1710 1655 ha,-

174 1688 338 1725 beamus.

221 1751 551 1791 Quemadmodum
588 1754 713 1788 autem
750 1749 924 1798 diligenti
958 1749 1093 1786 horum
1131 1747 1300 1785 omnium
1336 1746 1585 1798 reputatione,
1613 1760 1708 1797 quae

169 1818 281 1857 nobis
325 1822 479 1856 externo
526 1817 672 1853 Coenae
718 1814 938 1852 Dominicae
985 1814 1093 1864 signo
1138 1812 1425 1856 adumbrantur,
1469 1812 1711 1849 obfirmamur

168 1883 418 1937 proculdubio
456 1882 598 1933 Spiritu
637 1887 766 1919 sancto
805 1890 932 1918 autore
958 1880 999 1918 in
1028 1884 1127 1917 certa
1155 1883 1191 1917 et
1219 1878 1430 1916 indubitata
1459 1878 1533 1916 fide
1559 1882 1710 1916 nostrae

170 1963 254 1988 cum
293 1949 443 1987 Christo
471 1948 634 1985 Domino
664 1945 942 1984 communionis
970 1946 1026 1993 (id
1056 1945 1158 1996 quod
1187 1944 1297 1986 nobis
1323 1943 1398 1980 iam
1426 1943 1620 1994 perspicue
1648 1957 1707 1980 sa-

165 2015 217 2054 tis
251 2014 467 2065 exposuisse
505 2013 704 2060 videmur),
731 2033 781 2039 —
808 2011 859 2048 ita
888 2011 1055 2048 eiusdem
1082 2010 1198 2061 ipsius
1226 2009 1339 2047 etiam
1368 2008 1467 2057 signi
1493 2009 1532 2045 in
1562 2008 1709 2046 Coenae

173 2079 449 2129 significatione
493 2078 598 2115 iuxta
642 2077 792 2114 easdem
837 2077 936 2127 ipsas
980 2076 1082 2113 illius
1128 2079 1254 2126 partes
1291 2074 1413 2112 nostri
1449 2073 1560 2110 simul
1597 2073 1707 2110 officii

177 2148 399 2194 nostraeque
435 2142 679 2191 gratitudinis
716 2155 803 2191 erga
841 2141 1033 2178 Christum
1071 2140 1275 2177 Dominum
1314 2152 1380 2189 pro
1419 2138 1535 2176 tantis
1571 2138 1609 2175 in
1640 2151 1709 2175 nos

175 2208 273 2246 illius
310 2207 501 2246 beneficiis
530 2206 788 2244 admonemur.
845 2205 1035 2242 Nimirum
1074 2204 1186 2241 corda
1216 2208 1344 2241 nostra
1373 2203 1411 2239 in
1440 2202 1512 2240 fide
1541 2216 1708 2240 commu-

178 2272 299 2311 nionis
351 2277 500 2309 nostrae
547 2283 632 2307 cum
669 2270 818 2307 Christo
857 2270 1056 2306 obfirmata
1100 2268 1210 2305 simul
1246 2267 1358 2305 etiam
1396 2267 1606 2304 excitantur
1643 2281 1707 2318 per

177 2338 355 2389 Spiritum
385 2341 569 2380 sanctum,
595 2348 661 2385 pro
692 2335 837 2372 ratione
864 2334 1183 2371 incrementorum
1212 2332 1310 2379 fidei,
1338 2332 1382 2369 ad
1413 2331 1615 2381 gratiarum
1645 2346 1707 2370 ac-

173 2402 315 2441 tionem
360 2406 396 2439 et
433 2399 656 2438 declaranda
694 2398 937 2448 gratitudinis
974 2402 1124 2436 nostrae
1161 2397 1280 2435 officia
1317 2409 1383 2448 pro
1423 2401 1551 2434 nostra
1587 2398 1708 2448 quali-

179 2481 323 2518 cunque
351 2466 448 2504 virili
476 2470 512 2503 et
540 2465 730 2502 facultate.

158 2580 162 2586 f
229 2532 393 2570 Primum
421 2543 508 2579 ergo
537 2529 644 2580 panis
672 2529 751 2580 ipsa
779 2535 815 2566 et
842 2528 967 2580 poculi
996 2528 1143 2565 Coenae
1171 2527 1208 2564 in
1238 2539 1371 2564 manus
1394 2526 1561 2564 Ministri
1580 2540 1707 2578 sump-

177 2595 245 2640 tio,
281 2593 732 2646 quemad-(2242)modum
761 2593 871 2630 nobis
901 2593 1075 2642 designat
1102 2591 1288 2629 neminem
1317 2591 1434 2629 alium
1461 2606 1553 2637 esse,
1588 2607 1609 2629 a
1637 2606 1710 2643 quo

176 2666 241 2697 aut
277 2673 341 2710 per
377 2672 487 2710 quem
517 2659 674 2695 salutem
702 2663 870 2695 nostram
899 2670 1047 2695 omnem
1075 2662 1111 2694 et
1138 2662 1261 2707 petere
1289 2661 1324 2694 et
1353 2663 1547 2707 expectare
1575 2657 1710 2695 debea-

176 2738 271 2770 mus,
298 2724 370 2762 nisi
398 2709 589 2761 Christum
619 2723 753 2766 solum,
780 2723 932 2760 unicum
963 2721 1102 2772 alioqui
1130 2726 1242 2772 atque
1269 2726 1460 2759 aeternum
1488 2721 1708 2759 Pontificem

177 2792 349 2826 nostrum
385 2787 567 2831 omnium,
611 2787 663 2824 ita
700 2800 770 2824 nos
808 2787 917 2824 simul
956 2786 1067 2823 etiam
1105 2786 1277 2834 symbolo
1316 2799 1383 2822 suo
1422 2787 1709 2824 commonefacit

177 2856 327 2890 nostrae
363 2865 450 2900 erga
491 2852 607 2889 Deum
644 2851 684 2888 in
719 2851 840 2901 primo
870 2865 937 2888 suo
966 2850 1101 2901 prioris
1129 2850 1279 2888 tabulae
1306 2855 1503 2901 praecepto
1533 2851 1711 2888 obedien—

177 2916 263 2955 tiae.
290 2916 449 2968 Nempe,
476 2923 515 2954 ut
543 2930 590 2955 ne
618 2916 728 2955 nobis
757 2916 856 2954 Deos
884 2929 1004 2955 novos
1032 2915 1130 2955 ullos
1160 2915 1198 2954 in
1227 2919 1432 2967 conspectu
1461 2914 1615 2953 Domini
1643 2915 1712 2954 Dei
