1830 3147
60 1364 162 1396 Exod.
186 1365 236 1395 15.

61 1407 157 1438 Deut.
180 1405 231 1443 27,
253 1406 303 1438 28.

63 1449 142 1480 Exo'.
166 1448 215 1484 13,
242 1448 292 1479 14.

60 1490 145 1522 Psal.
169 1489 221 1522 78.
245 1490 295 1521 80.

62 1533 79 1564 1
105 1532 179 1563 Cor.
203 1533 231 1564 5.

60 1575 134 1606 Esa.
156 1575 206 1606 25.

62 1616 166 1648 Collo.
190 1617 219 1648 2.

62 1659 154 1690 Rom.
178 1660 206 1696 4,
231 1659 261 1690 9.

64 1701 166 1732 Galla.
190 1701 218 1738 3,
241 1702 270 1732 4.

62 2271 156 2302 Dent.
180 2271 209 2302 6.

64 2314 167 2344 losue.
192 2314 220 2344 3.

65 2355 81 2385 1
107 2355 180 2386 Cor.
204 2355 232 2386 S.

63 2397 136 2427 Esa.
158 2397 208 2434 43,
232 2399 281 2428 44.

65 2438 146 2471 Iere.
169 2439 199 2470 3.

347 82 421 119 362
820 88 993 117 cyrnon.
1024 89 1131 116 EocL.
1161 88 1278 118 LoND.

397 192 458 231 Ne
485 192 535 230 sis
563 190 756 230 moechus.

397 258 457 296 Ne
483 255 632 295 fureris.

398 322 458 361 Ne
484 320 696 360 testificaris
722 320 819 359 falso
849 324 980 358 contra
1006 321 1220 372 proximum
1248 325 1369 361 tuum.

398 451 458 489 Ne
486 450 729 502 concupiscas
758 449 912 487 domum
937 449 1105 501 proximi
1130 450 1199 497 tui,
1225 463 1272 489 ne
1299 450 1542 503 concupiscas
1568 453 1646 500 (7²)
1665 465 1754 503 pro-

345 515 438 554 ximi
472 515 528 553 tui
563 527 731 561 uxorem,
767 526 835 552 nec
863 527 1010 552 servum
1046 514 1139 562 eius,
1170 527 1241 553 nec
1267 515 1442 553 ancillam
1469 515 1562 561 eius,
1588 528 1657 554 nec
1686 516 1754 553 bo-

346 593 427 620 vem
456 580 548 627 eius,
574 592 643 619 nec
669 579 816 618 asinum
844 579 937 626 eius,
964 578 1062 617 nihil
1089 579 1261 631 denique,
1288 580 1389 631 quod
1416 580 1578 632 proximi
1604 580 1661 619 tui
1690 580 1754 620 sit.

934 707 1073 746 Interr.
1103 709 1164 746 18.

398 773 503 813 Quid
531 772 576 812 de
602 772 724 825 primo
752 775 949 824 praecepto
977 773 1184 810 observas?

998 838 1111 889 Resp.

396 904 490 942 Esse
528 903 600 942 hoc
637 907 747 955 caput
782 916 825 941 ac
860 902 1148 941 fundamentum
1184 902 1355 941 omnium
1390 903 1619 954 reliquorum
1648 917 1754 955 prae-

345 973 536 1020 ceptorum
563 969 755 1020 totiusque
782 968 990 1018 religionis,
1016 980 1089 1018 quo
1119 967 1209 1005 duas
1238 967 1349 1005 nobis
1377 967 1561 1007 Dominus
1588 968 1755 1018 iniungit

344 1047 416 1080 res,
443 1047 537 1086 quas
563 1047 717 1085 prorsus
746 1033 944 1083 diligenter
972 1032 1171 1071 observare
1199 1045 1267 1070 nos
1296 1036 1455 1084 oportet.

929 1162 1067 1201 Interr.
1097 1164 1158 1201 19.

398 1227 503 1267 Quid
529 1227 655 1280 priore
681 1227 766 1265 loco
795 1226 1072 1265 observandum
1099 1239 1180 1265 esse
1207 1225 1326 1264 dieis?

987 1292 1100 1342 Resp.

396 1357 607 1396 Fatendum
641 1356 754 1395 nobis
790 1356 912 1394 Deum
939 1369 1019 1394 esse
1047 1359 1217 1394 nostrum
1244 1355 1378 1401 Deum,
1404 1369 1483 1394 esse
1517 1368 1666 1407 quoque
1693 1360 1753 1394 ta-

345 1422 419 1460 lem
446 1419 527 1470 (7¹³)
562 1421 682 1459 Deum
719 1424 832 1472 atque
860 1420 1078 1466 Dominum,
1106 1420 1171 1471 qui
1197 1424 1329 1471 potens
1357 1433 1400 1457 ac
1427 1420 1558 1458 volens
1586 1424 1654 1464 est,
1682 1434 1753 1459 nos

349 1486 399 1535 (si
445 1486 558 1524 modo
595 1485 851 1523 auscultamus
885 1485 977 1536 ipsi)
1015 1484 1061 1522 ab
1099 1484 1201 1522 omni
1237 1485 1336 1522 malo
1373 1484 1483 1535 plane
1519 1484 1679 1523 liberare
1718 1490 1755 1524 et

346 1550 450 1589 omni
478 1550 578 1587 bono
607 1550 801 1600 opulenter
829 1562 898 1587 nos
927 1548 1047 1593 beare,
1075 1548 1389 1599 quemadmodum
1416 1548 1455 1586 id
1485 1549 1597 1587 semel
1625 1553 1753 1592 osten-

347 1615 402 1652 dit
435 1614 476 1652 in
502 1614 728 1651 liberatione
753 1612 917 1651 filiorum
953 1613 1131 1650 Israhelis
1159 1626 1178 1650 e
1207 1613 1380 1650 manibus
1408 1613 1628 1658 Pharaonis,
1657 1628 1753 1664 quae

345 1679 458 1717 etiam
501 1682 613 1729 typus
658 1678 729 1716 fuit
773 1678 1023 1724 liberationis,
1059 1691 1172 1728 quam
1211 1677 1380 1715 Christus
1418 1677 1603 1715 Dominus
1639 1679 1750 1716 nobis

344 1743 520 1781 omnibus
549 1742 778 1794 comparavit
804 1756 825 1780 a
854 1743 889 1780 vi
917 1755 960 1780 ac
986 1742 1154 1793 potentia
1182 1742 1348 1781 Diaboli.
1378 1743 1515 1780 Sumus
1542 1743 1640 1781 enim
1668 1756 1750 1780 om·

345 1821 410 1846 nes
446 1807 514 1845 filii
551 1807 728 1845 Abrahae
754 1813 790 1845 et
816 1807 1009 1853 Israhelis,
1036 1810 1225 1858 quotquot
1252 1806 1291 1844 in
1323 1806 1516 1845 Christum
1547 1806 1751 1845 Dominum

347 1873 544 1911 credimus.

928 2001 1067 2040 Interr.
1095 2003 1156 2039 20.

396 2065 501 2104 Quid
537 2068 662 2103 autem
697 2065 855 2103 alterum
881 2064 978 2102 illud
1005 2068 1072 2109 est,
1100 2064 1202 2115 quod
1228 2066 1447 2116 praesertim
1475 2065 1513 2103 in
1543 2065 1613 2103 hoc
1640 2079 1749 2117 prac-

347 2134 452 2182 cepto
482 2130 686 2168 observare
714 2143 783 2168 nos
809 2129 916 2167 iubet
943 2130 1071 2167 Deus?

932 2194 1045 2245 Resp.
1075 2196 1153 2242 (8³)

397 2260 527 2298 Quum
562 2258 680 2309 igitur
717 2259 817 2297 Deus
855 2259 1041 2297 Dominus
1077 2262 1153 2296 tam
1180 2259 1420 2310 omnipotens
1447 2262 1598 2309 tamque
1627 2258 1749 2297 bonus

345 2324 445 2362 Deus
483 2327 549 2369 est,
586 2327 626 2361 ut
662 2328 851 2374 praeterea
888 2323 1179 2369 meminerimus,
1220 2336 1304 2360 eum
1342 2323 1462 2361 solum
1499 2322 1618 2360 Deum
1656 2336 1747 2360 esse.

345 2388 542 2438 Nusquam
570 2387 668 2424 enim
694 2387 790 2424 alius
818 2386 1031 2424 istiusmodi
1059 2386 1159 2424 Dens
1187 2391 1255 2430 est,
1282 2391 1390 2424 autor
1416 2392 1451 2424 et
1480 2387 1642 2424 salvator
1665 2399 1747 2423 cor·

345 2452 446 2502 poris
475 2456 586 2502 atque
613 2451 772 2493 animae,
800 2465 820 2489 a
848 2464 922 2502 quo
949 2451 1070 2488 ullum
1098 2451 1240 2488 bonum
1269 2451 1314 2488 ad
1344 2464 1414 2488 nos
1441 2450 1642 2501 pervenire,
1671 2450 1748 2487 sive

345 2528 410 2565 per
436 2529 543 2566 quem
571 2516 690 2553 ullum
719 2516 859 2552 malum
886 2529 906 2553 a
935 2515 1044 2553 nobis
1072 2515 1190 2553 arceri
1216 2515 1346 2566 possit.
1386 2515 1533 2552 Idcirco
1563 2514 1624 2550 hic
1651 2527 1746 2564 quo-

346 2592 416 2629 qne
452 2583 550 2617 vetat
585 2593 656 2618 nos
688 2580 808 2618 ullum
841 2579 969 2623 alium,
1005 2579 1144 2617 nedum
1180 2583 1377 2618 extraneos
1415 2579 1527 2624 Deos,
1555 2591 1680 2615 coram
1709 2592 1747 2617 sc

346 2647 410 2681 aut
436 2657 548 2693 penes
575 2658 613 2682 se
641 2643 787 2682 habere.

927 2708 1064 2745 Interr.
1097 2711 1158 2746 21.

398 2771 598 2814 Quomodo
627 2772 787 2824 primum
815 2772 906 2810 illud
935 2776 1171 2825 praeceptum
1199 2772 1442 2810 observatur?
