1830 3147
1544 123 1612 159 105

79 236 196 288 ipsius
223 239 346 275 textus
375 235 663 287 explicationem
691 236 835 282 adiicit,
862 237 892 274 si
920 236 1012 288 quid
1039 250 1060 274 a
1086 235 1212 288 priore
1239 235 1421 272 omissum
1448 245 1528 271 esse
1543 246 1615 284 pu-

81 306 150 341 tat.
205 303 263 340 Ac
289 315 435 340 rursum
464 302 762 351 secun-(115)do
791 302 957 340 succedit
997 301 1128 340 tertius
1156 305 1192 340 et
1217 301 1330 339 tertio
1359 302 1526 351 quartus,
1552 311 1618 336 us-

80 379 152 417 que
189 367 275 405 dum
313 379 433 418 neque
475 366 574 405 inter
619 367 723 405 verbi
761 366 957 405 Ministros
987 379 1106 417 neque
1132 366 1230 404 inter
1259 365 1433 404 Seniores
1460 367 1524 402 aut
1552 363 1617 401 de·

82 431 250 481 signatos
285 432 370 470 illos
407 445 426 469 e
463 436 571 470 coetu
606 425 798 470 Ecclesiae
833 432 927 470 alios
963 431 1160 483 quisquam
1198 431 1259 474 sit,
1294 430 1359 482 qui
1393 429 1536 480 aliquid
1576 428 1617 466 in

81 497 244 536 medium
279 498 445 549 proferre
481 498 580 537 velit.
634 499 882 550 Posteaquam
918 510 1004 535 vero
1041 510 1149 535 nemo
1188 496 1348 547 amplius
1377 494 1489 533 habet
1515 493 1618 545 quod

80 564 257 615 proferat,
303 562 489 610 Minister,
524 563 590 615 qui
624 564 816 616 publicam
852 563 1073 601 concionem
1110 562 1255 608 habuit,
1289 562 1392 600 iubet
1429 559 1620 598 decantari

82 629 279 686 Psalmum'
317 629 492 681 aliquem,
536 629 847 681 quemadmodum
891 629 932 667 in
977 627 1232 680 superioribus
1278 627 1421 664 dictum
1465 629 1535 671 est,
1584 628 1619 663 et

80 691 232 730 tandem
262 704 345 729 cum
373 691 634 730 benedictione
663 692 826 730 dimittet
852 691 1062 730 Ecclesiam
1089 691 1131 729 in
1157 703 1260 742 pace.

133 758 258 816 Atque
293 756 339 795 de
374 756 525 809 publico
564 757 666 795 verbi
702 757 741 794 in
768 756 977 808 peregrinis
1005 754 1186 794 Ecclesiis
1222 753 1429 792 ministerio
1458 756 1618 791 tantum.

83 822 283 861 Habentur
318 827 441 861 autem
477 823 517 860 in
554 822 691 873 templo
731 821 1003 859 Germanorum
1024 823 1229 872 ,praeterea
1268 818 1400 856 diebus
1427 817 1557 855 Lunae
1585 820 1621 855 et

85 887 264 926 Mercurii
298 888 437 926 latinae
464 886 732 938 praelectiones
759 890 796 924 et
836 886 974 924 latinae
1000 886 1089 923 item
1116 883 1339 935 Prophetiac
1366 895 1431 921 seu
1458 881 1621 933 scriptu-

83 966 208 991 rarum
237 953 469 999 collationes,
495 953 535 990 in
563 952 701 1003 quibus
729 951 900 989 doctrina
927 951 1007 1002 ipsa
1035 949 1328 1002 praelectionum
1356 947 1542 985 excutitur
1565 949 1623 985 at·

84 1032 156 1070 que
183 1018 422 1070 approbatur,
448 1017 602 1069 perinde
629 1021 740 1068 atque
766 1016 807 1054 in
834 1016 1035 1067 Prophetia
1064 1014 1301 1053 Germanica.
1342 1013 1415 1051 Sed
1443 1012 1621 1064 quoniam

85 1083 303 1121 huiusmodi
336 1082 606 1134 praelectiones
641 1095 716 1119 non
755 1081 905 1133 proprie
938 1081 1129 1132 pertinent
1156 1079 1203 1117 ad
1230 1077 1519 1126 Peregrinorum
1552 1076 1626 1115 Ec-

86 1149 230 1194 clesias,
267 1161 386 1199 neque
414 1154 554 1186 certum
583 1153 649 1193 est,
677 1158 740 1185 eas
768 1147 820 1184 ita
849 1159 993 1197 semper
1021 1145 1211 1183 observari
1239 1157 1361 1196 posse.
1388 1156 1462 1181 non
1493 1141 1625 1180 existi-

85 1213 269 1252 mavimus
295 1213 380 1251 illas
407 1212 444 1250 in
474 1216 579 1264 parte
603 1212 724 1263 aliqua
753 1211 895 1262 publici
923 1210 1027 1249 verbi
1054 1209 1254 1247 ministerii
1280 1208 1320 1246 in
1347 1207 1528 1245 Ecclesiis
1554 1219 1624 1257 po-

87 1278 230 1317 nendas
263 1291 354 1316 esse.
409 1278 492 1315 Iam
528 1277 645 1327 igitur
671 1276 782 1314 nobis
810 1275 855 1314 de
884 1276 1214 1313 Sacramentorum
1241 1271 1450 1311 ministerio
1478 1271 1626 1321 rituque

86 1357 131 1382 ac
156 1344 269 1381 modo
296 1343 397 1381 illius
427 1342 626 1380 dicendum
653 1341 735 1386 erit,
760 1341 997 1393 primumque
1025 1340 1070 1378 (le
1098 1339 1174 1377 ritu
1210 1351 1254 1376 ac
1282 1339 1403 1376 forma
1430 1336 1628 1388 Baptismi,

89 1408 223 1447 deinde
259 1421 345 1447 vero
373 1409 484 1456 (116)
522 1407 566 1444 de
603 1419 672 1444 usu
700 1419 743 1444 ac
772 1405 982 1444 ceremonia
1011 1405 1159 1443 Coenae
1186 1402 1420 1449 Dominicae,
1447 1400 1628 1453 quemad-

89 1474 243 1513 modum
269 1474 310 1513 in
338 1473 478 1512 nostris
505 1472 687 1511 Ecclesiis
715 1471 947 1511 observatur.

404 1599 476 1653 [nn
503 1600 870 1640 s'aanMENToRUM
898 1598 1321 1646 ADMmis‘rRA'rloNuj

126 1713 261 1750 Forma
288 1724 332 1749 ac
358 1710 457 1748 ritus
484 1708 779 1747 administrandi
807 1706 1013 1755 Rapa-snei,
1040 1706 1080 1744 in
1108 1704 1285 1743 Ecclesia
1309 1702 1591 1753 pereqrinorum,

773 1771 950 1810 Londini.

143 1905 361 1957 Baptismus
405 1903 442 1941 in
490 1906 618 1940 nostra
663 1898 833 1938 Ecclesia
883 1897 923 1935 in
977 1895 1128 1948 publico
1164 1894 1404 1947 potissimum
1439 1892 1633 1931 Ecclesiae

93 1974 202 2009 coetu
237 1969 307 2008 sub
351 1970 464 2006 finem
502 1965 695 2004 concionis
738 1963 911 2015 publicae
954 1959 1212 1999 administrari
1247 1959 1354 1998 solet.
1409 1959 1503 1996 Cum
1530 1958 1631 1996 enim

94 2035 310 2086 Baptismus
337 2033 384 2071 ad
411 2036 530 2070 totam
558 2029 713 2068 omnino
740 2027 951 2066 Ecclesiam
978 2026 1032 2063 ita
1057 2024 1256 2076 pertineat,
1283 2027 1323 2061 ut
1351 2035 1460 2061 nemo
1490 2021 1556 2073 qui
1584 2021 1633 2059 sit

94 2114 113 2138 e
150 2112 305 2150 corpore
339 2096 531 2135 Ecclesiae
563 2108 585 2132 a
624 2093 821 2144 Baptismo
850 2089 980 2134 arceri,
1008 2101 1128 2140 neque
1155 2088 1243 2125 item
1273 2085 1422 2124 admitti
1449 2085 1496 2122 ad
1522 2084 1630 2122 illum

96 2164 304 2216 quisquam,
339 2162 404 2214 qui
441 2173 518 2198 non
547 2159 596 2197 sit
621 2158 828 2196 membrum
865 2155 979 2200 illius,
1008 2152 1153 2197 debeat,
1180 2164 1338 2202 aequum
1368 2163 1457 2188 sane
1483 2153 1551 2195 est,
1578 2152 1634 2194 ut,

95 2228 198 2280 quod
233 2227 280 2265 ad
313 2231 432 2264 totam
469 2224 580 2262 simul
618 2221 780 2273 pertinet
816 2218 1036 2262 Ecclesiam,
1071 2217 1112 2254 in
1147 2216 1265 2254 totius
1301 2215 1414 2253 etiam
1439 2213 1632 2252 Ecclesiae

96 2299 204 2332 coetu
248 2295 458 2344 peragatur.
513 2289 688 2326 Testatur
734 2290 856 2323 autem
894 2283 1047 2327 Paulus,
1078 2281 1287 2319 Ecclesiam
1324 2280 1444 2331 ipsam
1480 2279 1632 2317 Christo

95 2364 224 2398 autore
259 2355 446 2409 Baptismi
479 2352 686 2392 ministerio
724 2350 902 2389 mundam
938 2347 1081 2386 censeri
1118 2346 1198 2383 sine
1233 2345 1348 2383 ullius
1387 2344 1547 2382 membri
1574 2343 1633 2382 sui

95 2421 326 2473 exceptione.
381 2418 494 2456 Unde
530 2430 619 2454 sane
653 2414 763 2461 facile
798 2417 853 2450 est
889 2411 1024 2455 videre,
1060 2409 1296 2460 Baptismum
1333 2420 1455 2458 neque
1482 2406 1530 2444 ad
1557 2419 1636 2452 eos,

97 2487 162 2538 qui
197 2485 349 2524 omnino
387 2487 475 2522 sunt
502 2486 607 2520 extra
636 2478 856 2524 Ecclesiam,
883 2476 1080 2529 pertinere,
1108 2487 1229 2526 neque
1256 2474 1354 2511 ullos
1382 2473 1472 2510 item
1498 2472 1632 2510 Eccle-

98 2551 173 2590 siae
201 2549 377 2588 membris
405 2546 535 2597 negari
561 2558 682 2597 posse.

150 2617 243 2654 Cum
280 2618 404 2652 autem
437 2613 496 2650 ita-
527 2610 602 2649 sint
637 2609 700 2647 hic
735 2608 862 2646 divino
898 2605 1229 2654 insti-(117)tutae
1266 2601 1447 2641 beneficio
1484 2605 1636 2640 nostrae

98 2679 289 2720 Ecclesiae
315 2692 382 2731 per
412 2676 647 2715 Maiestatem
676 2672 845 2723 Regiam,
873 2676 912 2710 ut
941 2670 1016 2708 sint
1043 2669 1160 2707 veluti
1187 2681 1260 2706 una
1290 2666 1474 2718 quaedam
1501 2679 1635 2718 paroe-

100 2747 156 2785 cia
192 2745 443 2796 dispersorum
480 2754 544 2792 per
579 2744 696 2778 totam
737 2738 867 2775 urbem
904 2734 1187 2787 peregrinorum
1216 2731 1397 2777 omnium,
1424 2744 1489 2769 seu
1516 2744 1634 2769 unum

101 2824 235 2863 corpus
272 2811 525 2860 corporatum,
561 2802 875 2856 quemadmodum
913 2801 953 2838 in
999 2798 1117 2848 Regio
1156 2797 1370 2849 Diplomate
1399 2795 1571 2841 habetur,
1598 2800 1636 2833 et

102 2891 178 2916 non
204 2888 333 2914 omnes
360 2872 510 2910 interim
536 2869 725 2923 peregrini
752 2867 891 2906 nostris
920 2879 999 2904 sese
1026 2863 1206 2902 Ecclesiis
1235 2862 1455 2912 adiungant,
1480 2883 1532 2891 —
1558 2861 1635 2899 imo

103 2956 188 2981 vero
224 2941 333 2979 multi
370 2939 457 2983 sint,
492 2938 557 2989 qui
592 2937 679 2974 dum
716 2948 846 2972 omnes
884 2932 1073 2970 Ecclesias
1107 2934 1326 2968 aversantur
1363 2941 1406 2965 ac
1433 2927 1637 2977 refugiunt,
