1830 3147
160 91 229 139 [A.
255 89 300 128 D.
326 90 442 137 1548]
900 86 969 121 620

160 199 243 236 fidei
267 199 410 236 nostrae
434 196 654 235 confessione
678 195 798 232 vivere
822 194 1008 243 possimus.
1035 193 1228 231 Dominum
1253 193 1469 243 Episcopum
1494 195 1551 232 hic
1567 195 1612 232 ad
1629 208 1703 244 sep-

162 260 290 297 timum
314 262 378 296 aut
404 261 571 296 octavum
596 256 688 293 diem
713 257 950 303 expectamus,
976 254 1039 302 qui
1062 267 1119 292 me
1143 254 1200 292 hie
1226 267 1303 292 esse
1328 255 1411 292 vult
1436 255 1548 293 donec
1572 256 1706 294 veniat.

162 322 281 369 Quare
314 321 344 358 si
374 324 418 358 tu
452 332 598 368 quoque
630 321 709 355 tum
744 317 846 354 nobis
878 316 1000 354 adesse
1033 316 1134 361 velis,
1165 329 1238 354 non
1272 316 1398 354 dubito
1423 320 1461 354 te
1485 317 1538 354 illi
1562 320 1705 365 gratum

162 384 248 422 fore.
297 383 388 420 Mihi
412 386 509 420 certe
533 382 602 419 eris
626 379 850 429 gratissimus
876 378 1163 427 quandocunque
1186 379 1339 416 veneris.
1388 379 1496 417 Nunc
1520 380 1551 416 si
1575 382 1618 416 tu
1644 383 1708 417 tua

162 457 300 483 mecum
325 443 584 481 communicare
609 442 720 490 cupis,
746 453 812 488 ego
837 452 921 477 sane
945 439 1006 476 illa
1031 452 1074 476 ex
1099 443 1137 476 te
1160 440 1283 477 audire
1309 441 1413 489 cupio
1439 441 1558 486 etiam,
1576 444 1613 478 et
1630 454 1706 478 mea

162 508 343 554 praeterea
368 504 539 552 quaedam
565 505 669 540 etiam
696 501 833 538 addere.
873 501 1030 538 Uxorem
1057 503 1155 537 tuam
1181 501 1287 538 semel
1312 501 1387 538 vidi
1411 502 1472 538 sed
1489 502 1618 539 vidisse
1635 515 1707 539 non

162 567 334 615 poenitet.
361 565 531 602 Gratulor
557 564 623 601 tibi
648 563 744 599 illam
770 565 808 599 et
832 564 918 611 opto
943 565 986 599 ut
1009 575 1074 599 vos
1100 575 1171 599 una
1197 563 1373 600 Dominus
1398 566 1527 608 servet,
1553 564 1616 612 qui
1641 577 1706 601 vos

163 641 234 665 una
258 627 454 664 coniunxit.
481 625 659 662 Salutabis
684 624 780 660 illam
805 623 1074 671 diligentissime
1099 623 1215 660 verbis
1240 624 1337 661 meis.
1363 625 1456 669 Mea,
1482 637 1562 661 cum
1587 625 1629 661 ab
1647 625 1707 662 illa

163 689 388 733 discederem,
413 690 450 724 te
475 687 625 724 officiose
650 685 797 722 salutari
822 685 939 722 iussit.
965 684 1117 722 Incubat
1142 685 1212 721 iam
1230 690 1385 733 quatuor
1402 685 1521 734 pullis,
1540 686 1706 734 quintum

164 750 315 788 sustulit
340 750 526 787 Dominus.
554 748 626 797 [Ex
651 747 798 795 Anglia]
824 746 925 784 Vale.
952 747 996 783 21
1024 746 1238 795 Septembris
1264 748 1368 784 1548.

718 809 817 845 Tuus
842 813 1000 856 quantus
1026 810 1081 845 est
1106 809 1273 846 IOANNES
1298 808 1320 844 a
1343 808 1465 846 LAsco
1489 821 1536 845 111.
1561 820 1615 857 pr.

214 873 279 923 [In
311 873 438 909 dorso:
470 871 667 908 Doctissimo
706 870 787 906 Viro
812 871 858 907 D.
891 871 1071 906 Francisco
1098 870 1291 917 Dryandw,
1318 870 1557 917 Cantabriqiae
1580 871 1708 918 aqenti,

157 935 271 983 sratri
295 937 328 971 et
353 934 456 970 amico
481 930 802 979 observandis-sima]

211 1073 238 1114 ¹)
262 1073 311 1105 De
336 1072 452 1105 Fraue.
479 1071 619 1103 Enzinas
640 1070 735 1113 plura
755 1069 789 1101 in
812 1068 879 1101 vita
901 1068 1005 1102 Lasci.
1048 1070 1076 1110 ⁸)
1100 1069 1241 1112 Quinam
1263 1069 1324 1112 Ep.
1346 1069 1401 1101 ille
1425 1069 1531 1108 fuerit,
1554 1069 1632 1101 satis
1654 1069 1709 1101 ob-

170 1141 309 1163 scurum.
354 1128 502 1160 Couiicio
531 1128 639 1170 ipsum
669 1127 889 1165 (haumarum,
913 1126 968 1168 qui
990 1128 1068 1158 tunc
1091 1126 1132 1158 ad
1155 1136 1206 1158 res
1229 1125 1393 1159 dioceseos
1415 1137 1490 1159 suae
1513 1126 1708 1159 ordinandas

169 1185 298 1228 saepius
322 1185 442 1217 aberat.
465 1184 515 1216 Cf.
539 1183 681 1221 summa,
709 1182 869 1214 Cranmer.
892 1182 919 1214 I.
942 1181 1003 1214 262
1026 1192 1096 1225 sqq.

174 1421 240 1459 No,
267 1421 324 1457 51,
1148 1418 1266 1463 [Autogr.
1283 1420 1345 1455 Bibl.
1358 1420 1493 1454 llu1c.Goll}.
1510 1422 1537 1453 A.
1553 1421 1639 1454 10531.
1654 1418 1710 1464 72.]

790 1539 847 1576 Ad
873 1540 1090 1575 CAtvmuM.

222 1664 322 1701 Nihil
355 1663 465 1711 magis
495 1675 671 1711 cuperem,
709 1674 816 1709 quam
848 1660 942 1697 hunc
975 1659 1128 1696 nobilem
1156 1661 1185 1707 ¹)
1211 1659 1292 1696 istic
1317 1658 1528 1706 aliquandiu
1554 1670 1639 1704 csse,
1665 1659 1709 1695 si·

175 1725 318 1773 quidem
338 1738 512 1773 nusquam
537 1724 654 1761 tutius
681 1724 765 1772 (iam
791 1723 883 1759 enim
909 1724 951 1758 ut
976 1721 1093 1769 accepi
1118 1734 1138 1758 a
1163 1721 1236 1758 suis
1262 1720 1450 1768 diligenter
1475 1720 1710 1769 perquiritur)

175 1801 240 1825 nec
264 1800 345 1824 cum
371 1787 501 1824 maiore
526 1786 696 1823 utilitate.
722 1785 771 1821 Et
796 1783 958 1833 quamvis
984 1786 1088 1820 antea
1112 1782 1274 1820 dederam
1299 1782 1331 1819 ei
1354 1781 1398 1818 ad
1422 1785 1460 1819 te
1484 1782 1638 1826 litteras,
1661 1784 1712 1818 ta-

176 1862 256 1886 men
288 1849 373 1897 quia
405 1848 593 1885 verebatur
624 1860 668 1884 ne
701 1846 917 1894 antiquitate
942 1858 1041 1882 suam
1066 1845 1272 1882 amitterent
1297 1844 1537 1887 autoritatem,
1563 1843 1713 1880 libenter

177 1915 214 1950 et
246 1913 307 1948 has
339 1911 371 1948 ei
397 1911 486 1948 misi.
512 1910 749 1947 Vehementer
775 1909 868 1945 enim
895 1921 975 1945 eum
1001 1921 1091 1952 amo,
1116 1920 1180 1945 nec
1205 1919 1246 1944 eo
1273 1907 1414 1944 nomine
1438 1909 1591 1951 tantum,
1617 1906 1713 1954 quod

176 1972 320 2021 gentilis
352 1985 451 2009 meus
483 1972 531 2008 sit
556 1974 593 2008 et
617 1970 812 2020 principiiis
837 1969 963 2014 clarus,
989 1969 1050 2006 sed
1075 1968 1171 2017 quod
1197 1981 1269 2006 11011
1294 1968 1418 2005 dubito
1444 1981 1524 2005 eum
1548 1969 1712 2016 profutu-

177 2047 255 2071 rum
281 2047 355 2071 esse
380 2033 463 2070 olim
488 2034 518 2080 Ξ)
543 2032 721 2069 Ecclesiae
745 2031 890 2077 Christi,
914 2044 1036 2068 verum
1060 2030 1172 2067 solida
1196 2030 1462 2067 confirmatione
1487 2035 1579 2077 eget.
1604 2030 1709 2067 Post-

176 2108 324 2144 eaquam
348 2095 459 2143 igitur
484 2094 601 2131 omnia
624 2106 701 2131 meo
722 2093 871 2130 consilio
889 2092 984 2137 facit,
1010 2092 1127 2137 velim,
1152 2092 1201 2129 mi
1227 2093 1272 2130 D.
1299 2091 1445 2129 Calvine
1470 2091 1712 2128 observandis-

179 2157 284 2194 sime!
319 2156 385 2194 tibi
421 2155 644 2205 persuadeas,
677 2155 765 2192 nihil
798 2168 853 2192 me
886 2155 1017 2192 maiore
1050 2154 1170 2191 studio
1195 2167 1215 2191 a
1240 2157 1277 2191 te
1301 2156 1432 2202 petere,
1458 2153 1545 2189 nihil
1570 2155 1606 2190 te
1631 2153 1715 2190 mihi

178 2219 315 2267 gratius
341 2218 452 2255 facere
477 2230 590 2266 posse,
616 2230 722 2265 quam
747 2216 777 2252 si
801 2229 881 2253 eum
907 2216 1071 2253 omnibus
1096 2215 1169 2252 tuis
1195 2215 1351 2252 consiliis
1376 2218 1413 2251 et
1437 2214 1589 2258 auxiliis,
1604 2214 1715 2252 sicubi

179 2280 216 2317 id
240 2292 295 2317 res
320 2279 416 2316 illius
442 2277 714 2327 postulaverint,
740 2277 883 2314 iuveris.
924 2277 1002 2325 Ego
1027 2277 1106 2314 istis
1131 2276 1255 2313 diebus
1279 2275 1485 2324 gravissimo
1510 2275 1631 2312 morbo
1657 2275 1713 2312 de-

179 2341 298 2386 cubui,
323 2340 472 2378 necdum
507 2339 600 2376 vires
632 2340 850 2387 recuperavi.
898 2338 999 2375 Vale.
1050 2338 1172 2375 Saluta
1203 2340 1287 2374 tuos
1313 2349 1434 2374 omues
1458 2349 1536 2372 meo
1562 2336 1715 2380 nomine,

179 2402 386 2440 commendo
411 2415 467 2439 me
491 2406 629 2438 vestrae
654 2400 820 2438 orationi.
869 2400 1068 2438 Vindsorae
1095 2401 1125 2448 ³)
1151 2400 1198 2435 14
1222 2398 1426 2436 Decembris
1453 2398 1557 2435 1548.

1097 2461 1197 2497 Tuus
1222 2465 1380 2508 quantus
1405 2463 1460 2497 est

928 2522 959 2560 I.
986 2522 1006 2558 a
1030 2522 1151 2560 LAsco
1175 2536 1221 2559 m.
1247 2535 1290 2559 ex
1315 2522 1436 2559 morbo
1462 2521 1622 2559 tremula.

229 2633 253 2672 ¹)
277 2632 574 2669 Florizmimomine
597 2633 647 2666 Cf.
671 2633 731 2675 Ep.
755 2633 806 2668 75.
850 2633 877 2674 2)
901 2634 948 2665 M.
972 2634 1003 2666 S.
1026 2634 1150 2672 initum,
1180 2637 1261 2666 teste
1284 2624 1479 2676 apographo,
1503 2631 1586 2674 quod
1611 2631 1716 2662 Gotha

183 2686 263 2718 mihi
285 2687 427 2721 missum.
473 2690 498 2727 2)
523 2690 568 2721 M.
593 2689 625 2720 S.
657 2688 844 2722 Vomsoriae.
874 2689 919 2720 Ut
941 2692 1048 2720 tamen
1071 2693 1160 2731 patet
1183 2701 1219 2721 ex
1242 2690 1303 2732 Ep.
1327 2690 1455 2720 Cranm.
1480 2688 1519 2719 ad
1541 2687 1619 2718 Mel.
1642 2686 1717 2717 data

185 2742 225 2773 10
247 2742 341 2775 Fcbr.
365 2743 444 2774 1549
475 2744 493 2775 a
526 2744 627 2776 Lasco
650 2745 786 2786 hyemen
809 2744 898 2776 illam
921 2747 1023 2776 totam
1047 2745 1079 2776 iu
1103 2745 1218 2787 Anglia
1241 2745 1315 2787 egit,
1339 2755 1435 2786 quare
1467 2741 1650 2775 Vindsmw‘ae
1673 2752 1717 2773 re·

185 2797 311 2840 scripsi.
333 2798 465 2840 Legitur
489 2799 616 2832 Cramn.
639 2800 700 2843 Ep.
723 2800 756 2832 in
781 2801 878 2833 Pam-k.
901 2801 1034 2842 Sociely.
1057 2801 1084 2833 1.
1107 2801 1158 2833 21.
1181 2802 1231 2835 Cf.
1255 2801 1353 2833 Ulmo
1375 2801 1467 2832 EMM.
1492 2810 1523 2841 p.
1547 2797 1703 2830 976-85.
