1830 3147
846 74 915 110 615
1373 75 1434 124 [A.
1460 75 1505 112 D.
1532 76 1644 126 1548]

103 184 148 222 ad
181 187 219 222 te
252 183 424 222 scribendi
455 184 559 221 finem
595 184 753 221 facturus
786 195 892 228 eram,
925 183 956 220 si
990 195 1061 221 11011
1096 195 1152 221 me
1186 183 1307 222 charta
1332 184 1415 222 haec
1440 184 1636 232 defecisset,

102 247 240 294 Quarto
263 245 354 284 vale.
401 245 533 283 Emdae
558 246 602 282 29
627 245 787 283 Ianuarii
812 247 918 283 Anno
944 245 1049 284 1548.

148 309 208 346 Ita
231 307 316 345 mihi
341 308 515 345 Dominus
539 308 702 349 restituit
726 308 979 353 valetudinem,
1003 310 1046 345 ut
1070 308 1139 345 iam
1163 308 1216 346 bis
1240 309 1304 347 hac
1321 309 1447 358 hyeme
1465 309 1533 346 iter
1551 309 1633 346 111110

97 370 135 406 111
168 382 297 418 pagum
329 371 491 407 nostrum
522 368 627 417 pedes
659 368 868 407 confecerim
900 371 938 406 et
972 367 1078 416 pedes
1115 368 1222 406 etiam
1246 368 1419 406 redierim.
1469 369 1527 406 Sit
1551 369 1628 407 Deo

97 431 223 479 gratia.
891 429 945 468 Io.
970 430 992 466 a
1014 430 1150 476 Lasco,
1175 433 1332 478 quantus
1357 433 1412 469 est
1438 432 1535 468 tuus.

99 617 164 654 N⁰.
190 618 248 654 45.
818 616 922 663 [Gerd.
936 616 1053 654 s.a.11b.
1065 619 1121 654 (541.
1136 628 1199 654 vers.
1214 619 1283 660 Angl.
1299 618 1425 652 Gothum
1436 645 1443 659 ‚
1458 628 1482 655 ο.
1495 618 1512 653 l.
1523 628 1549 661 p.
1563 616 1626 663 it]

646 739 704 776 Ad
729 739 1085 776 HARDENBEacmm.

139 859 368 897 Gratissimae
400 860 484 897 mihi
510 860 658 898 fuerunt
683 860 806 898 literae
831 863 925 906 tuae,
951 862 999 898 mi
1024 860 1190 899 Alberte!
1217 873 1305 909 quas
1330 873 1391 909 per
1417 861 1625 898 Gualtcrum

90 920 184 958 1111110
214 921 325 958 civem
350 924 509 958 vestrum
534 922 662 970 accepi,
688 925 725 959 et
749 922 856 959 habeo
882 922 948 959 tibi
973 935 1134 970 magnam
1159 923 1317 971 profecto
1342 923 1502 970 gratiam,
1528 923 1624 971 quod

90 985 163 1017 tam
188 981 391 1028 frequenter
416 982 461 1018 ad
486 994 541 1018 me
566 982 707 1019 scribas.
750 983 806 1020 De
831 986 975 1020 tuorum
1001 983 1145 1021 dissidio
1171 985 1294 1032 scripsi
1319 990 1354 1020 et
1380 995 1446 1031 ego
1471 976 1523 1021 ad*
1540 976 1624 1021 Phiss

87 1041 221 1090 lippum
258 1047 294 1079 et
327 1043 423 1079 suasi
455 1046 498 1080 ut
531 1043 612 1081 illos
630 1043 837 1081 *modestiae
873 1051 910 1081 et
941 1045 1170 1082 humanitatis
1195 1046 1518 1090 commonefaceret,
1544 1060 1619 1094 spe-

85 1114 197 1150 roque
222 1104 398 1140 facturum
425 1117 511 1141 esse.
537 1105 641 1142 Certe
666 1117 738 1142 non
763 1105 898 1150 dubito,
925 1106 1013 1153 quin
1037 1106 1122 1142 mihi
1146 1106 1194 1143 sit
1219 1106 1354 1154 aliquid
1370 1107 1619 1155 rescripturus,

84 1177 166 1201 nam
190 1166 358 1201 nuntium
382 1165 425 1202 ab
451 1166 514 1203 illo
539 1179 619 1203 eum
645 1180 706 1215 per
730 1180 835 1215 quem
860 1169 1017 1216 proxime
1041 1168 1086 1205 ad
1110 1171 1147 1205 te
1171 1168 1293 1217 scripsi
1318 1172 1555 1216 expectamus.

131 1227 169 1262 Si
202 1227 265 1274 qui
289 1227 326 1263 in
350 1227 481 1274 Auglia
505 1228 549 1264 de
573 1228 737 1277 Philippo
763 1229 853 1266 male
878 1230 1052 1274 sentiunt,
1077 1230 1113 1266 hi
1139 1230 1299 1267 fortassis
1325 1233 1421 1275 sunt,
1447 1231 1510 1278 qui
1535 1232 1617 1268 Phi-

81 1287 219 1336 lippum
249 1300 322 1324 non
355 1288 442 1325 satis
475 1292 621 1333 norunt,
654 1302 770 1338 neque
803 1290 839 1326 in
864 1292 978 1339 pretio
1003 1291 1076 1328 illic
1101 1291 1285 1336 habentur,
1311 1304 1390 1328 nam
1416 1293 1478 1340 qui
1502 1305 1617 1329 rerum

84 1350 132 1386 ibi
156 1350 356 1399 potiuntur,
383 1351 514 1399 optime
539 1351 703 1400 Philippo
729 1364 849 1389 omnes
874 1352 1014 1390 volunt.
1041 1353 1213 1402 Cuperem
1239 1356 1357 1390 tamen
1373 1354 1493 1391 videre
1510 1354 1616 1403 scrip-

82 1413 160 1448 tum
184 1411 273 1448 illud
297 1412 498 1459 Anglicum.
535 1412 682 1461 Reliqui
707 1413 770 1461 qui
795 1417 880 1450 sunt
907 1413 964 1450 vel
990 1413 1136 1451 fuerunt
1162 1414 1401 1462 Witebergae,
1428 1428 1498 1452 11011
1516 1429 1614 1464 pror-

81 1486 141 1510 sus
174 1473 262 1511 bene
291 1474 454 1519 audiunt,
484 1474 655 1523 imprimis
681 1488 765 1513 vero
790 1476 1031 1521 PomeramuS,
1057 1478 1202 1525 propter
1228 1476 1363 1514 editum
1389 1477 1546 1514 libellum
1573 1477 1615 1514 dc

81 1534 260 1571 deditione
285 1534 558 1582 Witebergensi.

128 1595 183 1632 De
215 1595 297 1631 data
321 1608 382 1643 per
407 1598 444 1632 te
475 1596 705 1643 Magistratui
737 1599 802 1633 tuo
835 1596 1053 1633 confessione
1085 1598 1243 1645 proxime
1276 1598 1320 1635 ad
1355 1601 1391 1635 te
1417 1600 1553 1648 scripsi,
1579 1604 1616 1638 ct

78 1657 166 1703 puto
200 1657 237 1691 te
271 1657 391 1691 tenere
426 1658 582 1692 nostram
616 1656 830 1692 sententiam
864 1654 1034 1703 illiusque
1066 1656 1222 1693 rationes
1248 1670 1339 1705 quae
1364 1658 1449 1695 1111111
1474 1659 1614 1697 satisfa-

79 1716 180 1752 ciunt
210 1717 419 1763 certumque
452 1728 507 1752 me
533 1715 575 1752 de
600 1715 714 1752 salute
739 1728 814 1752 mea
839 1715 877 1752 111
903 1716 1044 1752 Christo
1070 1717 1153 1752 mihi
1179 1716 1293 1754 delata
1317 1718 1481 1756 reddunt.
1525 1720 1614 1756 Cum

79 1776 249 1814 Gualtero
274 1777 339 1814 hoc
364 1780 429 1814 tuo
456 1778 511 1824 egi
537 1777 658 1814 multis
684 1781 721 1813 et
746 1776 973 1814 familiariter.
1005 1778 1114 1814 Forte
1141 1778 1206 1815 tibi
1231 1779 1379 1826 ipsemet
1404 1781 1572 1817 narrabit.

125 1839 180 1876 De
212 1839 373 1876 Comitiis
398 1839 547 1887 imperii,
572 1843 615 1875 ut
639 1839 732 1875 sensi
757 1851 902 1886 semper,
927 1839 979 1875 ita
1003 1842 1039 1876 et
1073 1852 1168 1877 nunc
1193 1842 1319 1884 sentio,
1346 1842 1442 1888 quod
1467 1843 1610 1890 quidem

74 1899 120 1937 ad
152 1912 291 1937 causam
316 1899 508 1947 religionis,
533 1900 617 1936 dum
642 1899 738 1936 illam
764 1900 914 1937 humana
937 1900 1162 1948 providentia
1186 1901 1384 1948 gubernare
1409 1905 1446 1939 et
1472 1916 1611 1951 promo-

75 1973 158 1998 vere
190 1973 369 2006 conamur,
401 1960 695 2009 quemadmodum
719 1961 762 1997 ab
787 1973 828 1997 00
854 1973 936 1998 mox
962 1963 1120 2009 tempore
1146 1961 1301 1999 deterius
1327 1963 1454 2000 habere
1480 1965 1608 2013 coepit,

74 2025 302 2070 posteaquam
326 2034 387 2070 per
411 2021 556 2059 consilia
580 2021 740 2059 humanis
765 2022 946 2070 praesidiis
971 2023 1046 2059 visa
1071 2025 1126 2059 est
1150 2023 1348 2060 confirmari
1372 2037 1485 2072 posse.

119 2085 250 2132 Accepi
286 2097 397 2132 nuper
431 2084 552 2120 literas
583 2096 603 2119 a
636 2083 744 2120 fratre
778 2096 855 2120 meo
897 2084 960 2131 qui
991 2083 1086 2132 apud.
1121 2084 1220 2121 Caes.
1256 2087 1309 2121 est
1333 2085 1474 2133 legatus
1500 2087 1610 2135 Regis

72 2145 140 2182 mei
172 2147 213 2193 ¹).
244 2145 282 2181 Is
306 2144 430 2181 scribit
454 2144 674 2181 Cardinalem
697 2143 958 2188 Tridentinum,
983 2144 1045 2192 qui
1070 2144 1114 2181 ad
1139 2145 1270 2193 Papam
1295 2158 1316 2183 a
1342 2147 1489 2184 Caesare
1513 2147 1607 2185 able·

73 2211 178 2255 gatus
213 2207 337 2251 fuerat,
371 2206 514 2243 rediisse
543 2218 685 2242 rursum
712 2209 748 2243 et
772 2206 860 2242 nihil
885 2206 1044 2254 potuisse
1069 2207 1161 2254 apud
1186 2207 1316 2255 Papam
1342 2208 1529 2256 impetrare
1555 2223 1610 2247 co·

72 2281 162 2312 rum,
189 2280 294 2316 quam
319 2270 451 2305 certam
477 2269 513 2304 et
537 2266 714 2315 publicam
739 2266 982 2304 hostilitatem.
1007 2267 1103 2304 Hinc
1128 2280 1212 2304 vero
1240 2272 1380 2316 sperant
1398 2270 1503 2306 multi
1521 2270 1609 2315 fore,

73 2332 115 2366 ut
141 2330 267 2366 Caesar
291 2328 460 2365 adversus
485 2328 617 2376 Papam
641 2331 915 2371 commoveatur,
941 2328 1002 2364 sed
1028 2340 1092 2376 ego
1118 2327 1206 2364 1111111
1230 2329 1344 2366 adhuc
1371 2329 1452 2366 boni
1470 2343 1609 2379 sperare

72 2402 227 2438 possum.
277 2388 423 2425 Certum
457 2391 511 2424 est
548 2392 676 2432 tamen,
708 2388 840 2434 Papam
874 2387 1043 2424 hactenus
1075 2387 1144 2424 iam
1185 2387 1344 2426 obsidere
1376 2390 1606 2436 Placentiam,

70 2463 162 2499 quae
192 2462 229 2486 se
253 2452 334 2498 post
360 2449 513 2486 occisum
540 2449 656 2496 Papae
679 2448 792 2484 filium
818 2451 848 2497 Ξ)
875 2448 1034 2485 Caesaris
1058 2448 1139 2486 fidei
1164 2450 1194 2496 ³)
1221 2449 1371 2486 credidit
1397 2454 1434 2487 et
1459 2451 1606 2490 dedidit.

73 2512 220 2549 Certum
252 2515 306 2547 est
340 2511 436 2554 item,
462 2509 601 2546 Gallum
626 2509 764 2558 aliquot
788 2522 884 2547 arces
911 2510 1051 2547 Caesari
1075 2509 1244 2548 ademisse
1268 2522 1389 2549 recens
1415 2512 1451 2548 in
1477 2513 1606 2551 Italiae

70 2577 108 2611 et
132 2572 364 2620 Allobrogum
389 2570 530 2607 finibus.
579 2570 671 2607 Nam
696 2571 779 2607 haec
803 2571 854 2607 ita
877 2571 921 2607 ad
946 2583 1000 2607 me
1026 2571 1146 2609 frater.

117 2635 196 2682 Quo
231 2634 310 2672 loco
342 2634 414 2671 siut
448 2645 502 2669 res
527 2631 782 2677 Bremensium,
817 2632 987 2669 Gualtero
1020 2632 1138 2677 retuli,
1171 2645 1213 2670 ex
1239 2633 1304 2671 hoc
1329 2634 1463 2672 audies.
1512 2635 1602 2672 Cum

68 2697 223 2733 Barbato
248 2708 348 2742 agam
372 2694 433 2730 ubi
459 2694 614 2738 redierit,
639 2706 733 2730 nuuc
759 2696 814 2730 est
837 2693 1057 2740 Oldeuburgi
1083 2706 1152 2730 una
1177 2707 1256 2731 cum
1282 2699 1405 2733 nostra
1428 2697 1596 2744 principe,

69 2771 174 2805 quam
207 2757 318 2794 indies
351 2757 418 2792 iam
444 2759 697 2804 exspectamus.
747 2755 888 2792 Retulit
912 2755 997 2791 mihi
1023 2755 1224 2800 Gualterus,
1252 2760 1288 2794 te
1313 2757 1414 2794 nobis
1441 2758 1596 2795 voluisse

71 2819 210 2856 mittere
234 2817 436 2857 cerevisiam
461 2822 498 2854 et
521 2816 638 2854 nescio
663 2830 755 2865 quae
779 2817 846 2853 alia
871 2818 900 2853 si
925 2829 995 2854 non
1022 2817 1142 2854 bruma
1166 2818 1417 2866 impedivisset.
1467 2820 1590 2856 Habeo

67 2880 226 2927 gratiam,
260 2880 308 2917 mi
341 2879 504 2916 Albcrte!
537 2881 574 2916 et
607 2879 749 2927 perinde
779 2881 920 2926 gratum
945 2883 999 2916 est
1023 2891 1062 2918 ac
1087 2879 1117 2916 si
1142 2879 1304 2919 misisses.
1355 2881 1501 2919 Utinam
1528 2881 1594 2919 tibi
