1830 3147
152 116 219 164 [A.
244 116 290 155 D.
311 117 424 164 1543]
888 118 958 161 558

150 224 230 263 Iesu
263 224 481 264 charissimal
513 224 638 272 quibus
668 225 803 264 scribit.
837 237 874 261 se
906 237 948 262 eo
981 225 1058 262 loeo
1093 226 1307 275 aliquandiu,
1330 226 1396 264 hoe
1420 228 1487 270 est,
1514 239 1576 276 per
1598 227 1687 265 hanc

149 285 307 334 hyemem
334 298 471 323 manere
497 286 587 322 velle
613 286 652 330 ⁸).
678 286 712 322 id
738 286 829 334 quod
855 290 891 323 et
916 291 953 322 tu
981 288 1071 324 sorte
1097 301 1139 324 ex
1164 289 1304 325 adnexis
1330 288 1437 325 literis
1461 289 1564 325 facile
1588 289 1689 326 intel-

149 346 246 394 liges.
270 347 375 385 Nunc
399 359 473 383 sum
499 346 680 383 habiturus
707 359 842 383 rursum
869 350 1001 384 certum
1029 349 1209 386 nuncium.
1236 349 1273 385 Si
1298 347 1383 397 quid
1406 348 1450 385 ad
1474 349 1571 386 illum
1592 349 1687 387 voles

148 407 307 449 scribere,
332 408 375 443 ad
401 419 455 443 me
480 420 583 456 quam
607 408 756 454 primum
781 408 1027 444 transmittito.
1064 409 1225 445 Ceterum
1252 414 1380 453 metuo,
1404 422 1480 446 mea
1503 410 1617 446 soror!
1643 421 1687 445 ne

150 467 245 504 brevi
278 468 357 504 istic
391 467 521 504 bellum
555 468 631 504 sitis
667 467 828 509 habituri,
855 469 944 504 forte
970 469 1061 505 circa
1085 469 1160 516 ipsa
1185 470 1317 506 moenia
1343 472 1470 512 vestra,
1494 482 1599 518 quare
1625 469 1689 507 tibi

154 529 310 576 profecto
335 528 528 571 suaderem,
555 532 595 565 ut
621 529 686 565 huc
712 529 747 565 in
771 532 926 576 tempore
952 533 986 565 te
1011 531 1231 572 transferres,
1258 534 1294 567 et
1306 543 1376 567 non
1389 531 1447 567 diu
1466 533 1688 568 cunctareris.

149 591 233 627 Non
267 602 407 637 possum
438 590 558 626 multis
589 590 751 633 scribere,
779 603 859 626 nam
883 602 990 627 vocor
1014 591 1095 628 alio.
1124 591 1193 628 Sed
1217 592 1341 629 vellem
1368 605 1441 628 mea
1466 605 1564 629 soror
1588 596 1628 629 ut
1652 596 1688 629 te

146 650 243 687 illinc
279 663 380 699 quam
409 651 555 697 primum
581 650 787 699 explicares.
813 651 894 687 Non
920 650 1055 687 deseret
1079 655 1114 688 te
1140 652 1323 696 Dominu's,
1347 653 1408 689 ubi
1434 654 1492 690 ubi
1516 654 1634 697 fueris,
1658 654 1688 691 si

148 710 247 747 illum
277 723 358 747 vere
383 714 420 746 et
445 723 487 747 ex
512 711 628 747 animo
653 712 749 759 sequi
773 711 875 753 velis,
902 715 939 748 et
963 725 1033 749 non
1058 712 1182 749 dubito
1207 717 1242 750 te
1268 714 1369 750 velle.
1396 715 1471 762 Ego
1496 715 1599 752 etiam
1626 715 1690 752 tibi

147 785 218 809 non
242 773 346 808 deero
372 785 433 820 pro
458 786 591 810 summa
616 773 706 809 virili
732 785 817 810 mea.
841 774 941 811 Vale.
968 774 1110 822 Raptim
1139 774 1270 811 Emdae
1296 777 1340 811 23
1369 776 1449 813 Iulii
1462 777 1567 813 Anno
1581 778 1687 815 1543.

197 834 251 869 De
276 833 436 881 eligendo
462 846 554 870 novo
579 836 727 870 Caesare
753 834 843 870 inter
868 835 1048 882 Principes
1075 835 1215 882 Imperii
1240 837 1471 874 consultatur.
1516 839 1628 875 Turoa
1653 839 1689 875 in

147 893 275 929 finibus
308 894 514 930 Germaniae
546 894 611 930 iam
644 898 834 941 grassatur,
867 894 1038 931 Viennam
1074 896 1230 932 fortassis
1262 897 1480 939 obsessurus,
1522 899 1588 935 nisi
1619 899 1687 935 iam

147 954 317 991 obsideat.
345 956 467 991 Gallus
494 957 608 991 denuo
633 955 790 992 imminet
815 957 1041 994 Brabantiae.
1069 958 1168 994 Haec
1194 971 1284 995 nova
1310 959 1488 996 habemus.
1516 961 1686 998 Dominus

147 1020 182 1053 te
215 1017 351 1053 iuterim
385 1020 510 1058 servet,
546 1017 718 1064 faciatque
752 1021 792 1051 ut
827 1022 862 1054 te
889 1018 944 1055 hic
969 1031 1070 1067 quam
1094 1019 1240 1066 primum
1265 1020 1462 1057 habeamus.
1511 1022 1548 1059 Si
1571 1024 1688 1060 venire

147 1076 260 1117 voles,
287 1076 331 1112 ad
358 1089 411 1112 me
437 1079 529 1113 recte
554 1076 673 1112 venies
699 1079 740 1112 ut
765 1081 886 1114 mutuo
912 1078 1164 1115 consultamus.
1206 1080 1338 1116 Iterum
1364 1081 1465 1117 Vale.
1490 1082 1684 1119 Salutarem

148 1140 183 1172 te
208 1137 325 1172 uxoris
352 1149 448 1172 meae
474 1136 626 1179 nomine,
654 1137 714 1172 sed
739 1150 779 1174 ea
806 1151 898 1176 nunc
922 1138 1032 1176 abest.
1081 1140 1223 1176 Interim
1250 1142 1322 1177 scio
1346 1140 1440 1178 illam
1467 1142 1530 1180 tibi
1555 1145 1685 1191 precari

149 1198 263 1233 felicia
289 1198 413 1234 omnia.
463 1198 617 1234 Rursum
643 1197 735 1234 vale.

193 1335 218 1374 ι)
242 1335 333 1366 Tunc
357 1335 514 1377 temporis
538 1335 628 1377 virgo
654 1335 815 1378 religiosa,
841 1336 908 1369 sive
931 1338 1086 1379 Beghiua,
1110 1340 1245 1383 Truytje
1269 1343 1443 1385 Syssinghe
1468 1345 1591 1384 (GERD.
1614 1357 1639 1378 s.
1663 1357 1690 1378 a.

147 1390 211 1423 Hb.
235 1391 320 1431 619).
344 1392 474 1434 proprie
497 1392 670 1434 appellata,
694 1404 730 1425 ex
754 1393 887 1435 antiqua
909 1395 994 1436 apud
1026 1396 1251 1438 Groninganos
1275 1399 1407 1432 familia.
1432 1401 1544 1432 Frater
1567 1402 1595 1433 ei
1619 1404 1687 1434 erat

148 1447 352 1486 Franciwus,
386 1448 538 1480 Doctoris
572 1449 668 1480 titulo
704 1452 836 1481 ornatus
871 1450 995 1490 (Genu.
1029 1462 1054 1483 s.
1090 1463 1116 1484 a.
1154 1454 1217 1486 lIb.
1247 1455 1333 1495 537).
1366 1455 1476 1498 Nupta
1498 1457 1560 1489 fuit
1583 1458 1623 1489 D.
1646 1459 1685 1492 A.

148 1503 393 1546 Hardenbergio
429 1504 607 1538 1547-—74.
641 1505 691 1537 Cf.
727 1505 1015 1545 SWECKENDIECK‚
1051 1508 1092 1540 D.
1133 1510 1296 1544 Hardenb.
1330 1522 1361 1553 p.
1395 1512 1447 1544 25.
1478 1513 1570 1545 Obiit
1593 1514 1685 1547 1580.

148 1559 176 1600 ⁵¹)
200 1559 346 1601 Degebat
366 1562 444 1594 tunc
467 1560 720 1603 Witteubergae‚
765 1561 791 1602 ³)
815 1562 866 1595 Sc.
890 1562 1111 1606 Hardenberg.

150 1781 213 1819 ΝΟ.
240 1783 298 1819 11.
921 1788 1014 1834 [Ubho
1034 1790 1122 1824 Emm.
1146 1792 1172 1826 ll.
1196 1792 1238 1825 fr.
1259 1802 1286 1834 p.
1302 1793 1361 1826 9119.
1385 1795 1469 1827 Gerd.
1494 1793 1541 1829 ub.
1561 1806 1586 1837 p.
1607 1793 1683 1839 492]

653 1907 712 1944 Ad
736 1907 884 1957 ANNAM
908 1909 1127 1946 Comitissam
1145 1914 1187 1954 ¹).

195 2027 223 2068 ¹)
253 2026 376 2063 aeSatis
409 2027 496 2064 scire
529 2040 580 2070 se,
614 2029 766 2066 animum
805 2032 836 2067 ei
862 2044 936 2068 esse
961 2032 1139 2068 timentem
1167 2033 1231 2068 Dei
1256 2035 1291 2069 et
1316 2033 1567 2081 promovendae
1590 2034 1684 2082 apud

149 2086 337 2124 usubditos
363 2088 492 2136 gloriae
512 2090 642 2126 Christi
654 2091 828 2139 cupidum,
848 2093 1019 2141 istamque
1034 2092 1244 2140 suscipiendi
1263 2094 1444 2130 ministerii
1465 2106 1534 2130 non
1556 2099 1683 2141 postre-

150 2161 267 2185 nmam
302 2149 367 2185 sibi
404 2163 539 2187 causam
579 2152 696 2193 fuisse,
723 2153 783 2189 sed
809 2154 845 2190 in
868 2167 909 2190 eo
933 2155 1041 2201 ipsam
1067 2167 1221 2202 peceare,
1250 2156 1342 2202 quod
1367 2155 1467 2191 nimis
1493 2156 1594 2191 facile
1617 2155 1683 2192 huc

144 2212 281 2257 »atque
307 2209 391 2247 illuc
413 2211 506 2248 flecti
531 2224 568 2248 se
594 2213 629 2248 in
654 2213 830 2261 religionis
856 2216 1003 2262 negotiis
1030 2216 1194 2263 patiatur,
1219 2219 1255 2251 et
1279 2228 1417 2252 suorum
1447 2217 1561 2264 potius
1577 2230 1679 2265 quam

148 2283 166 2301 n
179 2269 244 2305 Dei
271 2271 375 2318 ipsius
401 2273 624 2309 autoritatem
649 2274 715 2310 sibi
740 2276 949 2323 sequendam
975 2277 1148 2312 interdum
1174 2277 1361 2314 existimet.
1389 2278 1546 2314 Blandiri
1570 2292 1607 2315 se
1626 2279 1681 2315 hic

146 2343 246 2366 enon
279 2344 394 2379 posse,
431 2332 489 2369 ubi
522 2347 591 2371 non
617 2334 659 2370 de
685 2336 850 2383 principis
875 2349 915 2374 ac
939 2349 1003 2373 sua
1030 2337 1156 2380 solum,
1183 2338 1243 2374 sed
1269 2338 1311 2374 de
1333 2339 1517 2375 multarum
1544 2351 1681 2387 quoque

146 2391 401 2429 aecclesiarum
436 2388 550 2431 salute
586 2400 722 2443 agatur,
755 2396 798 2432 de
829 2410 973 2445 quarum
1009 2411 1092 2435 cura
1123 2411 1226 2435 nosse
1258 2412 1306 2442 se,
1341 2400 1407 2436 sibi
1442 2413 1483 2436 ex
1509 2413 1619 2449 aequo
1645 2404 1681 2436 et

147 2453 323 2500 ‘'pi-incipi
355 2454 448 2500 apud
480 2455 592 2492 Deum
627 2460 805 2494 aeternum
839 2458 986 2495 iudicem
1018 2458 1227 2495 reddendam
1264 2472 1337 2496 esse
1370 2460 1552 2496 rationem:
1586 2472 1680 2506 prae·

145 2513 304 2549 nolarum
336 2527 419 2550 sane
456 2518 493 2551 et
515 2517 662 2552 arduum
698 2530 773 2554 esse
805 2519 994 2567 principem
1020 2532 1135 2567 agere,
1163 2519 1222 2556 sed
1248 2521 1279 2557 ei
1304 2532 1472 2557 annexam
1498 2533 1573 2556 esse
1598 2532 1682 2557 con-

146 2572 342 2609 aditionem
378 2576 550 2612 serviendi
575 2577 704 2624 gloriae
731 2578 810 2614 Dei.
862 2579 997 2626 Itaque,
1022 2592 1099 2617 cum
1127 2580 1157 2616 si
1187 2581 1274 2616 verit
1306 2581 1424 2617 induci
1447 2593 1483 2617 se
1506 2580 1550 2616 ad
1575 2582 1681 2617 susei-

147 2633 335 2679 npieienda
360 2637 443 2682 reip.
468 2636 713 2683 gubernacula,
738 2639 967 2686 spectandum
993 2641 1070 2687 ipsi,
1095 2643 1134 2676 ut
1160 2641 1194 2677 in
1218 2641 1467 2687 gubernatione
1482 2641 1626 2677 consilia
1644 2645 1679 2677 et

147 2694 329 2729 naoiiones
356 2697 481 2732 reserat
505 2698 547 2734 ad
571 2698 715 2745 gloriam
743 2699 830 2742 eius,
857 2713 878 2735 a
901 2713 969 2748 quo
994 2701 1029 2737 in
1055 2702 1143 2738 solio
1169 2701 1374 2752 collocatam
1401 2714 1438 2737 se
1463 2714 1537 2738 esse
1561 2706 1596 2738 et
1620 2714 1678 2738 eu-

144 2753 228 2789 nius
262 2755 451 2792 ministram
486 2769 523 2792 se
555 2771 657 2806 agere
683 2772 752 2796 non
776 2765 879 2808 queat
902 2761 1072 2807 ignorare.
1099 2762 1169 2797 Per
1194 2764 1299 2798 Deum
1323 2774 1420 2809 reyes
1444 2774 1601 2809 reqnare,
1630 2762 1678 2798 di-

145 2827 163 2846 u
174 2825 251 2849 cere
276 2826 406 2851 sacram
432 2818 603 2864 paginam.
628 2824 663 2855 et
687 2823 757 2856 eius
783 2823 950 2856 ministros
973 2834 1053 2865 esse,
1078 2822 1204 2869 quibus
1230 2826 1366 2868 sceptra
1387 2825 1469 2857 sunt
1484 2824 1678 2866 commissa,

145 2886 240 2913 ‘nec
265 2878 393 2912 temere
417 2876 452 2913 in
477 2890 517 2915 ea
541 2880 713 2928 principes
736 2880 857 2929 populi
874 2883 1031 2928 pastores
1056 2883 1259 2930 nuncupari,
1283 2882 1520 2930 affirmarique,
1541 2895 1603 2920 non
1624 2885 1679 2920 ho-
