1830 3147
822 83 891 119 621
1346 81 1409 130 [A.
1434 81 1617 129 D.‚1549]

89 195 154 232 ΝΟ.
180 196 237 232 52.
1285 191 1390 238 [fleret.
1405 204 1429 229 a.
1444 206 1466 229 s.
1481 192 1527 232 11¹2.
1543 190 1618 238 fist]

711 313 767 351 Ad
790 314 1010 352 Lemurum.

138 435 242 473 Redii
268 436 310 484 ¹),
334 434 448 482 gratia
482 434 646 479 Domino,
681 435 728 471 mi
762 434 983 473 Hermanne!
1010 436 1048 471 et
1080 435 1214 481 quanto
1247 432 1421 470 desiderio
1455 431 1624 479 Princeps

91 501 214 535 nostra
252 509 389 534 mecum
421 495 579 544 colloqui
611 496 722 544 cupit,
755 499 858 533 tanto
892 509 957 544 ego
989 495 1145 533 vicissim
1170 494 1290 532 studio
1315 494 1437 531 venire
1460 493 1504 530 ad
1528 493 1625 530 illius

93 557 348 596 Celsitudinem
373 558 494 606 cupio.
527 558 577 594 Et
601 557 670 594 iam
695 557 881 602 venissem,
907 557 976 595 nisi
1001 570 1056 594 me
1082 556 1228 593 Domini
1245 555 1394 592 Comitis
1409 555 1432 591 a
1448 553 1625 592 Mansfeld

91 618 289 666 praesentia
320 620 496 655 remorata
528 617 666 655 fuisset.
714 618 868 666 Agoque
898 617 1030 665 gratias
1063 617 1217 654 Domino
1251 616 1327 653 Deo
1361 628 1450 660 meo,
1485 615 1548 663 qui
1572 627 1627 652 me

94 678 162 716 huc
187 677 341 722 reduxit,
366 677 433 714 hoc
458 680 617 727 tempore
642 679 782 725 praeter
807 689 946 714 omnem
970 689 1080 714 meam
1106 675 1416 725 exspectationem.
1450 674 1543 711 Nam
1559 673 1628 710 iter

92 742 254 776 nostrum
279 739 452 776 eiusmodi
476 739 557 784 fuit,
582 741 624 775 ut
650 751 721 776 non
746 751 829 775 sane
853 738 1028 776 hominem
1053 738 1167 775 ullum
1192 737 1253 775 sed
1278 737 1395 774 Deum
1410 736 1525 785 ipsum
1542 747 1628 772 nau-

93 799 226 838 clerum
267 799 504 837 habuerimus.
551 799 645 836 Nam
681 799 726 836 ad
759 800 1029 848 sesquitertium
1063 799 1154 836 diem
1187 811 1231 835 ex
1255 798 1386 846 Anglia
1409 798 1446 834 in
1471 796 1628 834 Amasim

95 861 244 909 ingressi
277 874 411 898 sumus.
459 860 570 897 Plura
602 873 731 899 coram.
780 860 867 898 Cras
892 873 977 898 vero
1002 861 1104 898 iuxta
1127 860 1330 896 mandatum
1356 858 1530 906 Principis
1555 859 1629 895 Au-

95 923 201 960 ticam
244 923 319 960 Deo
362 923 592 960 benevolente
633 921 843 971 proficiscar.
892 923 1027 960 Noster
1067 922 1219 960 nuncius
1261 921 1346 958 illuc
1378 933 1458 958 cum
1492 921 1631 958 Comite

99 983 353 1020 Mansseldensi
376 984 444 1020 iam
469 983 558 1020 abiit
581 986 618 1020 et
643 983 745 1020 hodie
770 996 811 1020 eo
836 984 1019 1032 pervenire
1043 996 1115 1020 non
1138 995 1293 1031 possum.

142 1045 265 1082 Habeo
297 1048 478 1094 praeterea
509 1045 585 1093 ipse
618 1046 727 1094 [quae
759 1048 841 1082 ante
865 1045 1003 1082 abitum
1027 1057 1144 1083 meum
1169 1056 1292 1082 curare
1317 1055 1373 1081 me
1405 1043 1564 1092 oportet]
1590 1046 1631 1090 ²).

97 1107 254 1156 Raptim.
280 1107 380 1145 Vale.
428 1107 582 1144 Aemdae
605 1107 661 1143 die
688 1107 732 1144 19
758 1107 882 1145 Martii
907 1108 1012 1146 1549.

139 1219 164 1259 ¹)
188 1219 239 1251 Se.
267 1216 397 1261 Anglia,
438 1221 465 1260 Ξ)
489 1220 537 1251 Ex
560 1219 743 1252 coniectura
765 1220 843 1252 haec
867 1209 1003 1252 restitui.
1049 1218 1170 1252 Gerdes
1199 1229 1232 1251 se
1255 1230 1297 1252 m.
1320 1230 1344 1252 s.
1369 1219 1473 1261 legere
1497 1229 1559 1251 nou
1583 1229 1637 1261 po·

97 1275 196 1307 tuisse
219 1278 356 1308 testatur
379 1278 411 1308 et
433 1286 476 1310 m,
499 1287 524 1309 s.
547 1276 656 1318 periit.

98 1484 163 1524 ΝΘ.
190 1486 246 1523 53.
601 1483 718 1532 [Ᾰυίοὲν.
731 1486 813 1521 Lansd.
830 1487 860 1522 Ι.
872 1486 897 1522 S.
909 1487 982 1522 Lond.
993 1486 1020 1522 11.
1034 1487 1077 1521 30.
1089 1487 1207 1528 Slrype.
1224 1486 1291 1522 Hem.
1306 1486 1331 1518 os
1343 1486 1390 1528 Λὶψ
1406 1487 1498 1521 trama.
1513 1487 1543 1521 ΙΙ.
1558 1482 1634 1530 385.]

727 1605 786 1642 Ad
809 1605 1011 1644 Cemmou.

152 1721 187 1759 S.
213 1721 303 1757 Cum
330 1719 413 1757 mihi
439 1719 482 1756 ad
507 1718 594 1756 alios
620 1719 841 1757 scribendum
868 1719 962 1756 istuc
988 1722 1093 1764 esset,
1119 1719 1231 1757 facere
1255 1731 1326 1757 non
1351 1720 1453 1768 potui
1479 1721 1566 1768 quin
1592 1720 1634 1757 ad

105 1787 143 1820 te
174 1795 318 1831 quoque
349 1781 546 1826 scriberem,
579 1781 635 1818 vir
667 1780 873 1818 clarissime!
901 1793 1033 1818 memor
1058 1781 1224 1818 videlicet
1248 1781 1345 1818 illius
1370 1781 1466 1830 quod
1491 1785 1528 1818 te
1552 1782 1636 1818 mihi

101 1845 182 1882 istic
214 1843 414 1891 delegerim,
447 1842 504 1880 cui
539 1855 616 1879 mea
651 1843 770 1879 omnia
795 1844 881 1879 nota
905 1855 988 1890 prae
1012 1842 1091 1878 aliis
1115 1854 1192 1880 esse
1216 1842 1332 1880 velim.
1382 1842 1491 1880 Volui
1515 1843 1638 1891 itaque

102 1905 170 1942 tibi
209 1905 252 1942 de
286 1917 362 1942 meo
394 1905 463 1942 huc
495 1904 613 1941 reditu
645 1904 858 1952 significare:
893 1916 1018 1952 nempe
1050 1917 1105 1941 me
1131 1904 1332 1941 felicissimo
1357 1904 1496 1949 itinere,
1521 1905 1636 1951 gratia

103 1967 270 2011 Domino,
305 1979 420 2011 usum,
443 1968 498 2003 et
532 1978 586 2002 me
619 1978 663 2003 ex
696 1965 826 2013 Anglia
866 1965 903 2002 in
944 1965 1093 2002 Frisiam
1118 1965 1334 2002 Orientalem
1360 1965 1454 2002 intra
1478 1965 1636 2002 triduum

106 2028 293 2065 traiecisse.
342 2027 456 2064 Navis
490 2026 706 2075 praefectum
740 2039 760 2063 a
784 2027 926 2064 domino
951 2029 1154 2075 protectore
1178 2026 1280 2064 nobis
1303 2027 1465 2064 'additum
1491 2027 1636 2064 habeba·

108 2101 199 2134 mus,
232 2089 350 2125 virum
384 2087 557 2136 optimum
591 2090 628 2125 et
652 2088 903 2132 fidelissimum,
936 2088 998 2135 qui
1023 2088 1203 2125 dominum
1229 2088 1393 2126 comitem
1421 2089 1449 2136 ¹)
1476 2088 1637 2125 Bremam

107 2163 221 2198 usque
258 2155 312 2187 est
346 2153 534 2198 sequutus,
568 2152 609 2186 ut
642 2151 729 2187 certi
754 2150 901 2198 aliquid,
927 2149 1062 2198 opinor,
1088 2150 1130 2187 ab
1155 2150 1218 2188 illo
1243 2149 1342 2187 vobis
1367 2148 1514 2187 adferat.
1563 2150 1639 2198 Ego

107 2225 198 2260 quae
239 2211 312 2249 seio
349 2211 392 2247 ad
427 2211 608 2248 dominum
645 2212 935 2248 Cantuariensem
969 2212 1085 2247 omnia
1109 2212 1306 2260 perscripsi,
1332 2214 1374 2248 ut
1397 2210 1638 2248 illustrissimo

107 2272 249 2309 domino
281 2272 475 2321 protectori
500 2275 663 2319 exponat,
698 2285 787 2320 quae
821 2273 887 2309 tibi
913 2285 1056 2320 quoque
1080 2273 1262 2320 incognita
1287 2286 1359 2310 non
1384 2273 1459 2310 fore
1483 2276 1571 2322 puto
1597 2276 1640 2321 ⁹),

105 2336 311 2384 Scripturus
336 2334 469 2382 alioqui
496 2333 612 2370 eadem
639 2334 682 2370 ad
707 2338 744 2371 te
769 2334 896 2379 omnia,
922 2335 952 2371 si
976 2347 1047 2371 non
1072 2335 1107 2371 id
1132 2348 1252 2383 parum
1285 2335 1516 2373 necessarimn
1534 2335 1639 2372 adeo.-

107 2407 177 2443 que
211 2397 248 2431 et
281 2405 576 2441 supervacaneum
611 2406 686 2430 esse
717 2393 918 2430 iudicarem.
969 2394 1045 2431 Nos
1079 2394 1135 2431 hic
1160 2407 1297 2431 erucem
1322 2395 1553 2431 certissimam
1580 2407 1639 2431 ex-

107 2461 287 2507 pectamus
318 2459 354 2493 et
379 2456 422 2492 ad
447 2468 522 2492 eam
554 2456 793 2504 perferendam
818 2460 945 2493 mutuo
971 2469 1034 2493 nos
1059 2457 1095 2493 in
1121 2457 1274 2493 Domino
1300 2457 1535 2502 cohortamur,
1561 2469 1639 2494 cum

108 2519 334 2557 invocatione
358 2518 510 2554 nominis
536 2518 648 2554 sancti
674 2518 740 2562 sui,
765 2520 808 2554 ut
832 2530 894 2566 per
918 2518 1125 2566 patientiam
1152 2521 1187 2555 et
1212 2518 1313 2555 fidem
1355 2519 1498 2556 ferendo
1540 2532 1640 2568 supe-

107 2594 224 2619 remus
250 2580 377 2623 omnia,
401 2591 632 2627 quaecunque
657 2579 694 2615 in
718 2592 784 2616 nos
808 2579 1011 2627 permittere
1036 2578 1097 2615 ille
1122 2579 1230 2623 volet,
1256 2580 1476 2617 adnominis
1493 2581 1550 2618 sui
1566 2581 1640 2629 glo-

108 2643 194 2679 riam
220 2644 258 2678 et
281 2640 396 2678 nostri
420 2639 682 2688 probationem:
708 2640 796 2677 certi
821 2640 921 2676 illum
946 2652 1064 2676 curam
1090 2640 1203 2676 nostri
1228 2640 1353 2678 habere
1377 2644 1413 2678 et
1445 2642 1496 2678 ita
1518 2645 1639 2690 poten-

109 2708 183 2741 tem
224 2715 309 2748 esse,
342 2704 385 2738 ut
418 2714 538 2738 omnes
571 2701 728 2738 omnium
761 2701 916 2738 hostium
950 2700 1149 2748 phalanges,
1174 2701 1379 2749 quicunque
1403 2703 1476 2739 sint
1500 2703 1642 2739 tandem

110 2765 174 2809 illi,
206 2765 311 2801 unico
337 2763 411 2809 oris¹
433 2761 622 2799 suiverbo
647 2765 784 2799 sternat
809 2764 988 2799 momento
1013 2774 1097 2806 uno,
1130 2764 1166 2799 et
1191 2775 1332 2799 rursum
1357 2763 1407 2799 ita
1432 2763 1573 2808 bonum,
1600 2766 1642 2800 ut

111 2839 155 2864 ne
180 2825 290 2874 pilum
315 2824 456 2872 quidem
482 2826 613 2860 temere
638 2836 656 2860 e
681 2828 805 2861 nostro
830 2823 944 2872 capite
969 2822 1105 2859 detrahi
1121 2823 1289 2872 patiatur,
1307 2824 1445 2861 etiamsi
1461 2837 1525 2862 nos
1543 2828 1643 2861 totus

111 2889 263 2927 mundus
296 2888 463 2936 impetere
495 2888 655 2924 conetur.
703 2885 860 2934 Tamque
886 2884 987 2923 nobis
1012 2884 1101 2931 male
1126 2884 1217 2929 velle
1241 2897 1312 2927 non
1337 2886 1451 2936 possit
1475 2897 1643 2936 unquam,
