1830 3147
1575 71 1619 108 81

85 193 354 219 concesseram.
383 179 538 230 Alioqui
567 178 639 216 nisi
668 192 686 216 a
718 179 806 218 viris
835 179 1087 231 Principibus,
1115 180 1172 218 vel
1202 186 1367 226 vocatus,
1393 180 1452 219 vel
1473 181 1624 227 missus,

83 259 268 297 nusquam
297 243 450 282 omnino
478 256 498 281 e
526 243 647 281 Frisia
674 257 738 294 per
766 248 887 282 totum
916 246 952 292 (ε
982 244 1042 293 5¹³)
1060 244 1283 283 decennium
1303 248 1428 284 anteo
1449 246 1624 297 amplius,

82 311 212 361 pedem
242 323 363 348 meum
390 309 506 355 movi,
535 309 655 347 donec
680 322 745 360 per
773 309 1061 347 Serenissimum
1091 310 1253 360 Angliae
1273 310 1415 359 Regem
1442 310 1623 348 Eduar-

84 376 211 421 dum,
239 382 390 413 sanctae
417 374 628 421 memoriae,
656 387 821 414 vocarer.
861 374 931 412 Cui
968 374 1119 425 quidem
1147 389 1206 413 me
1233 376 1407 414 addicere
1435 376 1624 423 nolebam,

84 441 157 480 nisi
183 441 223 478 id
251 444 287 479 et
315 454 394 478 mea
422 445 503 478 tum
532 439 701 478 Ecclesia
727 440 832 484 mihi,
861 440 967 478 cuius
997 454 1122 478 curam
1147 441 1400 480 concreditam
1425 442 1623 488 habebam,

82 513 118 546 et
145 507 263 546 Divus
290 507 379 545 item
407 507 510 544 Tuae
539 505 747 544 Maiestatis
774 506 885 544 Pater
911 506 1066 557 ipsaque
1094 506 1186 544 adeo
1216 507 1298 544 Tua
1325 506 1400 544 iam
1431 506 1622 553 Maiestas,

83 586 178 623 quae
204 576 283 610 tum
310 572 421 622 plane
448 570 555 620 regni
581 570 839 620 gubernacula
867 573 1093 620 susceperat,
1118 569 1361 622 permisisset,
1379 585 1490 622 quam
1510 571 1623 609 etiam

82 650 194 674 unam
222 637 338 675 fuisse
366 649 516 674 causam
545 649 623 673 non
650 636 801 685 ignorat
830 635 1011 674 Maiestas
1040 636 1121 674 Tua
1159 636 1324 687 suscepti
1358 636 1398 674 in
1434 637 1624 675 Prussiam

85 705 171 739 ante
198 714 319 739 annos
347 700 491 751 aliquot
518 699 672 738 iteneris
699 700 784 739 mei.
839 701 973 738 Postea
1003 713 1104 747 vero,
1132 700 1217 738 data
1244 700 1338 738 mihi
1366 700 1412 738 ab
1443 701 1623 739 Ecclesiis

79 766 172 804 meis
200 766 241 804 in
268 765 390 804 Frisia
419 765 594 803 omnibus
622 765 710 814 (sub
738 765 961 811 revertendi,
981 765 1013 803 si
1030 778 1238 812 revocarer,
1258 765 1493 814 conditione)
1513 766 1622 805 venia

80 845 239 883 cumque
266 830 557 868 TuaMaiestas
583 830 696 868 etiam
724 831 869 868 nullum
897 830 990 868 mihi
1017 834 1110 868 tunc
1135 829 1318 868 indicium
1348 830 1499 875 faceret,
1518 831 1622 882 quod

78 909 161 933 meo
189 895 400 933 ministerio
428 895 484 933 uti
511 895 632 941 vellet,
658 895 699 933 in
728 895 907 945 Angliam
937 909 1018 933 sum
1048 908 1231 940 1611615115,
1258 899 1299 933 ut
1326 909 1447 933 meam
1465 895 1543 933 illic
1563 909 1622 933 se-

79 974 211 1011 querer
228 961 463 998 vocationem
478 960 607 1011 ibique
626 960 666 997 in
685 973 766 999 mea
781 960 931 1011 perstiti
951 960 1148 998 vocatione
1166 973 1212 998 ex
1223 960 1338 1010 Regis
1348 960 1466 1012 ipsius
1476 961 1621 998 autori-

75 1029 165 1067 tate,
192 1024 311 1062 donec
337 1025 445 1062 illum
471 1024 574 1062 Deus
602 1023 778 1075 Optimus
808 1024 998 1063 Maximus
1027 1038 1045 1063 e
1073 1025 1150 1063 vita
1178 1025 1248 1062 hac
1275 1024 1322 1063 ad
1351 1038 1390 1063 se
1416 1030 1619 1065 evocasset.

80 1089 232 1127 Mortuo
269 1103 355 1128 vero
392 1089 631 1127 sanctissimo
670 1089 772 1138 Rege
809 1090 888 1134 1110,
933 1090 1082 1141 qualem
1116 1089 1219 1128 haud
1255 1090 1333 1127 scio
1369 1104 1418 1128 an
1454 1104 1621 1142 unquam

76 1155 178 1193 orbis
217 1155 453 1193 Christianus
489 1155 662 1193 habuerit
695 1168 763 1207 pro
802 1160 921 1194 aetate
956 1156 1072 1201 illius,
1101 1169 1184 1194 cum
1212 1155 1433 1206 religionem
1472 1170 1622 1208 quoque

75 1220 195 1271 ipsam
229 1233 303 1258 una
339 1223 375 1269 (ε
404 1222 462 1268 6²²)
501 1233 584 1258 cum
626 1220 750 1270 Regni
787 1220 1118 1259 administratione
1158 1225 1340 1260 mutatam
1368 1221 1416 1259 iri
1444 1222 1622 1269 viderem,

75 1289 226 1337 accepta
254 1299 275 1323 a
304 1286 450 1335 Regina
477 1287 599 1332 venia,
626 1299 705 1324 non
733 1287 908 1337 equidem
938 1300 1019 1325 meo
1047 1287 1178 1338 ipsius,
1207 1288 1271 1326 sed
1289 1287 1407 1325 totius
1429 1287 1619 1326 Ecclesiae

75 1351 153 1389 illic
183 1365 283 1389 meae
312 1351 480 1398 oonsilio,
507 1364 628 1403 neque
656 1365 744 1390 sane
773 1352 882 1397 clam,
910 1352 975 1390 sed
1009 1353 1134 1404 palam
1177 1366 1261 1391 cum
1299 1353 1399 1391 bona
1427 1354 1620 1405 utriusque

79 1416 270 1454 Ecclesiae
298 1429 399 1454 meae
426 1420 543 1467 parte,
570 1416 716 1454 duabus
745 1417 876 1467 Regiis
904 1417 1066 1456 navibus
1093 1417 1134 1456 in
1162 1417 1339 1464 Damam,
1367 1419 1482 1468 Regis
1516 1418 1619 1457 illius

74 1481 210 1532 pietate
244 1482 374 1527 fretus,
411 1481 600 1527 contendi,
637 1482 669 1520 si
704 1483 894 1533 quomodo
934 1482 1057 1521 sedem
1086 1483 1165 1520 illic
1202 1483 1394 1534 dissipatis
1423 1482 1514 1521 meis
1543 1482 1619 1520 Ec-

77 1546 199 1583 clesiis
227 1545 425 1597 impetrare
451 1559 613 1597 possem.
653 1547 740 1584 Illic
768 1551 906 1593 autem,
934 1560 1016 1585 cum
1049 1548 1302 1598 Syncretistae
1332 1547 1523 1586 cuiusdam
1553 1551 1619 1587 aut

74 1610 200 1661 potius
238 1604 555 1660 Syncretistarum
593 1611 871 1650 Parasitomimi
906 1612 1061 1664 perfidia
1114 1626 1226 1651 causa
1264 1618 1394 1651 nostra
1420 1614 1460 1652 in
1488 1613 1618 1652 odium

75 1689 119 1714 ac
146 1676 377 1727 suspiciones
408 1677 532 1714 nescio
561 1690 654 1728 quas
682 1681 789 1729 rapta
817 1677 870 1716 ita
898 1678 1045 1724 fuisset,
1072 1682 1112 1716 ut
1139 1683 1272 1717 nostra
1300 1679 1455 1717 omnino
1483 1692 1616 1731 expec-

72 1742 217 1779 tatione
252 1742 530 1787 frustraremur,
564 1743 605 1780 in
641 1743 803 1781 Frisiam
839 1744 887 1782 ad
915 1757 1016 1782 meas
1045 1744 1235 1782 Ecclesias
1262 1758 1410 1783 rursum
1438 1745 1617 1792 redii,·ut

70 1806 150 1843 illic
184 1806 375 1858 dissipatis
403 1806 442 1844 in
469 1807 609 1857 Anglia
638 1807 818 1846 Ecclesiis
847 1808 1053 1860 hospitium
1081 1822 1336 1860 procurarem,
1364 1814 1476 1861 atque
1503 1810 1615 1849 etiam

72 1871 291 1918 sciscitarer,
342 1885 433 1910 num
469 1885 551 1909 11160
589 1872 764 1924 deinceps
802 1873 1012 1911 ministerio
1050 1887 1143 1926 opus
1180 1874 1373 1914 haberent.
1429 1875 1491 1913 Ibi
1528 1888 1614 1914 vero

71 1935 163 1973 adeo
198 1936 499 1987 perstringebam
537 1937 724 1975 Catonum
760 1938 918 1976 istorum
957 1939 1101 1986 oculos,
1129 1953 1176 1977 ne
1202 1939 1376 1978 videlicet
1404 1953 1485 1978 eam
1510 1940 1615 1991 ipso-

71 2013 153 2038 rum
190 2000 484 2039 delitescentiam
521 2015 540 2040 e
575 2003 788 2054 propinquo
826 2004 1100 2055 impugnarem,
1127 2008 1171 2042 ut
1198 2018 1274 2042 non
1301 2004 1405 2056 prius
1434 2005 1614 2056 conquie-

72 2069 228 2110 scerent,
264 2078 376 2116 quam
403 2079 477 2117 per·
495 2079 534 2104 se
561 2066 697 2116 dignos
723 2068 836 2119 plane
866 2068 1103 2107 Mecaenates
1132 2082 1218 2107 suos
1246 2069 1319 2107 hoc
1348 2070 1544 2115 efficerent,
1573 2073 1613 2108 ut

72 2129 140 2167 sub
177 2130 428 2181 periculorum
455 2131 582 2168 nescio
611 2145 772 2182 quorum
798 2136 996 2183 praetextu
1021 2133 1183 2172 Frisiam
1210 2134 1421 2186 relinquere
1448 2147 1612 2184 cogerer,

69 2194 364 2244 periclitaturam
402 2194 553 2241 scilicet,
583 2196 614 2233 si
640 2200 747 2235 tanto
777 2197 887 2235 huius
916 2198 1019 2247 116-(ε
1049 2198 1343 2247 6b)litescentiae
1378 2213 1467 2238 suae
1502 2204 1610 2238 anta-

68 2259 241 2309 gonistae
276 2259 481 2310 hospitium
528 2260 734 2311 praeberet.
789 2262 939 2300 Horum
973 2263 1090 2312 igitur
1121 2264 1299 2302 itinerum
1335 2278 1503 2303 meorum
1541 2278 1610 2303 no·

68 2324 180 2369 mine,
217 2325 249 2362 si
284 2338 343 2362 me
379 2324 501 2362 bonus
538 2325 601 2363 ille
638 2326 694 2363 vir
731 2326 916 2365 Erronem
951 2331 1073 2373 vocat,
1116 2327 1304 2367 Dominus
1340 2329 1396 2367 illi
1422 2329 1609 2380 ignoscat.

71 2389 153 2438 Ego
183 2402 271 2427 sane
298 2389 449 2438 longam
481 2402 554 2427 uno
584 2394 695 2441 atque
722 2391 854 2429 eodem
880 2392 964 2430 loco
993 2392 1095 2430 illius
1124 2406 1267 2432 moram
1294 2407 1338 2432 ac
1357 2395 1610 2443 residentiam,

69 2459 111 2491 ut
139 2458 286 2501 vocant,
312 2455 490 2493 insectari
515 2455 618 2494 nolo.
674 2456 747 2494 Sed
774 2470 852 2494 non
880 2457 1001 2502 video,
1030 2471 1096 2495 cur
1122 2472 1203 2496 mea
1230 2459 1325 2496 mibi
1358 2464 1394 2498 et
1428 2459 1508 2511 ipse
1544 2460 1608 2498 iti-

74 2531 163 2556 nera
190 2532 278 2570 prae
307 2533 374 2557 sua
402 2519 606 2558 residentia
634 2520 766 2559 debeat
803 2522 1042 2572 exprobrare.
1098 2523 1204 2561 Quin
1239 2524 1366 2574 potius
1403 2528 1480 2562 tam
1514 2524 1609 2562 1111111

71 2595 140 2632 ego
171 2583 215 2621 de
241 2583 334 2621 meis
369 2583 569 2625 itineribus
596 2584 635 2622 in
665 2585 815 2623 Christo
844 2585 1009 2624 Domino
1038 2600 1120 2624 meo
1147 2587 1304 2637 gloriari
1330 2601 1440 2639 posse
1469 2588 1608 2636 videor,

70 2660 116 2685 ne
143 2647 235 2698 quid
262 2648 422 2699 amplius
451 2648 584 2695 dicam,
612 2662 723 2699 quam
751 2650 830 2701 ipse
858 2664 963 2688 suam
994 2651 1066 2689 sibi
1093 2651 1332 2690 residentiam
1359 2652 1607 2691 honorificam

66 2725 146 2750 esse
180 2715 299 2763 putat,
335 2726 455 2764 neque
492 2713 553 2751 hic
589 2714 696 2764 plura
726 2714 862 2762 dicam,
889 2729 936 2753 ne
964 2716 1105 2754 nullam
1140 2716 1268 2755 videar
1305 2712 1400 2755 senii
1436 2717 1605 2755 ministe-

67 2776 187 2828 riique
215 2778 273 2815 sui
291 2777 475 2816 rationem
505 2778 642 2817 habere
669 2780 842 2819 voluisse.
874 2780 987 2819 Quod
1017 2795 1101 2819 vero
1131 2795 1152 2819 a
1178 2795 1239 2819 me
1266 2781 1485 2828 Ecclesiam,
1512 2795 1607 2833 quae

70 2853 143 2877 non
186 2841 232 2878 sit
276 2841 429 2887 Christi,
465 2843 593 2893 quaeri
631 2843 734 2884 dicit.
761 2849 816 2881 est
854 2858 942 2881 sane
969 2845 1134 2892 gravius,
1170 2859 1281 2896 quam
1310 2850 1351 2883 ut
1379 2846 1607 2884 dissimulari
