1830 3147
1608 99 1652 138 75

120 213 171 254 ut,
207 210 271 260 qui
312 210 364 248 ita
397 209 505 248 electi
530 209 720 261 totiusque
746 208 938 247 Ecclesiae
965 222 1121 247 assensu
1149 209 1298 261 publico
1326 209 1526 261 approbati
1554 212 1655 255 sunt,

117 275 157 313 in
194 276 345 327 publico
382 275 533 313 tandem
561 275 673 313 etiam
699 275 817 313 totius
845 274 1037 313 Ecclesiae
1073 279 1183 313 coetu
1209 275 1258 313 ad
1284 275 1357 313 hoc
1383 275 1506 327 ipsum
1537 274 1655 313 Mini-

117 341 268 379 sterium
305 341 591 390 inaugurentur.
642 340 776 378 Postea
813 340 950 378 electos
985 339 1072 378 illos
1109 340 1163 378 sic
1190 340 1394 391 alloquitur
1431 343 1467 379 et
1501 340 1549 378 ab
1576 339 1654 378 illis

117 405 268 443 nomine
295 405 411 443 totius
438 404 630 442 Ecclesiae
657 405 807 456 publice
834 404 1047 443 sciscitatur
1076 404 1120 443 de
1148 404 1218 449 his,
1247 418 1341 456 quae
1369 408 1592 456 sequuntur.

117 507 573 557 Interrogationes,
614 521 733 559 quae
770 507 1067 545 Senioribus
1105 506 1432 546 subsidiariis
1468 521 1653 560 propo-

372 578 550 611 nuntur
587 573 718 611 circa
755 586 916 611 eorum
945 572 1398 622 inaugurationem.

169 681 187 699 υ
201 665 519 717 Quandoquidem
571 666 618 703 ad
665 665 941 716 Presbyterium
981 665 1171 704 Ecclesiae
1209 665 1318 704 huius
1356 671 1507 704 nostrae
1542 667 1652 705 electi

113 729 340 780 publicoque
378 730 478 777 illius
514 743 668 768 assensu
696 730 894 781 approbati
927 731 1030 775 estis,
1067 744 1186 781 neque
1222 730 1326 768 aliud
1362 730 1436 768 inm
1475 736 1655 782 superest,

115 807 228 844 quam
263 801 305 832 ut
340 795 491 846 publice
524 795 564 834 in
603 801 711 834 coetu
747 796 819 834 hoe
853 796 971 847 ipsius
1008 809 1072 847 per
1110 796 1346 833 observatam
1383 795 1432 833 ab
1460 796 1656 847 Apostolis

116 873 294 897 manuum
330 860 608 912 impositionem
644 861 933 911 inauguremini,
961 866 1046 899 ante
1075 861 1202 898 omnia
1229 875 1251 898 a
1280 860 1386 898 vobis
1415 862 1564 912 postulo
1592 865 1654 899 to-

114 925 188 964 tius
224 926 415 964 Ecclesiae
452 927 560 965 huius
597 927 762 971 nomine,
800 931 839 964 ut
877 926 968 963 mihi
1005 926 1050 964 de
1078 926 1177 964 infra
1206 926 1355 977 scriptis
1385 939 1468 964 vere
1506 931 1543 964 et
1571 927 1652 965 sine

116 990 216 1036 fuco,
244 995 423 1042 tanquam
451 991 490 1029 in
519 992 723 1043 conspectu
751 991 834 1038 Dei,
860 991 1127 1030 testificemini.

167 1057 202 1093 1.
256 1055 359 1093 Num
397 1068 461 1093 vos
497 1056 647 1095 interno
683 1056 844 1108 Spiritus
882 1057 1003 1095 sancti
1039 1057 1164 1094 afflatu
1201 1055 1246 1093 ad
1276 1055 1556 1107 suscipiendum
1584 1055 1656 1093 hoc

115 1119 364 1158 ministerium
416 1121 598 1159 excitatos
643 1134 723 1159 esse
768 1120 952 1166 sentiatis,
1000 1133 1144 1171 nempe,
1190 1133 1266 1158 non
1312 1120 1389 1157 ullo
1436 1120 1656 1168 ul·(43)lius

116 1197 151 1220 ve
161 1184 229 1222 stri
257 1184 444 1222 commodi
472 1184 610 1230 studio,
630 1184 694 1222 scd
714 1190 862 1222 tantum
882 1189 922 1222 ut
938 1183 1214 1236 promovendae
1236 1183 1273 1221 in
1295 1183 1365 1220 hac
1385 1183 1555 1221 Ecclesia
1582 1182 1655 1221 Dei

79 1260 83 1262 ’
111 1249 254 1299 gloriae
279 1249 384 1287 iuxta
413 1249 624 1287 doctrinam
651 1249 850 1300 Euangelii
879 1249 1020 1287 Christi
1046 1262 1114 1300 pro
1145 1252 1267 1286 vestra
1296 1247 1395 1286 virili
1424 1247 1594 1286 serviatis
1606 1247 1653 1285 ?'‘

166 1314 428 1365 Respondent:
462 1314 696 1359 uSentimus,
723 1319 760 1352 et
787 1314 907 1352 Deum
936 1327 1098 1358 oramus,
1125 1317 1180 1359 ut,
1207 1312 1308 1364 quod
1337 1313 1377 1351 in
1407 1312 1517 1350 nobis
1546 1325 1655 1351 orsus

114 1383 182 1423 est,
218 1380 264 1417 ad
302 1381 413 1417 finem
449 1393 566 1431 usque
591 1379 769 1431 ¹perficiat
804 1379 850 1417 ad
888 1379 1049 1429 gloriam
1089 1379 1146 1417 sui
1187 1378 1352 1416 nominis
1390 1382 1427 1416 et
1464 1377 1654 1415 Ecclesiae

116 1445 226 1483 huius
253 1445 593 1484 aedificationem.”

165 1515 200 1549 2.
258 1511 510 1557 uCreditisne,
551 1510 813 1562 Propheticam
850 1516 888 1548 et
927 1509 1184 1561 Apostolicam
1213 1508 1425 1547 doctrinam
1454 1508 1589 1546 veteris
1617 1513 1654 1546 et

115 1576 202 1615 novi
237 1576 463 1620 testamenti,
499 1576 539 1614 in
575 1575 682 1613 libris
720 1575 878 1614 Biblicis
908 1575 1217 1626 comprehensam
1245 1580 1356 1625 atque
1383 1574 1424 1611 in
1466 1573 1523 1611 illi
1549 1586 1654 1611 sum-

115 1655 176 1679 mo
212 1641 329 1692 lapidi
365 1641 537 1690 angulari
573 1640 756 1687 innixam,
785 1640 933 1678 Christo
972 1640 1072 1682 Iesu,
1101 1639 1293 1677 continere
1318 1639 1359 1676 in
1388 1652 1426 1676 50
1454 1638 1579 1676 omnia
1607 1637 1654 1676 ad

115 1707 270 1745 salutem
308 1712 475 1745 nostram
513 1705 720 1744 necessaria
757 1718 910 1756 esseque
946 1705 1094 1756 plenam
1132 1709 1168 1742 et
1203 1704 1417 1742 absolutam
1447 1702 1658 1741 doctrinam

115 1772 162 1809 ad
200 1771 356 1809 salutem
386 1771 488 1808 omni
518 1770 682 1808 credenti
713 1769 796 1817 ¹)''?

166 1837 427 1889 Respondent:
477 1836 717 1879 aci-edimus,
745 1839 781 1873 et
809 1835 926 1873 Deum
955 1847 1117 1878 oramus,
1143 1838 1185 1872 ut
1211 1834 1251 1872 in
1282 1834 1349 1871 hac
1379 1833 1452 1871 fide
1482 1846 1550 1871 nos
1578 1833 1656 1871 Ec-

116 1903 341 1954 elesiamque
367 1907 485 1940 totam
512 1906 689 1953 perpetuo
719 1901 951 1939 corroboret.

166 1971 202 2006 3.
260 1967 478 2014 “Voltisne,
522 1967 562 2004 in
607 1966 746 2004 tuenda
782 1965 1095 2016 provehendaque
1130 1978 1172 2002 ea
1209 1965 1288 2015 ipsa
1336 1963 1509 2002 doctrina
1544 1976 1654 2014 prae-

115 2032 325 2083 standoque
369 2032 492 2069 modis
537 2032 712 2069 omnibus
757 2030 986 2080 Presbyterii
1023 2030 1137 2068 vestri
1176 2029 1390 2067 Ministerio
1427 2042 1495 2080 pro
1533 2032 1654 2065 vestra

115 2112 259 2136 summa
296 2097 395 2135 virili
438 2097 668 2143 incumbere,
705 2096 808 2134 verbi
848 2095 1034 2134 Ministris
1081 2108 1194 2146 opera.
1254 2094 1379 2132 studio
1418 2093 1653 2144 consilioque

114 2168 237 2201 vestro
279 2175 422 2213 semper
464 2161 649 2207 assistere,
686 2161 772 2198 illos
810 2160 849 2198 in
886 2159 1041 2198 ferendo
1081 2159 1252 2210 ipsorum
1293 2171 1405 2196 onere
1444 2157 1653 2203 sublevare,

115 2229 397 2278 Ecclesiamque
424 2232 543 2265 totam
570 2226 666 2264 vitae
693 2231 804 2277 atque
830 2224 1058 2274 integritatis
1089 2229 1231 2261 vestrae
1260 2224 1442 2273 exemp10‚
1471 2228 1651 2273 tanquam

114 2293 242 2331 fideles
270 2293 388 2344 ipsius
417 2291 590 2329 custodes
618 2304 661 2328 00
691 2290 870 2334 Ministri‚
896 2289 1231 2337 aedifica·(44·)re?
1285 2288 1348 2332 Et,
1376 2287 1408 2325 si
1435 2288 1532 2325 forte
1560 2286 1652 2337 quid

115 2364 237 2398 vestra
274 2359 343 2396 hac
379 2357 574 2395 vocatione
609 2356 808 2406 indignum
836 2354 1053 2405 designetis,
1081 2353 1243 2391 vultisne
1269 2353 1373 2391 iuxta
1402 2365 1509 2390 usum
1538 2352 1652 2390 disci-

113 2426 238 2477 plinae
275 2422 561 2462 Ecclesiasticae
596 2421 740 2459 moneri
776 2420 914 2470 corrigi
940 2433 984 2457 ac
1011 2419 1234 2470 reprehendi
1261 2432 1306 2456 ex
1336 2418 1449 2456 verbo
1479 2417 1562 2463 Dei,
1598 2418 1653 2456 sic

113 2496 167 2536 ut,
203 2488 519 2543 quemadmodum
555 2487 688 2538 reliqui
725 2499 854 2524 omnes
891 2486 929 2523 in
966 2484 1135 2523 Ecclesia
1171 2483 1328 2527 faciunt,
1367 2483 1653 2522 Ecclesiasticae

113 2556 331 2608 disciplinae
358 2568 424 2593 vos
451 2554 554 2605 ipsos
580 2553 681 2590 ultro
710 2565 754 2590 ac
780 2556 913 2603 sponte
941 2555 1062 2589 vestra
1091 2549 1355 2588 subiiciatis''?

165 2621 427 2674 Respondent:
460 2637 476 2654 u
492 2619 628 2663 Etiam,
647 2618 960 2669 agnoscimusque
979 2616 1098 2655 nostri
1114 2616 1152 2654 id
1169 2615 1408 2668 potissimum
1430 2614 1540 2653 officii
1560 2627 1654 2660 0550,

113 2693 156 2728 ut
183 2688 380 2739 disciplina
415 2684 679 2724 Ecclesiastica
711 2684 791 2722 sine
825 2683 901 2721 ullo
936 2695 1179 2735 personarum
1212 2685 1382 2733 respectu
1412 2681 1452 2719 in
1480 2679 1651 2719 Ecclesia

116 2752 372 2793 observetur.''

161 2884 186 2923 ¹)
209 2882 326 2925 Ephes.
350 2881 379 2914 2.
423 2880 507 2914 Psal.
532 2880 581 2913 19.
625 2879 644 2910 2
667 2878 750 2912 Tim.
773 2879 803 2912 2.
847 2878 952 2910 Lucae
977 2878 1026 2909 16.
