1830 3147
1563 113 1637 155 159

90 227 248 265 minicae
286 227 395 277 signo
434 240 511 264 non
547 227 621 265 alia
661 241 700 265 re
738 227 1018 277 significantius
1058 227 1169 265 nobis
1205 227 1452 265 adumbratur
1480 227 1635 266 donatio

89 291 171 342 ipsa
201 295 352 329 nostrae
381 304 464 328 curn
495 291 645 329 Christo
676 291 839 330 Domino
869 292 1147 330 communionis
1175 292 1343 344 adeoque
1371 296 1405 330 et
1434 293 1483 329 ob
1504 293 1635 330 oculos

92 356 373 407 quodammodo
402 361 552 393 nostros
580 356 747 406 ponitur,
776 369 889 407 quam
915 356 1024 406 panis
1053 359 1089 394 et
1115 356 1243 407 poculi
1270 369 1334 407 per
1361 369 1495 393 manus
1519 355 1638 393 Mini-

92 421 162 459 stri
207 420 475 458 distributione
510 434 574 458 seu
611 420 858 460 exhibitione.
911 422 971 458 Ac
1006 433 1155 458 rursum
1194 421 1285 458 doni
1323 420 1433 458 huius
1469 420 1637 470 legitima

93 485 280 536 possessio
320 498 395 522 non
433 484 504 522 alia
542 484 653 522 etiam
682 499 720 523 re
747 485 869 535 magis
898 485 1148 522 adumbratur
1174 484 1214 522 in
1245 485 1390 523 Coenae
1417 498 1498 529 usu,
1524 498 1637 536 qnam

95 550 311 601 acceptione
356 549 464 601 panis
507 562 550 587 ac
594 550 721 600 poculi
763 564 828 601 per
875 551 1052 588 convivas
1088 563 1107 587 e
1146 549 1316 587 Ministri
1354 551 1539 596 manibus,
1575 550 1639 601 qui

98 614 240 652 christi
276 615 401 652 locum
437 615 597 660 obtinet,
635 620 670 653 et
707 629 836 652 eorum
864 615 1019 653 tandem
1045 615 1198 666 publica
1226 615 1529 666 participatione.
1583 615 1639 653 Ut

94 681 210 730 igitur
256 681 372 718 menti
417 693 460 718 ac
507 681 693 718 voluntati
730 680 870 718 Christi
907 680 1062 718 Domini
1099 679 1256 717 satisfiat
1291 679 1329 717 in
1370 683 1516 717 Coenae
1553 693 1642 718 suae

95 746 349 790 institutione,
396 746 467 792 hoe
512 752 578 792 est,
623 750 665 783 ut
700 746 806 783 iuxta
839 739 1023 784 traditum
1060 745 1172 783 nobis
1210 746 1357 783 Coenae
1393 758 1478 782 suae
1515 746 1642 790 finem,

98 813 302 860 u-(242)su
338 811 439 848 illius
476 810 516 848 in
553 810 626 848 fide
663 815 814 848 nostrae
851 811 1044 861 cumipse
1075 809 1354 847 communionis
1383 809 1640 859 obsignemur,

97 876 418 929 quemadmodum
453 876 493 913 in
529 876 701 926 mysterii
728 875 846 926 ipsius
875 875 1247 914 considerationibus
1275 888 1317 912 ea
1345 875 1457 912 nobis
1485 875 1639 926 potissi-

95 956 197 980 mum
238 940 473 979 observanda
510 954 590 979 esse
633 940 876 987 ostendimus,
915 954 1009 992 quae
1049 953 1118 978 nos
1154 940 1322 978 omnium
1361 941 1640 980 evidentissime

99 1011 220 1044 certos
266 1006 426 1044 reddant
463 1006 507 1044 de
544 1010 696 1044 nostrae
734 1019 816 1043 eum
854 1005 937 1057 ipso
977 1005 1255 1043 communionis
1294 1009 1330 1043 et
1367 1005 1571 1043 donatione
1605 1010 1642 1044 et

95 1071 343 1122 possessione,
371 1093 420 1099 —
447 1071 498 1108 ita
535 1075 572 1108 et
607 1071 648 1108 in
686 1070 786 1120 signi
814 1071 961 1108 Coenae
991 1070 1161 1122 partibus
1189 1070 1374 1108 exhibitio
1401 1070 1641 1121 potissimum

96 1135 204 1186 panis
241 1148 284 1172 ac
320 1135 447 1185 poculi
485 1135 631 1172 Coenae
666 1135 706 1172 in
745 1135 870 1172 eibum
908 1139 944 1173 et
982 1139 1114 1186 potum
1144 1135 1386 1172 convivarum
1417 1148 1480 1186 per
1507 1127 1641 1173 manus

97 1199 279 1245 Ministri,
318 1204 353 1237 et
389 1212 537 1236 rursum
567 1199 734 1237 eiusdem
763 1199 873 1250 panis
900 1213 944 1237 ac
971 1200 1098 1250 poculi
1126 1212 1192 1250 per
1221 1200 1397 1236 convivas
1425 1213 1445 1237 e
1473 1200 1641 1238 Ministri

98 1264 272 1302 manibus
317 1263 485 1314 acceptio
521 1276 564 1301 ac
586 1264 838 1317 [participatio
874 1264 1039 1315 publica,
1077 1263 1335 1307 observandae
1361 1268 1451 1301 sunt
1487 1263 1642 1302 omnino

97 1327 360 1379 urgendaeque
397 1327 518 1365 modis
546 1328 722 1365 omnibus
752 1341 873 1379 neque
899 1328 978 1366 ullo
1007 1328 1123 1366 modo
1154 1328 1519 1379 praetermittendae,
1547 1342 1642 1380 qua-

98 1398 208 1431 tenus
247 1406 335 1431 sane
371 1393 452 1431 istis
489 1393 730 1444 potissimum
767 1394 868 1444 signi
885 1394 935 1454 xin
965 1395 1089 1432 Coena
1117 1393 1287 1445 partibus
1316 1398 1352 1432 et
1381 1394 1533 1432 donatio
1561 1379 1642 1445 ipsa

98 1463 134 1496 et
169 1459 282 1496 etiam
319 1462 449 1496 nostra
476 1460 664 1510 possessio
693 1462 844 1497 nostrae
874 1472 958 1497 cum
987 1460 1139 1498 Christo
1169 1459 1333 1497 Domino
1364 1460 1640 1498 communionis

100 1522 318 1572 designatur
354 1522 601 1560 adumbratur
638 1536 680 1560 ac
708 1527 1023 1575 repraesentatur.
1079 1525 1141 1562 Sic
1168 1529 1221 1569 ut,
1248 1525 1279 1562 si
1307 1526 1459 1576 quando
1487 1530 1551 1563 aut
1577 1539 1643 1577 per

98 1592 308 1638 temporum
334 1587 584 1638 iniquitatem,
613 1593 677 1626 aut
706 1602 771 1639 per
800 1590 1040 1639 tyrannidem
1069 1590 1424 1636 Antichristianam,
1453 1604 1530 1629 non
1558 1604 1641 1629 om-

101 1665 167 1690 nes
202 1652 342 1702 pariter
368 1652 536 1690 instituti
565 1667 584 1691 a
614 1653 766 1691 Christo
795 1653 961 1691 Domino
991 1654 1090 1704 signi
1119 1656 1268 1693 Coenae
1295 1660 1419 1706 partes
1448 1657 1641 1694 observari

99 1729 144 1754 ex
181 1729 299 1768 aequo
333 1717 481 1767 possint
526 1717 607 1755 sine
646 1722 746 1756 certo
785 1718 1025 1769 dissipandae
1061 1718 1254 1757 Ecclesiae
1291 1720 1471 1770 periculo,
1507 1725 1549 1758 ut
1586 1720 1640 1759 sic

99 1782 254 1832 inquam
293 1782 455 1819 Coenam
488 1772 648 1821 'Domini
684 1784 898 1834 postulante
927 1783 1097 1822 Ecclesia
1125 1784 1389 1822 administrare
1416 1785 1526 1824 liceat
1555 1800 1640 1824 eum

98 1846 213 1884 trium
250 1846 406 1884 istarum
442 1847 607 1897 partium
637 1847 737 1897 signi
764 1848 931 1897 legitima
960 1848 1236 1894 observatione,
1264 1848 1411 1887 etiamsi
1438 1850 1640 1901 reli-(243)

101 1925 196 1963 quae
233 1911 332 1961 signi
368 1917 505 1963 partes,
542 1916 583 1950 ut
621 1912 763 1951 dietum
800 1917 866 1960 est,
904 1927 948 1951 ex
984 1927 1103 1965 aequo
1141 1915 1332 1952 observari
1368 1929 1446 1953 non
1482 1918 1642 1967 possint,

101 1989 195 2027 quae
230 1981 355 2014 tamen
392 1976 685 2028 haudquaquam
723 1982 811 2016 sunt
846 1979 1213 2029 praetermittendae,
1250 1979 1282 2017 si
1310 1980 1386 2018 ullo
1414 1981 1526 2018 modo
1556 1995 1641 2020 cum

102 2054 193 2093 pace
219 2041 410 2079 Ecclesiae
437 2042 630 2079 observari
657 2055 701 2079 ac
727 2043 896 2081 revocari
923 2049 1073 2094 queant.
1129 2045 1215 2104 Qua
1243 2045 1282 2083 in
1310 2059 1349 2083 re
1379 2046 1546 2084 Ministri
1573 2061 1641 2099 po-

103 2105 290 2144 tissimum
327 2105 581 2143 Ecclesiarum
618 2106 728 2144 fidem
766 2120 810 2144 ae
847 2107 1080 2157 diligentiam
1119 2123 1224 2147 suam
1261 2109 1426 2148 Domino
1464 2111 1543 2150 Deo
1571 2112 1641 2149 im-

103 2170 248 2222 primis,
277 2170 409 2208 deinde
438 2184 525 2208 vero
555 2171 630 2208 suis
659 2171 769 2209 etiam
797 2172 979 2210 Ecclesiis
1008 2174 1216 2224 approbare
1244 2174 1447 2214 debebunt.

156 2234 262 2272 Haec
298 2234 349 2272 ita
387 2234 568 2272 docentur
606 2235 650 2272 de
686 2235 806 2284 signo,
843 2237 1025 2286 mysterio
1063 2250 1106 2274 ac
1133 2239 1207 2276 fine
1236 2240 1381 2276 Coenae
1409 2239 1642 2286 Dominicae.

104 2305 191 2338 ante
226 2299 329 2337 illius
357 2299 724 2337 administrationem
752 2313 795 2337 eo
824 2300 906 2350 ipso
936 2301 1007 2344 die,
1035 2315 1111 2352 quo
1141 2303 1266 2341 Coena
1292 2303 1549 2343 administrari
1577 2306 1641 2344 de-

104 2362 179 2402 bet.
225 2362 361 2413 Fitque
388 2363 426 2400 id
456 2362 684 2414 quandoque
713 2363 956 2410 contractius,
983 2365 1210 2416 quandoque
1239 2380 1323 2404 vero
1353 2368 1547 2418 prolixius,
1574 2383 1642 2421 pro

105 2441 146 2465 eo
184 2440 226 2464 ac
253 2427 292 2464 id
320 2440 378 2465 res
407 2432 442 2465 et
470 2432 614 2478 tempus
641 2427 764 2478 ipsum
793 2428 983 2479 postulare
1010 2429 1171 2469 videtur.
1225 2432 1352 2482 Atque
1379 2433 1429 2471 ita
1458 2434 1543 2472 finis
1571 2435 1641 2474 im-

105 2491 256 2541 ponitur
283 2491 356 2542 ipsi
385 2491 558 2542 publicae
587 2492 777 2531 concioni.
1633 2542 1673 2551 q

155 2556 288 2593 Postea
326 2556 472 2593 orditur
514 2556 761 2595 Ecclesiastes
803 2558 977 2608 publicae
1014 2558 1205 2597 Ecclesiae
1241 2574 1381 2611 preces,
1417 2577 1576 2614 quarum
1603 2551 1653 2605 irs

107 2619 363 2670 superioribus
403 2620 500 2658 circa
538 2620 612 2658 diei
650 2621 852 2659 cuiuslibet
889 2622 1083 2660 Dominici
1112 2626 1359 2663 ceremoniam
1391 2629 1643 2680 formaprae-

107 2684 245 2735 scripta
288 2684 459 2723 habetur.
514 2686 786 2737 Absolutisque
814 2687 998 2738 precibus,
1027 2688 1244 2739 priusquam
1272 2690 1442 2730 Psalmus
1471 2693 1644 2733 decante-

108 2752 180 2794 tur,
207 2747 341 2799 incipit
371 2749 516 2787 Coenae
546 2750 755 2788 ceremonia
783 2751 829 2788 ad
860 2751 960 2789 hunc
988 2752 1152 2791 modum.

161 2811 382 2850 Consistunt
418 2818 503 2852 ante
540 2814 667 2852 omnia
706 2814 884 2862 Ministri,
928 2817 1100 2854 Seniores
1136 2821 1172 2855 et
1207 2818 1368 2858 Diaconi
1401 2834 1531 2860 omnes
1559 2828 1644 2862 ante

112 2889 276 2915 mensam
311 2878 548 2925 instructam,
585 2892 690 2918 versa
725 2879 773 2917 ad
800 2880 980 2933 populum
1008 2881 1112 2932 facie,
1138 2887 1282 2934 praeter
1308 2884 1558 2925 Ecclesiasten
1586 2888 1644 2942 ip·
