1830 3147
1587 100 1651 135 -99

108 220 330 273 parentibus
365 222 429 258 aut
455 216 522 269 qui
548 219 744 268 parentum
772 218 858 254 sunt
884 215 982 259 loco,
1009 214 1102 252 haec
1130 213 1177 252 ab
1203 212 1281 251 illis
1307 224 1372 263 per
1391 210 1648 248 Ecclesiasten

109 286 259 338 publice
285 288 476 336 petuntur.

161 353 195 390 1.
249 342 304 388 Ut
331 349 378 388 ad
405 348 605 399 praecipua
633 346 827 396 religionis
856 345 989 396 capita,
1019 344 1065 382 de
1092 344 1230 395 quibus
1259 343 1363 381 iuxta
1390 340 1546 379 minoris
1576 340 1647 378 Ca-

107 414 282 454 techismi
308 412 477 451 ordinem
505 411 797 460 interrogantur,
828 407 1049 461 compendio
1079 407 1220 456 singuli
1246 405 1511 457 respondeant.

161 483 196 520 2.
250 479 427 517 Velintne
464 476 576 514 etiam
611 476 650 512 in
687 489 729 513 ea
766 475 854 512 fidei
892 473 1129 511 confessione
1164 485 1229 523 per
1265 470 1425 520 gratiam
1465 469 1536 507 Dei
1562 480 1648 519 per-

110 549 209 583 stare
255 557 298 581 ac
332 543 439 580 iuxta
475 541 577 578 illam
615 540 729 577 vitam
767 553 871 577 suam
906 538 1103 576 instituere
1139 536 1356 586 mundoque
1403 547 1446 572 ac
1490 535 1650 571 Satanae

112 623 195 648 cum
225 608 401 645 omnibus
429 605 576 657 pompis
602 605 722 655 ipsius
749 603 997 641 renunciare?

163 678 198 712 3.
239 673 415 710 Velintne
451 676 640 722 praeterea
677 669 897 720 disciplinae
934 681 1013 706 sese
1049 665 1336 705 Ecclesiastieae
1365 677 1409 702 ex
1438 663 1551 702 verbo
1580 662 1650 700 Dei

110 739 209 776 ultro
246 751 289 775 ac
325 741 458 788 sponte
494 749 558 773 sua
596 734 805 772 subiicere?
861 733 1006 784 Nempe
1043 736 1096 775 ut,
1124 730 1247 769 sicubi
1283 732 1450 780 peccent,
1478 727 1650 765 admoni-

109 805 247 849 tiones,
272 809 353 841 tum
382 802 557 854 privatas,
584 805 665 839 tum
694 800 877 851 publicas,
904 802 940 836 et
967 812 988 835 a
1019 795 1207 834 Ministris
1234 800 1271 833 et
1298 795 1345 832 ab
1375 807 1450 832 uno
1478 793 1647 845 quolibet

112 881 158 906 ex
194 867 363 908 Ecclesia
399 872 566 905 amanter
603 871 638 903 et
674 877 791 916 aequo
828 863 954 901 animo
990 862 1177 913 accipiant
1212 864 1325 912 atque
1363 860 1457 897 alios
1486 857 1652 896 vicissim

113 934 247 973 fratres
282 936 478 984 peccantes
515 931 754 970 admoneant.
810 930 898 974 Ant,
936 928 966 965 si
994 928 1090 965 ferre
1117 926 1241 965 nolint
1270 924 1557 963 Ecclesiasticas
1584 923 1651 960 ad-

113 998 353 1039 monitiones.
388 1002 431 1036 ut
466 996 677 1034 observatis
713 994 935 1045 disciplinae
971 992 1153 1043 gradibus
1189 987 1236 1030 ad
1264 994 1474 1029 extremum
1501 1001 1652 1026 excom-

115 1061 355 1099 municentur
390 1062 501 1109 (101)
539 1064 575 1098 et
610 1072 655 1097 ex
692 1058 862 1096 Ecclesia
898 1057 1005 1095 eiecti
1044 1056 1207 1094 Diabolo
1244 1056 1281 1093 in
1310 1055 1505 1093 interitum
1535 1053 1657 1091 earnis

117 1126 331 1164 tradantur.

168 1190 418 1241 Respondent,
439 1189 486 1227 ad
514 1189 606 1226 haee
634 1188 780 1226 omnia:
814 1187 1011 1226 uEtiam,”

169 1257 302 1294 Postea
338 1256 585 1293 Ecclesiastes
622 1254 760 1292 invitat
797 1253 1007 1290 Ecclesiam
1037 1251 1085 1290 ad
1111 1251 1366 1303 precationem
1396 1254 1432 1288 et
1461 1263 1500 1292 ea
1531 1249 1568 1286 in
1597 1262 1663 1298 ge·

119 1335 191 1360 nua
218 1321 489 1373 procumbente
517 1320 617 1358 clara
644 1332 735 1358 voce
761 1322 947 1370 precatur,
976 1316 1023 1355 ad
1051 1317 1152 1355 hunc
1180 1316 1354 1365 modum:

175 1448 457 1499 ''Omnipotens
494 1447 616 1494 Deus,
643 1446 855 1485 misericors
891 1447 1021 1484 Pater!
1059 1445 1123 1497 qui
1157 1458 1234 1484 non
1270 1446 1340 1492 vis,
1367 1449 1407 1483 ut
1435 1445 1493 1483 vel
1521 1458 1617 1483 unus
1646 1458 1665 1482 e

120 1514 284 1564 parv-ulis
318 1513 394 1552 tuis
430 1518 568 1565 pereat,
603 1526 698 1564 quos
734 1512 781 1550 ad
818 1513 875 1551 tui
911 1512 1078 1550 nominis
1114 1512 1275 1561 gloriam
1304 1512 1344 1549 in
1372 1515 1439 1549 tuo
1468 1510 1666 1561 unigenito

121 1579 200 1616 filio
235 1579 324 1616 Iesu
359 1578 509 1622 Christo
547 1592 567 1616 a
612 1583 731 1616 morte
775 1578 816 1615 in
861 1577 976 1615 vitam
1013 1581 1202 1614 aeternam
1239 1575 1445 1614 seeundum
1473 1575 1664 1626 copiosam

121 1648 224 1679 tuam
251 1642 547 1680 misericordiam
576 1642 780 1691 regenuisti
810 1643 854 1690 ¹),
880 1663 931 1670 —
958 1641 1105 1691 agimus
1132 1641 1206 1679 tibi
1232 1640 1386 1690 gratias,
1411 1640 1511 1691 quod
1530 1653 1666 1691 pueros

124 1708 236 1746 hosce
274 1713 423 1746 nostros
447 1714 523 1759 'per
561 1708 742 1759 Spiritum
780 1711 953 1745 sanetum
994 1712 1100 1745 tuum
1128 1706 1284 1744 salutari
1313 1705 1544 1756 cognitione,
1571 1718 1666 1756 quae

123 1786 207 1811 vera
237 1773 385 1811 demum
413 1778 469 1810 est
497 1773 693 1824 sapientia,
720 1772 901 1810 imbuisti.
938 1772 1067 1823 Teque
1097 1772 1283 1823 supplices
1312 1784 1475 1816 oramus,
1504 1770 1665 1808 sanctis·

123 1839 216 1877 sime
253 1839 381 1877 Pater!
410 1839 474 1890 qui
504 1839 605 1877 solus
634 1838 775 1889 alioqui
803 1839 842 1876 in
871 1838 983 1876 nobis
1012 1838 1137 1883 efficis,
1166 1843 1218 1882 ut,
1245 1850 1339 1888 quae
1367 1836 1438 1875 tibi
1468 1840 1555 1874 sunt
1582 1836 1664 1887 pla·

124 1905 211 1948 cita,
238 1908 273 1942 et
303 1904 460 1942 velimus
489 1907 524 1941 et
552 1903 800 1954 perficiamus,
819 1924 869 1931 -
897 1906 937 1940 ut
963 1915 1099 1953 pueros
1128 1901 1240 1939 hosce
1268 1906 1418 1939 nostros
1437 1913 1580 1951 nosque
1599 1913 1666 1951 pa-

122 1969 213 2007 riter
240 1982 369 2006 omnes
398 1968 516 2006 oeulis
544 1972 631 2006 tuae
659 1967 939 2006 misericordiae
967 1967 1142 2018 deinceps
1171 1966 1284 2004 etiam
1319 1965 1458 2003 intueri
1487 1965 1666 2015 digneris.

125 2035 180 2072 Ut
213 2047 342 2072 omnes
378 2034 517 2085 pariter
552 2033 673 2070 indies
711 2033 831 2082 magis
869 2046 913 2070 ae
948 2032 1068 2081 magis
1106 2033 1146 2069 in
1186 2045 1270 2069 vera
1297 2031 1355 2069 tui
1384 2030 1600 2080 cognitione
1628 2023 1664 2067 et

125 2099 365 2147 observantia
407 2100 517 2147 (102)
552 2111 616 2149 per
653 2098 834 2149 Spiritum
874 2103 1045 2135 sanctum
1082 2102 1188 2135 tunm
1226 2109 1513 2148 promoveamus
1550 2096 1666 2146 inque

125 2164 189 2202 illa
233 2163 280 2201 ad
326 2165 438 2209 linem
475 2176 590 2214 usque
625 2168 691 2215 tuo
728 2163 911 2200 beneficio
956 2176 1021 2214 per
1064 2162 1213 2200 assidua
1250 2161 1398 2213 pietatis
1434 2161 1665 2199 incrementa

124 2241 411 2280 perseveremus,
448 2241 540 2266 neve
584 2228 671 2265 ullis
718 2227 822 2264 falsis
861 2227 1044 2265 doctrinis
1081 2241 1102 2264 a
1147 2226 1303 2264 veritate
1340 2231 1403 2264 tua
1432 2225 1666 2263 abducamur

125 2299 189 2332 aut
226 2294 310 2331 ullis
348 2294 435 2332 item
472 2294 604 2344 mundi
639 2293 749 2330 huius
789 2292 985 2343 carnisque
1014 2298 1165 2330 nostrae
1192 2292 1379 2339 illecebris
1405 2291 1665 2342 praestigiisve

125 2374 146 2397 a
185 2359 253 2397 viis
289 2360 365 2397 tuis
402 2359 479 2396 ullo
508 2358 619 2396 modo
648 2357 890 2404 abducamur,
921 2357 997 2403 sed,
1024 2362 1225 2407 augmenta
1254 2370 1398 2408 semper
1424 2357 1465 2394 in
1493 2356 1572 2394 filio
1598 2360 1664 2394 tuo

125 2434 324 2472 sumentes,
352 2429 388 2463 te
415 2429 592 2476 perpetuo
620 2424 659 2461 in
688 2427 817 2461 nostra
844 2423 1013 2461 Ecclesia
1041 2423 1306 2472 glorificemus.
1338 2422 1501 2461 Amen.”

180 2555 304 2594 Finita
341 2555 555 2606 precatione
596 2554 843 2592 Ecclesiastes
872 2553 1040 2591 modeste
1069 2552 1257 2591 collaudat
1285 2565 1486 2604 puerorum
1513 2552 1663 2590 illorum

128 2625 299 2672 parentes
335 2624 400 2658 aut
437 2620 502 2671 qui
537 2618 734 2670 parentum
767 2619 852 2656 loeo
889 2624 988 2663 sunt,
1024 2631 1092 2670 pro
1131 2618 1327 2656 sedulitate
1363 2618 1530 2669 ipsorum
1569 2618 1667 2655 eirca

128 2700 326 2738 puerorum
356 2686 634 2723 institutionem
663 2690 904 2736 amanterque
932 2685 1017 2723 illos
1058 2688 1198 2728 monet,
1226 2698 1271 2722 ne
1299 2683 1344 2722 de
1372 2697 1437 2721 sua
1465 2697 1553 2732 erga
1581 2684 1666 2720 illos

130 2765 218 2789 eura
254 2751 458 2803 quidquam
494 2750 701 2796 remittant,
738 2764 783 2789 ne
819 2764 892 2801 quo
929 2750 1042 2787 modo
1080 2762 1144 2800 per
1180 2749 1347 2800 ipsorum
1385 2749 1668 2797 negligentiam,

176 2881 200 2920 ¹>
225 2879 343 2912 Matth.
367 2880 415 2911 18.
443 2880 456 2910 l
484 2880 570 2911 Petri
597 2881 624 2912 1.

1474 2936 1521 2978 7*
