1830 3147
1579 122 1650 159 145

120 220 244 260 Coena
283 223 480 262 Dominica
515 229 639 276 partes
675 226 875 264 observare
904 240 984 265 cum
1014 242 1104 279 pace
1132 229 1322 268 Ecclesiae
1349 234 1506 282 possunt
1546 235 1581 269 et
1607 232 1647 269 id

119 285 240 324 facere
288 288 433 335 nolunt,
481 290 587 340 culpa
624 289 840 328 hauddubie
876 291 1068 330 obscurati
1104 294 1261 332 Cocnae
1286 294 1455 344 mysterii
1488 294 1649 333 liberare

119 362 194 388 non
241 353 440 402 possimus.
494 354 574 391 Iam
612 367 697 392 vero
737 355 782 393 de
816 356 899 406 ipso
936 357 1082 394 Coeuae
1123 357 1343 396 Dominicae
1377 359 1555 410 mysterio
1593 359 1648 396 vi-

119 413 283 455 dcamus.

172 543 237 582 De
282 544 472 584 Coenae
507 545 799 586 Dominicae
835 550 1072 600 mysterio
1118 555 1161 588 et
1198 551 1252 589 ad
1289 566 1425 603 quem
1464 553 1648 592 modum

122 609 290 647 multis
319 610 598 650 nominibus
626 613 673 651 in
703 614 890 653 Coenae
917 629 1005 654 usu
1033 617 1403 657 commendetur.

173 739 265 778 Cum
303 755 401 779 unus
438 742 487 780 sit
521 748 633 794 atque
659 744 759 783 idem
788 747 835 783 ab
865 751 1015 785 aeterno
1044 752 1080 786 et
1106 748 1145 785 in
1174 753 1368 787 aeternum
1396 748 1510 794 Deus,
1536 763 1652 788 unum

120 803 210 841 item
247 810 356 856 atque
391 806 489 845 idcm
523 808 625 846 illius
663 809 861 848 nobiscum
900 811 1032 850 foedus
1060 816 1263 860 aeternum,
1291 818 1474 863 quatenus
1502 827 1589 852 sane
1617 814 1656 852 in

119 871 278 920 utraque
317 870 485 910 Ecclesia
521 885 650 912 omnes
686 874 862 913 Abrahae
898 877 966 922 filii
1003 890 1083 915 esse
1121 890 1325 925 censemur,
1362 892 1458 916 unus
1496 879 1656 931 denique

121 932 192 971 Dei
226 939 262 971 et
301 935 496 974 hominum
531 938 716 976 mediator
752 939 855 977 Deus
892 941 1032 991 pariter
1059 948 1170 993 atque
1198 942 1310 980 homo
1341 943 1512 982 Christus
1540 945 1660 989 Iesus,

120 1001 155 1036 et
184 1011 256 1036 una
284 1004 396 1050 atque
424 1002 550 1039 eadem
580 1003 746 1041 omnium
776 1004 816 1042 in
844 1005 926 1056 ipso
957 1006 1089 1044 salutis
1118 1008 1229 1052 ratio,
1246 1021 1426 1046 —unum
1445 1023 1533 1048 sane
1545 1011 1657 1058 (208)

120 1066 231 1113 atque
267 1064 365 1102 idem
394 1065 442 1103 sit
470 1067 581 1104 etiam
610 1080 762 1106 neccsse
788 1074 844 1106 est
873 1070 1089 1119 mysterium
1119 1072 1290 1110 omnium
1319 1073 1659 1113 Sacramentorum.

122 1129 194 1166 Sed
231 1130 544 1180 quemadmodum
583 1145 698 1170 unum
735 1133 775 1170 in
811 1147 946 1183 genere
983 1136 1130 1173 Coenac
1158 1136 1380 1175 Dominicae
1408 1138 1662 1188 signum,·ex·

118 1197 237 1236 terna,
263 1194 431 1245 inquam,
456 1196 558 1234 illius
586 1197 684 1235 actio
715 1211 779 1236 seu
808 1199 1032 1246 ceremonia,
1058 1201 1189 1239 multis
1218 1202 1466 1240 nihilominus
1488 1203 1660 1254 partibus

120 1264 279 1303 constat,
324 1273 480 1310 quarum
518 1275 766 1313 unaquaeque
802 1277 911 1301 suum
949 1266 1170 1316 mysterium
1206 1267 1417 1314 adumbrat,
1454 1268 1508 1305 ita
1544 1281 1661 1307 unum

120 1322 212 1360 illud
249 1329 361 1375 atque
393 1325 493 1363 idem
521 1326 635 1364 etiam
664 1328 832 1366 omnium
861 1330 1192 1369 sacramentorum
1220 1334 1441 1381 mysterium
1471 1333 1548 1370 suis
1576 1334 1663 1383 qui-

119 1387 277 1425 busdam
318 1389 488 1439 partibus
527 1395 688 1430 constat.
744 1392 835 1430 Non
871 1393 973 1444 quod
1011 1394 1211 1448 intpartcs
1240 1396 1336 1433 ullas
1366 1396 1568 1440 dividatur,
1597 1398 1660 1434 sed

120 1451 220 1502 quod
258 1453 385 1491 multis
414 1454 525 1492 nobis
555 1455 785 1501 nominibus,
814 1458 929 1495 veluti
957 1459 1127 1509 partibus
1156 1460 1384 1510 quibusdam
1414 1460 1504 1506 suis,
1532 1460 1660 1498 divino

123 1517 304 1555 beneficio
333 1520 630 1558 commendetur.
687 1523 750 1559 Sic
776 1526 818 1560 ut
847 1523 885 1560 in
915 1524 1083 1574 qualibet
1112 1524 1211 1574 signi
1237 1525 1277 1562 in
1307 1526 1431 1563 Coena
1459 1525 1662 1563 Dominica

122 1586 225 1632 parte
274 1583 471 1634 peculiaris
528 1598 672 1636 semper
715 1587 841 1638 aliqua
887 1589 1055 1638 mysterii
1101 1589 1246 1627 Coenae
1293 1589 1567 1628 commendatio
1613 1591 1662 1628 ob

122 1646 250 1684 oculos
279 1652 429 1685 nostros
460 1649 667 1698 symbolica
695 1650 987 1690 adumbratione
1014 1658 1189 1704 ponatur.
1244 1654 1304 1691 Ita
1332 1658 1470 1698 tamon,
1500 1660 1538 1692 ut
1566 1655 1663 1693 inter

121 1716 245 1761 partes
280 1713 378 1763 ipsas
416 1714 515 1762 signi
553 1715 698 1753 Coenae
735 1716 850 1754 totius
894 1717 987 1755 aliae
1015 1719 1098 1756 aliis
1127 1719 1338 1769 expressius
1367 1720 1661 1769 significantius-

121 1789 192 1826 que
219 1777 330 1815 nobis
357 1779 575 1827 mysterium
604 1779 729 1830 ipsum
758 1780 956 1830 designent
983 1795 1027 1819 ac
1054 1787 1345 1834 repraesentent.

173 1841 302 1879 Unum
339 1855 451 1893 porro
490 1844 582 1881 illud
606 1850 716 1896 atque
745 1845 841 1884 idem
871 1848 1041 1885 omnium
1069 1849 1399 1887 sacramentorum
1429 1849 1658 1900 mysterium,

119 1911 154 1944 et
183 1907 340 1958 proinde
367 1909 513 1946 Coenae
542 1923 691 1960 quoque
717 1910 951 1957 Dominicae,
978 1917 1190 1958 est-nostra
1219 1927 1301 1951 cum
1324 1914 1473 1952 Christo
1494 1914 1659 1952 Domino

119 1972 285 2020 gratuito
322 1973 431 2011 nobis
468 1973 589 2011 delata
619 1977 833 2014 communio
861 1977 900 2014 in
930 1990 1084 2028 corpore
1112 1983 1148 2016 ct
1177 1979 1362 2028 sang-uine
1389 1980 1520 2030 ipsius,
1561 1993 1655 2030 quae

119 2036 270 2087 quidem
307 2037 417 2075 etiam
455 2038 606 2076 unicum
643 2044 699 2077 est
734 2054 960 2092 prorsusque
997 2043 1120 2080 solum
1156 2043 1319 2081 medium
1347 2044 1478 2082 salutis
1507 2049 1656 2082 nostrae

121 2102 300 2147 omnium,
335 2103 519 2153 siquidem
555 2106 666 2152 (209)
695 2105 788 2143 illud
818 2107 1004 2145 destinato
1047 2121 1089 2145 ac
1119 2109 1248 2146 rebelli
1277 2115 1493 2160 contemptu
1522 2114 1652 2147 nostro

120 2166 269 2217 ipsimet
296 2180 314 2203 a
343 2167 453 2206 nobis
481 2181 557 2204 non
585 2169 848 2219 propellamus.
877 2171 1012 2221 Neque
1041 2185 1125 2209 vero
1154 2178 1283 2210 nostra
1311 2173 1401 2210 haec
1429 2187 1512 2210 cum
1543 2172 1652 2210 Chri-

121 2236 178 2270 sto
216 2231 379 2269 Domino
416 2235 455 2269 in
496 2245 651 2284 corpore
687 2240 722 2273 ct
759 2236 942 2284 sanguine
979 2236 1095 2287 ipsius
1133 2238 1344 2275 communio
1380 2241 1461 2276 tum
1488 2238 1647 2289 primum

120 2297 240 2348 coepit
275 2297 434 2343 institui,
473 2310 554 2335 cum
593 2299 765 2337 Christus
804 2300 989 2339 Dominus
1025 2302 1065 2340 in
1103 2303 1229 2340 Coena
1257 2316 1322 2340 sua
1353 2303 1545 2354 Apostolis
1574 2305 1652 2342 suis

117 2373 250 2411 panem
287 2373 330 2397 ac
365 2360 540 2411 poculum
577 2362 723 2400 Coenae
758 2363 964 2407 exhiberet,
1000 2364 1062 2403 sed
1099 2365 1247 2403 initium
1287 2380 1395 2404 suum
1424 2366 1536 2405 habet
1563 2372 1650 2406 ante

116 2430 283 2476 tempora
312 2429 472 2471 aeterna,
501 2430 683 2476 quatenus
715 2440 804 2465 sane
831 2433 916 2466 ante
944 2433 1113 2480 tempora
1142 2435 1292 2467 aeterna
1319 2430 1357 2468 in
1387 2431 1537 2469 Christo
1567 2431 1645 2470 Do-

117 2490 219 2527 mino
256 2489 302 2527 ad
339 2489 453 2527 vitam
491 2495 678 2528 aeternam
712 2492 820 2530 electi
855 2497 965 2544 atquc
1000 2494 1039 2532 in
1067 2495 1165 2532 filios
1194 2495 1263 2533 Dei
1288 2496 1393 2534 iuxta
1420 2497 1527 2534 Pauli
1555 2498 1647 2536 doc-

115 2554 255 2592 trinam
290 2553 458 2604 adoptati
493 2557 685 2604 sumus1).
738 2556 841 2606 Eligi
878 2558 977 2595 enim
1014 2563 1076 2596 aut
1114 2560 1284 2610 adoptari
1320 2560 1356 2598 in
1389 2561 1538 2600 Christo
1568 2577 1644 2601 non

116 2618 318 2670 potuimus,
356 2618 387 2655 si
423 2632 499 2656 non
535 2619 699 2670 aliquam
734 2634 817 2658 cum
852 2622 917 2659 illo
956 2623 1028 2661 iam
1056 2628 1149 2668 tum,
1176 2624 1216 2662 in
1244 2624 1371 2662 divina
1397 2627 1644 2677 providentia,

117 2683 418 2720 communionem
446 2683 718 2723 habuissemus.
759 2685 891 2737 Neque
919 2687 991 2724 alia
1021 2689 1234 2726 communio
1263 2695 1390 2728 nostra
1420 2704 1505 2729 cum
1534 2692 1650 2729 Chri·

116 2750 173 2783 sto
202 2745 367 2783 Domino
395 2746 566 2793 habetur,
592 2761 700 2798 quam
730 2762 784 2796 ea,
811 2763 905 2801 quae
932 2755 988 2790 cst
1016 2752 1054 2790 in
1085 2765 1237 2803 corpore
1266 2758 1302 2791 et
1317 2755 1500 2804 sanguine
1516 2755 1644 2806 ipsius,

159 2873 183 2911 ¹)
207 2872 289 2914 Eph.
315 2873 341 2904 l.
386 2874 405 2904 ,⁴3
429 2873 510 2905 Tim.
534 2874 562 2906 l.

163 2925 220 2969 ΙΙ.
1448 2939 1495 2977 10
