1830 3147
65 377 141 408 Luc.
164 375 286 407 XXIII.

66 421 166 462 Apoc.
190 418 245 449 IX.

66 619 162 650 Gene.
186 618 214 656 6,
238 618 268 650 8.

63 814 159 846 Deut.
182 814 232 845 32.

59 1055 160 1087 Exod.
184 1056 232 1094 12,
257 1056 308 1088 13.

62 1098 158 1130 Deut.
181 1099 210 1136 4,
234 1098 263 1129 6.

66 2332 162 2363 Dent.
185 2332 271 2363 XXI.

68 2374 84 2405 1
109 2374 185 2416 Reg,
209 2375 238 2412 2,
261 2376 292 2407 4.

347 114 421 150 344
823 124 993 154 onnon.
1022 126 1131 156 1:001„
1158 126 1276 156 tom).

347 223 403 261 tui
433 222 618 261 bonarum
646 236 871 276 pascuarum
898 229 935 263 et
962 238 1155 278 aquarum,
1181 227 1431 281 omnibusque
1450 229 1583 282 alupis
1604 230 1759 270 belluis-

350 301 421 338 que
456 288 632 339 periculis
669 290 863 340 expositus
900 295 968 337 est,
994 291 1163 343 adeoque
1190 293 1294 331 verbi
1321 295 1378 332 sui
1404 298 1483 332 tam
1509 296 1760 335 necessarium

352 352 486 390 habuit
522 353 709 392 Dominus
746 354 786 393 in
824 355 994 393 Ecclesia
1030 369 1096 394 sua
1131 357 1380 396 ministerium
1417 360 1615 412 ipsumque
1652 361 1760 412 quasi

353 417 488 463 solum,
514 430 588 468 quo
616 417 656 456 in
683 419 788 456 omni
815 419 1006 470 probitate
1032 425 1144 471 atque
1170 422 1309 473 pietate
1337 423 1394 461 sui
1423 424 1689 473 colligerentur
1717 438 1761 463 ac

352 481 638 529 sustinerentur,
666 483 959 521 instrumentum
988 484 1166 524 instituit.
1222 486 1362 532 Tertio,
1400 487 1602 526 dummodo
1643 490 1760 527 viola-

350 548 411 583 tae
447 548 501 594 (A
528 546 606 595 iiia)
641 551 796 585 naturae
832 552 982 586 nostrae
1017 550 1195 600 pinguem
1223 551 1412 589 inscitiam
1440 559 1554 604 atque
1579 554 1627 591 ab
1656 558 1759 593 utero

350 611 480 649 matris
508 611 684 649 adnatam
712 612 823 650 nobis
850 613 1130 664 perversitatem
1158 615 1413 666 respiciamus,
1441 618 1552 655 facile
1578 618 1760 669 intelligi·

349 679 423 721 tur,
458 680 641 727 quantum
667 677 833 727 parvulis
862 678 1078 716 Christiana
1105 679 1344 718 institutione
1372 694 1465 733 opus
1495 682 1555 728 sit,
1582 688 1622 721 ut
1650 697 1759 722 sanc-

349 743 427 777 tam
474 740 706 778 voluntatem
753 740 909 779 Domini
935 742 1090 793 eiusque
1126 744 1204 781 vias
1241 744 1376 791 edocti,
1417 746 1540 798 adque
1577 747 1657 786 eius
1697 761 1760 786 oo-

350 803 558 853 gnitionem
587 817 632 842 ac
657 805 831 843 timorem
858 820 880 844 a
907 807 1065 857 pueritia
1103 807 1191 846 inde
1225 808 1362 854 adacti,
1389 811 1567 849 omnibus
1595 812 1667 862 piis
1696 825 1759 850 ac-

349 869 518 907 tionibus
546 869 782 920 adaptentur,
809 875 845 908 et
873 872 1015 909 cultum
1046 871 1127 916 Dei,
1153 885 1242 922 erga
1270 874 1461 924 proximos
1481 875 1757 915 observantiam

350 945 394 970 ac
430 932 659 983 reipublicae
687 934 843 972 salutem
870 935 973 972 omni
999 935 1187 973 industria.
1213 949 1281 987 pro
1311 937 1438 975 debito
1467 951 1534 976 suo
1561 952 1759 990 promove-

350 1000 429 1035 ant.
483 996 588 1033 Hinc
621 1001 698 1034 tam
734 998 899 1047 graviter
926 999 1067 1050 ubique
1094 999 1202 1038 iussit
1239 1000 1440 1047 Dominus,
1467 1002 1597 1041 sedulo
1623 1016 1760 1054 parvu-

349 1060 407 1098 los
442 1065 638 1112 praecepta
676 1061 802 1100 divina
837 1062 975 1110 doceri,
1007 1067 1049 1101 ut
1075 1064 1313 1115 reputatione
1338 1079 1560 1116 magnorum
1588 1067 1759 1105 ineffabi-

347 1125 515 1176 liumque
553 1126 621 1163 Dei
657 1126 938 1173 beneficiorum,
974 1141 1070 1179 quae
1097 1128 1207 1166 nobis
1235 1130 1411 1168 omnibus
1439 1130 1475 1168 in
1506 1131 1657 1169 Christo
1685 1133 1758 1170 lar-

347 1191 449 1241 gitus
485 1195 552 1237 est,
588 1191 635 1229 ad
671 1191 817 1230 laudem
846 1193 1010 1230 nominis
1038 1193 1245 1232 ulationem
1275 1199 1311 1232 et
1336 1195 1538 1247 gratipsius
1568 1198 1759 1243 commoti,

346 1255 494 1304 integra
536 1255 609 1294 fide
654 1269 740 1294 eum
785 1269 829 1294 ac
875 1263 973 1296 certa
1006 1271 1070 1309 spe
1095 1257 1134 1295 in
1163 1258 1266 1296 omni
1295 1260 1495 1299 sanctitate
1523 1261 1688 1300 colerent
1714 1275 1758 1301 ac

346 1320 505 1359 iustitia.

401 2099 568 2137 Eandem
606 2098 816 2136 doctrinam
852 2099 989 2136 Paulus
1024 2098 1245 2149 parentibus
1280 2099 1410 2144 tradit,
1447 2099 1593 2137 dicens:
1633 2099 1756 2144 nvos,

349 2167 488 2216 patres!
518 2163 634 2202 nolite
662 2164 709 2201 ad
735 2163 966 2201 iracundiam
995 2176 1198 2214 provocare
1224 2163 1323 2201 filios
1344 2168 1499 2210 vestros,
1517 2163 1580 2202 sed
1598 2164 1757 2202 educare

349 2230 435 2267 illos
470 2229 511 2267 in
547 2228 746 2279 disciplina
783 2230 835 2276 (A
862 2227 940 2276 iiib)
970 2232 1006 2265 et
1045 2228 1279 2279 correptione
1305 2227 1497 2274 Domini,''
1524 2241 1618 2279 quae
1645 2229 1755 2267 insti-

348 2293 445 2330 tutio
490 2292 568 2330 sola
613 2304 762 2342 quoque
804 2292 901 2329 ratio
938 2295 993 2329 est
1028 2291 1257 2342 procurandi
1303 2305 1446 2343 semper
1481 2292 1521 2330 in
1565 2292 1755 2343 republica

349 2357 518 2406 integros
554 2368 597 2393 ac
633 2355 869 2393 Christianos
906 2368 1133 2393 oeconomos
1169 2359 1205 2393 et
1232 2360 1408 2400 rectores,
1435 2369 1529 2407 quos
1557 2369 1576 2393 e
1604 2359 1754 2394 contra-

350 2420 405 2458 rio
451 2421 590 2457 frustra
626 2432 793 2470 quaeres,
829 2419 896 2456 ubi
933 2419 1024 2457 haec
1059 2420 1299 2470 parvulorum
1334 2419 1523 2457 institutio
1563 2419 1677 2464 deest,
1713 2423 1756 2456 ut

349 2484 517 2534 exempla
544 2482 727 2521 nonnulla
753 2486 832 2519 tam
859 2482 898 2520 in
928 2483 1143 2533 Scripturis,
1170 2497 1281 2534 qnam
1310 2484 1350 2520 in
1379 2481 1560 2520 Historiis
1574 2482 1755 2533 profanis,

349 2547 424 2584 imo
460 2547 541 2598 ipsa
580 2546 806 2597 experientia
833 2546 944 2584 nobis
972 2550 1208 2592 attestantur,
1235 2547 1326 2585 adeo
1355 2550 1397 2584 ut
1423 2546 1568 2583 nullum
1598 2545 1751 2583 dubium

350 2611 521 2662 supersit,
548 2611 639 2662 quin
667 2610 756 2648 haec
784 2610 856 2648 tria
883 2611 1046 2649 maxima
1075 2611 1307 2662 maximeque
1335 2610 1543 2649 necessaria
1571 2610 1753 2649 beneficia

350 2675 522 2715 habenda
550 2675 639 2720 sint,
666 2687 761 2727 quae
785 2673 823 2712 in
855 2674 1009 2712 salutem
1039 2675 1267 2727 reipublicae
1293 2679 1523 2726 exoptemus.

1355 2737 1366 2749 .
