1830 3147
1547 140 1618 179 257

85 255 206 301 Certe,
244 258 285 293 ut
312 254 456 292 fructus
484 256 596 304 atque
624 256 884 290 ornamentum
913 251 1142 299 istiusmodi,
1177 264 1298 303 neque
1322 251 1363 289 in
1393 250 1625 301 virginitate,

78 331 199 370 neque
233 318 272 357 in
310 317 383 356 alio
421 318 531 369 plane
570 316 647 355 ullo
677 316 884 355 coelibatus
912 316 1034 355 nostri
1060 330 1196 367 genere
1224 316 1516 356 commonstrari
1541 317 1619 354 ullo

77 382 326 434 proculdubio
362 382 476 420 modo
509 385 645 433 potest,
683 381 735 419 ita
772 394 882 419 nemo
920 382 1031 431 (591)
1070 381 1184 419 etiam
1225 381 1329 424 aliud
1366 381 1486 419 ullum
1523 380 1621 419 vitae

75 460 194 496 genus
239 459 397 498 aequare
437 445 691 492 matrimonio,
731 450 1041 484 ornamentorum
1086 446 1306 497 praesertim
1344 458 1389 484 ac
1425 445 1618 484 fructuum

79 511 242 559 nomine,
276 512 354 549 ullo
383 510 495 550 modo
523 514 659 562 potest.

130 576 239 615 Quae
283 575 344 613 hic
391 575 436 614 de
483 575 698 625 virginitate
743 579 854 626 atque
900 574 1132 624 Euangelica
1174 574 1239 612 illa
1275 579 1427 626 propter
1461 587 1619 624 regnum

77 640 148 679 Dei
192 641 419 679 castratione
467 640 658 682 dicuntur,
695 653 828 691 nempe
863 639 966 691 quod
1003 653 1069 691 per
1104 639 1195 677 haec
1235 639 1360 690 plures
1397 639 1515 677 multo
1552 638 1620 676 filii

78 705 149 743 Dei
183 706 460 757 progignantur
497 705 537 744 in
575 705 843 743 Ecclesiastico
879 704 1104 750 ministerio,
1141 717 1252 755 quam
1273 698 1329 742 “in
1364 703 1621 746 matrimonio,

79 768 205 821 inepte
241 771 366 822 plane,
403 783 449 808 ne
489 769 611 807 dicam
639 769 753 821 impie
781 770 906 815 etiam,
943 769 1182 808 adducuntur
1211 768 1258 806 ad
1286 769 1516 807 matrimonii
1543 769 1618 806 ele-

79 834 280 888 vationem.
328 835 426 873 Quis
463 834 562 873 enim
592 834 703 880 dicat,
734 834 951 883 virginitate
975 834 1018 880 ,id
1045 837 1109 872 aut
1135 834 1214 872 ulla
1241 833 1396 872 omnino
1424 834 1619 871 ministro—

78 912 160 938 rum
204 900 431 939 castratione
459 899 563 946 effici,
592 903 631 938 ut
659 900 728 937 filii
756 899 826 937 Dei
853 899 922 937 ulli
950 899 1106 938 omnino
1133 912 1200 951 per
1227 898 1533 937 Ecclesiasticum
1561 899 1619 936 ul-

78 963 157 1002 lum
192 964 442 1003 ministerium
483 964 775 1016 progignantur,
810 964 856 1002 ad
895 978 1005 1016 quem
1043 977 1133 1003 sane
1169 964 1324 1002 modum
1359 977 1444 1002 vere
1471 963 1547 1002 dici
1574 963 1619 1002 de

79 1029 320 1068 matrimonio
354 1034 491 1081 potest,
517 1030 686 1080 legitimo
715 1029 818 1067 illius
846 1043 917 1068 usu
943 1029 983 1067 id
1011 1030 1104 1068 effici
1131 1029 1171 1068 in
1200 1029 1341 1068 Christi
1369 1029 1552 1075 Ecclesia,
1577 1033 1621 1068 ut

78 1109 123 1134 ex
167 1095 307 1133 nostris
350 1096 519 1146 ipsorum
563 1095 704 1133 lumbis
748 1095 887 1133 virtute
934 1095 1054 1133 divini
1088 1095 1287 1134 nobiscum
1323 1095 1485 1134 foederis
1522 1095 1621 1134 filios

79 1159 149 1198 Dei
183 1159 467 1211 progignamuS.
523 1160 686 1211 Spiritus
723 1159 845 1197 sancti
878 1159 918 1197 id
960 1159 1115 1211 quidem
1144 1159 1273 1198 virtuti
1302 1160 1453 1198 divinae
1480 1160 1520 1198 in
1549 1160 1620 1198 mi-

77 1225 233 1264 nisterio
270 1225 539 1263 Ecclesiastico
575 1225 738 1263 libenter
773 1225 990 1270 tribuimus,
1028 1224 1093 1262 sed
1120 1238 1196 1262 non
1225 1223 1295 1262 ulli
1323 1224 1480 1262 omnino
1507 1224 1620 1262 mini-

79 1293 242 1328 strorum
278 1289 469 1340 dignitati,
504 1290 624 1328 multo
660 1290 786 1328 minus
824 1294 950 1328 autem
989 1302 1119 1328 eorum
1148 1289 1362 1340 virginitati
1389 1293 1453 1328 aut
1481 1293 1621 1327 castra·

78 1355 186 1403 tioni,
225 1369 322 1407 quae
360 1355 666 1394 commoditatem
705 1369 795 1394 sane
823 1355 986 1410 aliquam
1015 1355 1055 1393 in
1083 1354 1296 1393 ministerio
1325 1368 1450 1393 secum
1478 1354 1623 1393 adferre

78 1422 272 1472 utcunque
316 1424 441 1472 potest
486 1424 639 1472 propter
684 1423 794 1458 natas
837 1433 881 1458 ex
919 1422 1075 1471 peccato
1111 1419 1151 1457 in
1188 1421 1300 1468 (592)
1338 1424 1512 1471 corrupta
1547 1419 1621 1457 iam

84 1488 219 1523 natura
248 1485 389 1536 alioqui
419 1490 548 1523 nostra
583 1484 816 1531 matrimonii
851 1484 1055 1528 molestias,
1084 1488 1271 1522 caeterum
1299 1485 1474 1523 virtutem
1500 1484 1620 1535 ipsam

79 1552 191 1600 atque
226 1550 426 1587 efficaciam
453 1550 707 1601 progignendi
735 1550 773 1586 in
802 1549 1010 1587 ministerio
1042 1549 1140 1587 filios
1168 1549 1252 1596 Dei,
1279 1563 1360 1587 eam
1387 1550 1554 1600 profecto
1582 1551 1626 1586 ut

80 1613 120 1652 in
158 1627 196 1652 se
233 1627 308 1652 non
337 1613 450 1652 habet
478 1615 607 1660 ullam,
635 1614 687 1652 ita
716 1615 858 1652 nullam
888 1614 1001 1652 etiam
1029 1614 1102 1666 ipsi
1130 1614 1341 1652 ministerio
1369 1614 1505 1652 addere
1531 1627 1624 1665 quo·

82 1677 274 1730 quomodo
303 1681 440 1729 potest.
495 1678 583 1717 Hoc
612 1679 790 1717 nimirum
819 1679 890 1717 soli
918 1679 1068 1730 spiritui
1096 1687 1227 1717 sancto
1256 1683 1311 1716 est
1338 1679 1544 1730 proprium,
1571 1685 1625 1725 ut,

83 1755 167 1780 cum
195 1742 274 1793 ipse
310 1742 358 1780 sit
386 1747 587 1794 perpetuus
627 1743 735 1781 testis
763 1756 807 1781 ac
839 1744 1073 1794 glorificator
1102 1743 1243 1782 Christi
1273 1743 1427 1786 Domini
1455 1743 1496 1781 in
1523 1742 1626 1781 omni

82 1806 163 1844 eius
192 1806 444 1853 institutione,
472 1806 570 1845 idem
600 1820 750 1859 quoque
776 1811 912 1859 potens
940 1813 1051 1859 atque
1079 1809 1206 1847 efficax
1234 1808 1366 1847 reddat
1393 1808 1440 1846 ad
1469 1809 1626 1847 salutem

82 1869 306 1907 institutum
337 1870 384 1907 ab
420 1869 502 1921 ipso
539 1870 732 1908 Ecclesiae
768 1870 1019 1909 ministerium
1047 1871 1187 1909 Divina
1216 1872 1355 1910 virtute
1382 1884 1462 1918 sua,
1487 1885 1555 1923 pro
1584 1883 1627 1909 eo

86 1946 131 1972 ac
159 1934 252 1980 vult,
276 1933 384 1972 iuxta
413 1933 500 1973 fidei
529 1935 711 1986 cuiusque
740 1935 904 1973 hominis
932 1949 1162 1976 mensuram.
1199 1936 1313 1975 Unde
1341 1937 1490 1974 demum
1519 1936 1629 1974 facile

86 1999 200 2037 etiam
227 2003 285 2038 est
314 1999 452 2046 videre,
480 2013 589 2051 quam
621 2001 670 2038 sit
698 2001 807 2039 futile
835 2001 977 2040 dictum
1005 2002 1112 2048 illud,
1139 2003 1287 2041 etiamsi
1302 2015 1461 2052 magnos
1478 2006 1626 2040 autores

85 2063 235 2109 habeat,
263 2064 503 2103 matrimonio
532 2065 682 2116 quidem
711 2069 861 2113 terram,
900 2066 1116 2117 virginitate
1143 2072 1269 2106 autem
1298 2054 1442 2107 coelum
1469 2067 1631 2119 impleri,

86 2140 170 2166 cum
207 2128 426 2167 istiusmodi
454 2130 556 2167 dicta
584 2130 624 2167 in
650 2130 771 2181 ipsius
799 2131 912 2169 etiam
941 2131 1096 2183 spiritus
1125 2132 1247 2171 sancti
1275 2132 1542 2171 contumeliam
1568 2145 1628 2170 re-

87 2192 256 2231 dundare
284 2193 564 2244 quodammodo
595 2194 805 2234 videantur.

138 2257 221 2296 Iam
250 2271 337 2296 vero
373 2263 408 2297 et
435 2258 531 2297 illud
569 2264 625 2297 est
654 2272 730 2298 non
760 2260 914 2309 vulgare
942 2261 1177 2299 matrimonii
1216 2266 1489 2308 ornamentum,
1525 2263 1625 2314 quod

85 2323 273 2361 eiusmodi
312 2323 360 2362 sit
397 2323 589 2362 vinculum
627 2337 673 2362 ex
710 2325 780 2363 Dei
812 2325 931 2376 ipsius
969 2326 1220 2374 ordinatione,
1254 2331 1296 2366 ut
1332 2328 1427 2366 illud
1459 2329 1627 2380 parenti-

87 2388 159 2426 bus
196 2388 288 2440 ipsis
315 2388 428 2426 etiam
457 2393 629 2440 oporteat
659 2391 851 2441 anteponi,
879 2390 1057 2429 nimirum
1086 2391 1188 2430 Deus
1215 2392 1295 2444 ipse
1323 2397 1447 2444 aperte
1472 2394 1630 2441 indicat,

86 2453 218 2504 quanti
256 2453 447 2491 vinculum
487 2453 559 2491 hoc
597 2454 830 2493 matrimonii
858 2460 893 2493 et
922 2458 1033 2505 (593)
1061 2456 1140 2508 ipse
1168 2456 1282 2494 faciat
1309 2462 1346 2495 et
1373 2471 1393 2495 a
1420 2458 1531 2496 nobis
1560 2460 1627 2497 ha-

87 2518 167 2556 beri
204 2518 304 2565 velit,
345 2519 433 2556 dum
470 2518 503 2556 ei
540 2519 644 2570 ipsos
683 2520 797 2557 etiam
822 2525 1007 2572 parentes,
1035 2535 1128 2573 quos
1157 2522 1299 2574 alioqui
1327 2522 1507 2562 honorari
1536 2525 1628 2571 vult,

85 2581 306 2634 posthaberi
342 2582 458 2622 iubet.
527 2583 631 2622 Quid
670 2597 756 2622 vero
793 2585 1007 2624 istiusmodi
1043 2590 1108 2624 aut
1146 2586 1191 2625 de
1217 2586 1447 2637 virginitate,
1482 2597 1546 2627 aut
1582 2590 1628 2627 de

87 2659 313 2699 quocunque
352 2648 506 2686 tandem
545 2649 753 2688 coelibatus
788 2664 925 2700 genere
963 2651 1164 2689 audimus?
1208 2652 1458 2692 Proferuntur
1494 2660 1528 2693 et
1566 2655 1627 2693 hic

87 2711 239 2763 quidem
275 2712 403 2750 nescio
440 2726 534 2764 quae
575 2713 804 2763 virginitatis
840 2728 883 2752 ac
920 2715 1128 2754 coelibatus
1166 2716 1403 2768 sponsiones,
1437 2718 1502 2756 sed
1540 2731 1629 2770 pro-

87 2775 261 2815 feruntur
287 2781 434 2828 praeter
463 2778 567 2816 verbi
595 2778 728 2817 Divini
755 2784 918 2819 mentem
947 2794 990 2819 ac
1020 2781 1322 2832 dispositionem.
1360 2782 1503 2822 Omnes
1529 2784 1630 2823 enim

89 2840 336 2891 sponsionum
377 2841 528 2881 illarum
579 2857 713 2890 nexus,
749 2844 861 2883 unico
905 2846 1090 2884 duntaxat
1130 2846 1235 2885 verbi
1262 2847 1391 2886 Divini
1428 2848 1495 2887 illo
1534 2850 1631 2901 apud

89 2903 247 2943 Paulum
298 2905 413 2944 ariete
461 2906 582 2958 petiti,
636 2907 862 2948 concidunt:
919 2909 1108 2960 uPropter
1155 2910 1328 2949 libidinis
1373 2910 1629 2962 intemperiem

142 2969 199 3010 II.
1428 2978 1474 3018 17
