1830 3147
870 121 937 156 555
1395 119 1463 166 [A.
1489 120 1537 156 D.
1562 120 1678 167 1541]

141 227 223 264 dum
249 230 304 263 est
329 229 554 263 transactum.
581 225 650 263 Sed
675 226 800 263 Ecoius
825 227 964 268 dicitnr.
988 227 1115 275 quibus
1140 227 1241 264 initio
1266 227 1531 276 subscripserat,
1551 240 1591 263 ea
1608 239 1682 264 rur·

140 302 215 326 sum
241 290 354 325 omnia
371 292 575 325 retractasse
592 300 632 324 ac
652 293 862 325 recantasse.
887 289 1041 325 Aemdae
1059 289 1170 325 Nonis
1193 290 1251 335 [5]
1272 290 1428 336 Augusti
1450 291 1555 325 Anno
1577 290 1680 326 1541.

1111 351 1288 397 Agnoscis
1315 362 1454 386 manum
1480 352 1543 387 tui.

183 463 208 502 Ι)
232 461 353 504 Copiae
375 460 581 499 Ferdinandi,
604 471 681 503 quas
705 460 843 492 ducebat
864 459 1130 502 Roggendorfius,
1154 471 1191 491 eo
1215 460 1285 502 ipso
1302 470 1386 492 anno
1405 461 1485 493 1541
1500 461 1584 503 apud
1598 462 1681 493 Ofen

139 530 157 551 a
180 518 293 550 Turcis
315 517 504 560 profligatae
527 520 612 557 sunt,
658 517 686 557 Ξ)
710 517 864 549 Iaroslaw
889 528 914 549 s.
937 517 1157 558 Hieronymus
1180 516 1286 558 Lasky
1309 517 1355 549 a⁰.
1380 517 1462 548 1532
1484 517 1519 548 in
1541 518 1684 549 comitiis

140 575 262 607 Ratisb.
285 574 416 606 Ioannis
439 574 596 616 Zapolyae
620 576 652 605 et
675 573 856 605 Solimanni
879 573 999 604 litteris
1022 572 1202 604 instructus
1225 573 1379 614 apparuit
1408 574 1596 614 (SECKEND.
1619 573 1683 608 ΙΙΙ,

138 634 152 672 §
176 632 205 663 5.
228 642 259 673 p.
283 631 348 671 28),
371 630 457 662 haud
480 631 526 662 ita
549 631 688 662 multum
713 633 786 672 post
810 642 827 661 a
850 630 973 661 Ioanne
997 641 1071 671 rege
1094 629 1128 661 iu
1151 629 1281 660 vincula
1304 630 1468 661 coniectus
1492 641 1527 661 ac
1551 630 1681 662 demum

139 687 184 720 a⁰.
208 687 288 718 1535
312 687 350 718 ab
374 687 486 718 eodem
510 686 664 718 dimissus
686 687 759 728 (Ep.
783 687 918 717 ERASMI
941 697 972 728 p.
998 686 1090 718 1534.
1114 685 1172 726 Ep.
1194 685 1239 716 ad
1262 685 1389 717 Petrum
1407 687 1464 727 Ep.
1483 687 1681 721 Cracoviem.

140 741 169 774 d.
193 742 233 773 26
263 741 358 783 April
390 741 497 781 1535),
520 749 653 783 prorsus
683 741 812 772 tandem
836 752 853 771 a
877 741 998 772 Ioanne
1022 740 1140 771 defecit
1165 742 1195 771 et
1218 740 1349 771 transiit
1372 741 1410 772 ad
1434 740 1677 773 Ferdinandum

138 797 183 830 a0.
208 797 300 828 1540.
328 798 526 828 SLEIDANUS
556 808 585 828 ο.
616 796 637 829 1.
667 797 762 830 ΧΙΙΙ.
784 807 817 839 p.
840 797 946 836 2201)).
970 796 1020 829 Cf.
1043 797 1133 828 MEL.
1156 796 1215 828 ΕΡ.
1240 795 1288 828 ed.
1311 794 1347 828 L.
1371 796 1409 829 B.
1433 795 1526 830 1647.
1550 808 1582 841 p.
1607 797 1680 831 321.

137 854 164 894 ³)
188 853 239 885 Sc.
263 852 404 885 Comitia
427 853 597 884 Ratisbon.

136 1063 200 1100 N⁰-
227 1063 264 1102 7.
1309 1064 1415 1110 sGerd.
1435 1078 1459 1100 s.
1481 1079 1507 1100 a·
1530 1066 1578 1101 ub.
1598 1065 1677 1113 ist]

690 1186 746 1222 Ad
774 1186 1129 1223 HARDENBERGIUM.

181 1307 281 1346 Quae
317 1307 378 1343 tibi
405 1307 509 1344 toties
535 1307 706 1355 praedixi.
733 1320 773 1344 ea
798 1319 892 1344 nune
917 1308 1067 1350 evenire,
1099 1309 1256 1356 profecto
1282 1308 1430 1345 multum
1455 1309 1603 1357 gaudeo,
1628 1309 1676 1347 mi

135 1369 297 1406 Alberte!
324 1367 485 1405 videlicet
510 1373 545 1404 te
571 1369 637 1405 iam
665 1369 858 1417 perspicere
884 1381 1007 1405 vanam
1034 1381 1130 1416 spem
1158 1369 1263 1405 fuisse
1289 1370 1422 1406 fructus
1443 1370 1548 1411 illius,
1572 1382 1676 1417 quem

133 1436 168 1467 te
204 1431 306 1467 isthic
338 1431 451 1466 facere
487 1442 589 1478 posse
615 1430 794 1466 credebas.
845 1431 937 1466 Fieri
962 1443 1032 1466 non
1058 1434 1185 1478 potest,
1222 1432 1267 1467 mi
1293 1431 1454 1468 Alberte!
1483 1435 1522 1468 ut
1547 1432 1678 1469 Christi

133 1504 239 1539 regno
261 1491 436 1527 exoriente
459 1491 588 1528 alieubi
625 1491 796 1527 sathanas
822 1491 987 1532 dormiat,
1014 1492 1115 1528 cuius
1140 1497 1233 1528 artes
1259 1495 1295 1528 et
1321 1493 1429 1528 furias
1456 1495 1494 1528 tn
1519 1493 1592 1540 ipse
1607 1493 1676 1530 iam

132 1552 389 1600 deprehendere
423 1552 459 1587 in
485 1555 519 1587 te
544 1553 621 1598 ipso
646 1555 756 1599 potes.
804 1552 871 1588 Sed
897 1552 961 1588 tibi
985 1552 1211 1599 cogitandum
1238 1558 1304 1594 est,
1338 1553 1422 1590 haec
1447 1554 1563 1588 omnia
1586 1565 1675 1601 qnae

133 1615 276 1662 pateris,
300 1626 321 1650 a
348 1613 488 1649 Domini
511 1613 576 1649 tibi
600 1614 754 1654 immitti,
782 1625 925 1661 esseque
952 1613 1063 1649 veluti
1090 1625 1193 1649 voces
1215 1614 1380 1661 quasdam
1407 1615 1527 1662 ipsius,
1547 1615 1674 1662 quibus

133 1681 168 1711 te
193 1679 316 1712 evocat
341 1687 360 1711 e
385 1680 448 1711 tua
472 1675 541 1710 ista
564 1675 733 1710 servitute
757 1675 800 1710 ad
826 1687 923 1710 suam
948 1674 1157 1712 libertatem.
1192 1675 1346 1711 Proinde
1370 1676 1425 1711 sac
1450 1676 1543 1723 quod
1568 1675 1674 1713 debes

132 1738 255 1779 facere,
280 1740 315 1771 et
351 1748 471 1771 vocem
504 1735 644 1771 Domini
683 1748 724 1771 ne
763 1736 991 1771 contemnito.
1039 1736 1187 1782 Explica
1223 1740 1258 1772 te
1295 1749 1397 1784 qnam
1437 1737 1598 1783 primum,
1636 1742 1673 1774 et

130 1799 248 1846 iugum
283 1798 347 1834 hoc
383 1797 619 1834 Pharisaicnm
660 1801 796 1833 excute.
846 1797 943 1833 Nihil
970 1797 1046 1840 tibi,
1075 1798 1155 1833 mihi
1180 1799 1291 1839 crede,
1318 1798 1441 1834 deerit.
1493 1799 1602 1836 Quod
1626 1800 1672 1836 ad

131 1872 184 1896 me
207 1860 348 1901 attinet,
371 1858 506 1895 habebo
529 1862 643 1894 tecum
671 1870 745 1893 mea
769 1858 964 1894 communia
989 1859 1118 1899 omnia,
1147 1871 1256 1906 neque
1284 1860 1346 1894 tibi
1374 1859 1467 1906 prius
1480 1859 1671 1907 quidquam

130 1919 252 1960 deerit,
276 1930 378 1966 qnam
406 1917 500 1958 mihi,
529 1917 632 1953 modo
656 1917 723 1952 iam
749 1929 889 1963 rumpas
916 1916 1022 1952 semel
1049 1930 1160 1952 moras
1188 1918 1272 1954 istas
1300 1921 1390 1954 tuas.
1438 1919 1564 1955 Habeo
1588 1931 1671 1956 con·

130 1978 209 2014 silia
238 1977 408 2026 quaedam
442 1989 550 2025 eaque
584 1990 654 2013 non
682 1977 798 2019 dubia,
833 1978 959 2025 quibus
992 1977 1056 2013 tibi
1083 1978 1184 2014 facile
1211 1979 1260 2013 ita
1286 1979 1433 2025 prospici
1461 1981 1603 2026 poterit,
1631 1983 1673 2015 ut

128 2039 271 2074 honeste
303 2041 339 2073 et
364 2051 425 2085 pro
448 2038 622 2085 dignitate
650 2041 709 2074 tua
736 2039 843 2074 vitam
868 2038 1040 2074 sustinere
1068 2039 1192 2085 possis.
1248 2039 1338 2074 [llud
1364 2043 1502 2075 tantum
1528 2044 1562 2075 te
1587 2052 1672 2087 rogo

127 2105 164 2135 et
199 2111 260 2147 per
293 2099 471 2135 Christum
509 2100 622 2146 ipsum
659 2103 782 2141 testor,
824 2112 867 2135 ne
903 2099 1052 2147 amplius
1091 2101 1277 2142 cuncteris,
1314 2100 1373 2136 sed
1404 2100 1496 2149 quod
1531 2102 1670 2138 tandem

127 2161 311 2208 aliquando
344 2162 502 2197 facturus
535 2172 584 2201 es,
621 2160 657 2196 id
688 2173 791 2208 quam
821 2161 968 2208 primum
995 2165 1036 2196 ut
1061 2162 1182 2197 sacias-
1235 2163 1338 2200 Quae
1365 2166 1399 2197 te
1423 2174 1502 2198 cum
1529 2163 1670 2199 Abbate

127 2235 230 2270 agere
264 2222 355 2258 velle
391 2221 523 2265 scribis,
548 2234 588 2257 ea
613 2223 659 2257 mi
686 2222 850 2258 Alberte!
880 2223 910 2258 si
936 2234 1054 2258 verum
1083 2223 1174 2270 apud
1206 2227 1240 2258 te
1266 2224 1389 2266 fatear,
1414 2223 1562 2260 humana
1585 2228 1669 2260 sunt

129 2282 255 2326 omnia,
279 2295 368 2330 quae
393 2295 459 2330 ego
483 2282 543 2318 abs
566 2286 601 2319 te
626 2282 743 2319 omitti
767 2283 894 2325 malim,
920 2283 989 2319 imo
1013 2284 1047 2319 id
1073 2288 1240 2331 optarem,
1264 2288 1303 2320 ut
1320 2297 1438 2321 omnes
1453 2285 1667 2333 intelligant,

129 2348 164 2380 te
194 2356 263 2380 non
300 2343 344 2380 ob
383 2343 486 2385 aliud,
510 2356 612 2391 quam
639 2347 779 2390 propter
801 2344 977 2380 Christum
1003 2345 1115 2381 solum
1141 2349 1176 2381 et
1201 2345 1302 2381 huius
1326 2349 1407 2382 tuae
1432 2347 1524 2382 vitae
1549 2346 1666 2384 odium

128 2406 261 2448 fecisse,
294 2403 387 2452 quod
413 2416 449 2440 es
475 2405 647 2440 facturus.
695 2404 867 2440 Invidiam
895 2409 1087 2441 vestrorum
1114 2405 1200 2441 nihil
1225 2418 1351 2445 moror.
1379 2406 1548 2454 facileque
1573 2407 1666 2444 illam

127 2478 208 2513 prae
240 2465 379 2501 Christo
412 2470 448 2501 et
484 2465 638 2501 caritatis
665 2469 801 2501 nostrae
827 2466 947 2501 officiis
972 2470 1203 2508 contemnam,
1230 2471 1267 2502 tu
1294 2467 1398 2503 modo
1422 2467 1466 2504 ad
1492 2481 1545 2504 me
1571 2471 1668 2505 recta

125 2532 192 2564 etc.
326 2527 356 2562 O
395 2526 441 2562 mi
473 2526 639 2562 Albertel
672 2539 774 2574 quam
813 2530 911 2574 grata
950 2527 1031 2564 mihi
1057 2528 1141 2564 hora
1165 2527 1234 2569 illa,
1260 2540 1327 2576 qua
1354 2532 1388 2563 te
1413 2527 1468 2566 hic
1492 2529 1585 2576 apud
1611 2543 1665 2566 me

126 2589 191 2624 hoc
215 2589 330 2624 animo
356 2589 553 2624 venientem
579 2587 718 2629 videbo.
743 2589 838 2636 quod
864 2592 998 2625 utinam
1023 2589 1094 2626 cito
1123 2590 1183 2624 fiat
1209 2601 1270 2637 per
1293 2590 1361 2626 Dei
1387 2591 1664 2628 misericordiam

126 2650 225 2687 Nihil
262 2651 327 2686 erit
360 2662 485 2691 meum,
521 2649 615 2698 quod
642 2662 710 2685 non
735 2650 784 2686 sit
808 2663 918 2698 aeque
943 2655 1041 2686 tuum
1068 2651 1173 2686 etiam
1201 2651 1368 2693 futurum.
1394 2652 1496 2688 modo
1522 2655 1602 2690 veni
1627 2654 1664 2690 in

126 2713 263 2749 nomine
289 2712 441 2754 Domini,
468 2715 503 2747 te
527 2712 630 2748 istinc
656 2712 844 2748 evocantis.
869 2712 916 2748 Et
943 2713 1032 2749 vale.
1088 2713 1173 2758 [fine
1199 2726 1230 2749 a.
1259 2714 1372 2761 1541]
