<?xml version="1.0" encoding="UTF-8"?>
<!DOCTYPE html PUBLIC "-//W3C//DTD XHTML 1.0 Transitional//EN"
    "http://www.w3.org/TR/xhtml1/DTD/xhtml1-transitional.dtd">
<html xmlns="http://www.w3.org/1999/xhtml" xml:lang="en" lang="en">
 <head>
  <title>
</title>
<meta http-equiv="Content-Type" content="text/html;charset=utf-8" />
  <meta name='ocr-system' content='tesseract 3.04.00' />
  <meta name='ocr-capabilities' content='ocr_page ocr_carea ocr_par ocr_line ocrx_word'/>
</head>
<body>
  <div class='ocr_page' id='page_1' title='image "./operatameditaqua02lask_0211.png"; bbox 0 0 1830 3147; ppageno 0'>
   <div class='ocr_carea' id='block_1_1' title="bbox 1545 128 1618 165">
    <p class='ocr_par' dir='ltr' id='par_1_1' title="bbox 1545 128 1618 165">
     <span class='ocr_line' id='line_1_1' title="bbox 1545 128 1618 165; baseline -0.014 0"><span class='ocrx_word' id='word_1_1' title='bbox 1545 128 1618 165; x_wconf 82' lang='lat'>193</span> 
     </span>
    </p>
   </div>
   <div class='ocr_carea' id='block_1_2' title="bbox 78 238 1625 744">
    <p class='ocr_par' dir='ltr' id='par_1_2' title="bbox 78 238 1625 744">
     <span class='ocr_line' id='line_1_2' title="bbox 82 238 1623 304; baseline -0.01 -13"><span class='ocrx_word' id='word_1_2' title='bbox 82 256 233 304; x_wconf 78' lang='lat' dir='ltr'>peccata</span> <span class='ocrx_word' id='word_1_3' title='bbox 276 250 402 289; x_wconf 87' lang='lat' dir='ltr'>omnia</span> <span class='ocrx_word' id='word_1_4' title='bbox 439 263 458 287; x_wconf 88' lang='lat' dir='ltr'>a</span> <span class='ocrx_word' id='word_1_5' title='bbox 496 246 661 287; x_wconf 89' lang='lat' dir='ltr'>Domino</span> <span class='ocrx_word' id='word_1_6' title='bbox 698 246 779 284; x_wconf 91' lang='lat' dir='ltr'>Deo</span> <span class='ocrx_word' id='word_1_7' title='bbox 818 247 942 283; x_wconf 86' lang='lat' dir='ltr'>vestro</span> <span class='ocrx_word' id='word_1_8' title='bbox 972 242 1179 281; x_wconf 88' lang='lat' dir='ltr'>condonari</span> <span class='ocrx_word' id='word_1_9' title='bbox 1207 241 1358 294; x_wconf 86' lang='lat' dir='ltr'>optatis.</span> <span class='ocrx_word' id='word_1_10' title='bbox 1416 238 1623 290; x_wconf 87' lang='lat' dir='ltr'>Agnoscite</span> 
     </span>
     <span class='ocr_line' id='line_1_3' title="bbox 80 304 1621 367; baseline -0.009 -12"><span class='ocrx_word' id='word_1_11' title='bbox 80 317 188 355; x_wconf 91' lang='lat' dir='ltr'>illum</span> <span class='ocrx_word' id='word_1_12' title='bbox 219 316 392 367; x_wconf 83' lang='lat' dir='ltr'><strong>deinceps</strong></span> <span class='ocrx_word' id='word_1_13' title='bbox 428 326 495 365; x_wconf 92' lang='lat' dir='ltr'>pro</span> <span class='ocrx_word' id='word_1_14' title='bbox 525 313 640 351; x_wconf 87' lang='lat' dir='ltr'>fratre</span> <span class='ocrx_word' id='word_1_15' title='bbox 667 311 934 361; x_wconf 79' lang='lat' dir='ltr'>no-(328)stro</span> <span class='ocrx_word' id='word_1_16' title='bbox 962 308 1144 353; x_wconf 89' lang='lat' dir='ltr'>omnium,</span> <span class='ocrx_word' id='word_1_17' title='bbox 1172 311 1220 354; x_wconf 90' lang='lat' dir='ltr'>et,</span> <span class='ocrx_word' id='word_1_18' title='bbox 1248 304 1398 344; x_wconf 87' lang='lat' dir='ltr'>omissis</span> <span class='ocrx_word' id='word_1_19' title='bbox 1425 305 1467 342; x_wconf 92' lang='lat' dir='ltr'>in</span> <span class='ocrx_word' id='word_1_20' title='bbox 1493 307 1621 355; x_wconf 90' lang='lat' dir='ltr'>poste-</span> 
     </span>
     <span class='ocr_line' id='line_1_4' title="bbox 78 373 1622 428; baseline -0.009 -8"><span class='ocrx_word' id='word_1_21' title='bbox 78 394 160 420; x_wconf 87' lang='lat' dir='ltr'>rum</span> <span class='ocrx_word' id='word_1_22' title='bbox 200 380 377 418; x_wconf 90' lang='lat' dir='ltr'>omnibus</span> <span class='ocrx_word' id='word_1_23' title='bbox 414 377 570 416; x_wconf 89' lang='lat' dir='ltr'>omnino</span> <span class='ocrx_word' id='word_1_24' title='bbox 599 374 973 428; x_wconf 80' lang='lat' dir='ltr'>exprobrationibus,</span> <span class='ocrx_word' id='word_1_25' title='bbox 1001 387 1131 412; x_wconf 91' lang='lat' dir='ltr'>omnes</span> <span class='ocrx_word' id='word_1_26' title='bbox 1159 373 1266 410; x_wconf 90' lang='lat' dir='ltr'>illum</span> <span class='ocrx_word' id='word_1_27' title='bbox 1296 373 1465 410; x_wconf 88' lang='lat' dir='ltr'>fraterno</span> <span class='ocrx_word' id='word_1_28' title='bbox 1494 380 1622 408; x_wconf 90' lang='lat' dir='ltr'>amore</span> 
     </span>
     <span class='ocr_line' id='line_1_5' title="bbox 81 436 1624 494; baseline -0.007 -10"><span class='ocrx_word' id='word_1_29' title='bbox 81 450 211 485; x_wconf 88' lang='lat' dir='ltr'>nostro</span> <span class='ocrx_word' id='word_1_30' title='bbox 247 445 286 483; x_wconf 90' lang='lat' dir='ltr'>in</span> <span class='ocrx_word' id='word_1_31' title='bbox 323 443 488 482; x_wconf 89' lang='lat' dir='ltr'>Domino</span> <span class='ocrx_word' id='word_1_32' title='bbox 526 442 830 494; x_wconf 83' lang='lat' dir='ltr'><strong>complectamur.</strong></span> <span class='ocrx_word' id='word_1_33' title='bbox 886 443 1024 492; x_wconf 92' lang='lat' dir='ltr'>Atque,</span> <span class='ocrx_word' id='word_1_34' title='bbox 1060 443 1102 477; x_wconf 93' lang='lat' dir='ltr'>ut</span> <span class='ocrx_word' id='word_1_35' title='bbox 1137 439 1217 490; x_wconf 87' lang='lat' dir='ltr'>ipse</span> <span class='ocrx_word' id='word_1_36' title='bbox 1255 441 1397 477; x_wconf 88' lang='lat' dir='ltr'>certum</span> <span class='ocrx_word' id='word_1_37' title='bbox 1423 436 1498 475; x_wconf 89' lang='lat' dir='ltr'>iam</span> <span class='ocrx_word' id='word_1_38' title='bbox 1536 447 1624 473; x_wconf 88' lang='lat' dir='ltr'>suae</span> 
     </span>
     <span class='ocr_line' id='line_1_6' title="bbox 80 502 1622 554; baseline -0.006 -5"><span class='ocrx_word' id='word_1_39' title='bbox 80 511 275 550; x_wconf 87' lang='lat' dir='ltr'>vobiscum</span> <span class='ocrx_word' id='word_1_40' title='bbox 303 507 625 547; x_wconf 80' lang='lat' dir='ltr'>reconciliationis</span> <span class='ocrx_word' id='word_1_41' title='bbox 652 507 837 545; x_wconf 88' lang='lat' dir='ltr'>indicium</span> <span class='ocrx_word' id='word_1_42' title='bbox 863 518 908 544; x_wconf 87' lang='lat' dir='ltr'>ac</span> <span class='ocrx_word' id='word_1_43' title='bbox 932 504 1192 543; x_wconf 87' lang='lat' dir='ltr'>testimonium</span> <span class='ocrx_word' id='word_1_44' title='bbox 1221 504 1359 542; x_wconf 89' lang='lat' dir='ltr'>habere</span> <span class='ocrx_word' id='word_1_45' title='bbox 1385 502 1518 554; x_wconf 86' lang='lat' dir='ltr'>possit,</span> <span class='ocrx_word' id='word_1_46' title='bbox 1533 513 1622 553; x_wconf 88' lang='lat' dir='ltr'>pro·</span> 
     </span>
     <span class='ocr_line' id='line_1_7' title="bbox 83 566 1625 625; baseline -0.006 -11"><span class='ocrx_word' id='word_1_47' title='bbox 83 575 246 615; x_wconf 90' lang='lat' dir='ltr'>cumbite</span> <span class='ocrx_word' id='word_1_48' title='bbox 273 575 312 613; x_wconf 92' lang='lat' dir='ltr'>in</span> <span class='ocrx_word' id='word_1_49' title='bbox 339 587 462 625; x_wconf 84' lang='lat' dir='ltr'>genua</span> <span class='ocrx_word' id='word_1_50' title='bbox 489 586 619 612; x_wconf 91' lang='lat' dir='ltr'>omnes</span> <span class='ocrx_word' id='word_1_51' title='bbox 647 573 802 624; x_wconf 92' lang='lat' dir='ltr'>Deoque</span> <span class='ocrx_word' id='word_1_52' title='bbox 827 570 926 623; x_wconf 87' lang='lat' dir='ltr'>patri</span> <span class='ocrx_word' id='word_1_53' title='bbox 954 574 1085 609; x_wconf 83' lang='lat' dir='ltr'>nostro</span> <span class='ocrx_word' id='word_1_54' title='bbox 1105 582 1251 607; x_wconf 90' lang='lat' dir='ltr'>mecum</span> <span class='ocrx_word' id='word_1_55' title='bbox 1273 582 1346 607; x_wconf 87' lang='lat' dir='ltr'>una</span> <span class='ocrx_word' id='word_1_56' title='bbox 1365 568 1506 618; x_wconf 79' lang='lat' dir='ltr'>gratias</span> <span class='ocrx_word' id='word_1_57' title='bbox 1524 566 1625 616; x_wconf 86' lang='lat' dir='ltr'>agite</span> 
     </span>
     <span class='ocr_line' id='line_1_8' title="bbox 81 631 1625 694; baseline -0.007 -15"><span class='ocrx_word' id='word_1_58' title='bbox 81 654 149 694; x_wconf 89' lang='lat' dir='ltr'>pro</span> <span class='ocrx_word' id='word_1_59' title='bbox 187 641 257 678; x_wconf 89' lang='lat' dir='ltr'>hac</span> <span class='ocrx_word' id='word_1_60' title='bbox 294 639 422 678; x_wconf 86' lang='lat' dir='ltr'>fratris</span> <span class='ocrx_word' id='word_1_61' title='bbox 461 638 584 679; x_wconf 82' lang='lat' dir='ltr'>nostri</span> <span class='ocrx_word' id='word_1_62' title='bbox 611 638 721 677; x_wconf 91' lang='lat' dir='ltr'>istius</span> <span class='ocrx_word' id='word_1_63' title='bbox 749 635 1010 689; x_wconf 80' lang='lat' dir='ltr'>resipiscentia</span> <span class='ocrx_word' id='word_1_64' title='bbox 1037 638 1073 674; x_wconf 90' lang='lat' dir='ltr'>et</span> <span class='ocrx_word' id='word_1_65' title='bbox 1101 633 1422 680; x_wconf 80' lang='lat' dir='ltr'>reconciliatione,</span> <span class='ocrx_word' id='word_1_66' title='bbox 1450 631 1496 670; x_wconf 84' lang='lat' dir='ltr'>ad</span> <span class='ocrx_word' id='word_1_67' title='bbox 1525 631 1625 669; x_wconf 90' lang='lat' dir='ltr'>hunc</span> 
     </span>
     <span class='ocr_line' id='line_1_9' title="bbox 81 704 286 744; baseline -0.005 0"><span class='ocrx_word' id='word_1_68' title='bbox 81 705 234 744; x_wconf 90' lang='lat' dir='ltr'>modum</span> <span class='ocrx_word' id='word_1_69' title='bbox 248 704 286 743; x_wconf 81' lang='lat'>:⁹⁹</span> 
     </span>
    </p>
   </div>
   <div class='ocr_carea' id='block_1_3' title="bbox 85 828 1626 939">
    <p class='ocr_par' dir='ltr' id='par_1_3' title="bbox 85 828 1626 939">
     <span class='ocr_line' id='line_1_10' title="bbox 136 828 1626 885; baseline -0.004 -13"><span class='ocrx_word' id='word_1_70' title='bbox 136 834 420 874; x_wconf 84' lang='lat' dir='ltr'>Gratiarum</span> <span class='ocrx_word' id='word_1_71' title='bbox 456 833 588 872; x_wconf 88' lang='lat' dir='ltr'>actio</span> <span class='ocrx_word' id='word_1_72' title='bbox 629 846 713 885; x_wconf 91' lang='lat' dir='ltr'>pro</span> <span class='ocrx_word' id='word_1_73' title='bbox 742 831 1099 885; x_wconf 86' lang='lat' dir='ltr'>resipiscentia</span> <span class='ocrx_word' id='word_1_74' title='bbox 1126 830 1256 883; x_wconf 89' lang='lat' dir='ltr'>lapsi</span> <span class='ocrx_word' id='word_1_75' title='bbox 1284 828 1462 869; x_wconf 85' lang='lat' dir='ltr'>fratris</span> <span class='ocrx_word' id='word_1_76' title='bbox 1491 832 1532 868; x_wconf 90' lang='lat' dir='ltr'>et</span> <span class='ocrx_word' id='word_1_77' title='bbox 1561 840 1626 866; x_wconf 88' lang='lat' dir='ltr'>re·</span> 
     </span>
     <span class='ocr_line' id='line_1_11' title="bbox 85 899 459 939; baseline 0.003 -1"><span class='ocrx_word' id='word_1_78' title='bbox 85 899 459 939; x_wconf 84' lang='lat' dir='ltr'>conciliatione.</span> 
     </span>
    </p>
   </div>
   <div class='ocr_carea' id='block_1_4' title="bbox 85 1026 1649 2639">
    <p class='ocr_par' dir='ltr' id='par_1_4' title="bbox 85 1026 1649 2639">
     <span class='ocr_line' id='line_1_12' title="bbox 139 1026 1626 1069; baseline -0.001 -4"><span class='ocrx_word' id='word_1_79' title='bbox 139 1047 157 1066; x_wconf 75' lang='lat' dir='ltr'><em>o</em></span> <span class='ocrx_word' id='word_1_80' title='bbox 169 1030 280 1069; x_wconf 91' lang='lat' dir='ltr'>Pater</span> <span class='ocrx_word' id='word_1_81' title='bbox 308 1033 436 1068; x_wconf 89' lang='lat' dir='ltr'>noster</span> <span class='ocrx_word' id='word_1_82' title='bbox 463 1029 654 1068; x_wconf 79' lang='lat' dir='ltr'>coelestis!</span> <span class='ocrx_word' id='word_1_83' title='bbox 682 1029 906 1068; x_wconf 83' lang='lat' dir='ltr'>inexhauste</span> <span class='ocrx_word' id='word_1_84' title='bbox 933 1029 1020 1067; x_wconf 84' lang='lat' dir='ltr'>fons</span> <span class='ocrx_word' id='word_1_85' title='bbox 1040 1028 1163 1067; x_wconf 86' lang='lat' dir='ltr'>omnis</span> <span class='ocrx_word' id='word_1_86' title='bbox 1182 1026 1462 1066; x_wconf 79' lang='lat' dir='ltr'>misericordiae</span> <span class='ocrx_word' id='word_1_87' title='bbox 1481 1029 1517 1065; x_wconf 88' lang='lat' dir='ltr'>et</span> <span class='ocrx_word' id='word_1_88' title='bbox 1537 1038 1626 1064; x_wconf 88' lang='lat' dir='ltr'>con-</span> 
     </span>
     <span class='ocr_line' id='line_1_13' title="bbox 85 1091 1628 1146; baseline -0.003 -13"><span class='ocrx_word' id='word_1_89' title='bbox 85 1094 300 1134; x_wconf 85' lang='lat' dir='ltr'>solationis!</span> <span class='ocrx_word' id='word_1_90' title='bbox 340 1108 416 1133; x_wconf 91' lang='lat' dir='ltr'>non</span> <span class='ocrx_word' id='word_1_91' title='bbox 444 1094 616 1146; x_wconf 89' lang='lat' dir='ltr'>equidem</span> <span class='ocrx_word' id='word_1_92' title='bbox 645 1093 794 1144; x_wconf 88' lang='lat' dir='ltr'>indigni</span> <span class='ocrx_word' id='word_1_93' title='bbox 823 1107 952 1132; x_wconf 88' lang='lat' dir='ltr'>sumus</span> <span class='ocrx_word' id='word_1_94' title='bbox 982 1106 1124 1139; x_wconf 89' lang='lat' dir='ltr'>omnes,</span> <span class='ocrx_word' id='word_1_95' title='bbox 1152 1106 1247 1144; x_wconf 89' lang='lat' dir='ltr'>quos</span> <span class='ocrx_word' id='word_1_96' title='bbox 1273 1096 1315 1131; x_wconf 90' lang='lat' dir='ltr'>tu</span> <span class='ocrx_word' id='word_1_97' title='bbox 1343 1091 1532 1144; x_wconf 79' lang='lat' dir='ltr'>respicias,</span> <span class='ocrx_word' id='word_1_98' title='bbox 1561 1104 1628 1129; x_wconf 90' lang='lat' dir='ltr'>ne·</span> 
     </span>
     <span class='ocr_line' id='line_1_14' title="bbox 87 1157 1628 1207; baseline -0.003 -8"><span class='ocrx_word' id='word_1_99' title='bbox 87 1161 173 1199; x_wconf 88' lang='lat' dir='ltr'>dum</span> <span class='ocrx_word' id='word_1_100' title='bbox 211 1164 252 1199; x_wconf 84' lang='lat' dir='ltr'>ut</span> <span class='ocrx_word' id='word_1_101' title='bbox 288 1172 358 1198; x_wconf 88' lang='lat' dir='ltr'>nos</span> <span class='ocrx_word' id='word_1_102' title='bbox 395 1159 538 1207; x_wconf 82' lang='lat' dir='ltr'>audias,</span> <span class='ocrx_word' id='word_1_103' title='bbox 573 1159 693 1198; x_wconf 88' lang='lat' dir='ltr'>multo</span> <span class='ocrx_word' id='word_1_104' title='bbox 721 1159 847 1199; x_wconf 89' lang='lat' dir='ltr'>minus</span> <span class='ocrx_word' id='word_1_105' title='bbox 875 1163 998 1197; x_wconf 92' lang='lat' dir='ltr'>autem</span> <span class='ocrx_word' id='word_1_106' title='bbox 1027 1161 1067 1196; x_wconf 91' lang='lat' dir='ltr'>ut</span> <span class='ocrx_word' id='word_1_107' title='bbox 1094 1171 1165 1196; x_wconf 89' lang='lat' dir='ltr'>nos</span> <span class='ocrx_word' id='word_1_108' title='bbox 1192 1157 1290 1196; x_wconf 89' lang='lat' dir='ltr'>inter</span> <span class='ocrx_word' id='word_1_109' title='bbox 1318 1157 1418 1195; x_wconf 87' lang='lat' dir='ltr'>filios</span> <span class='ocrx_word' id='word_1_110' title='bbox 1445 1160 1530 1195; x_wconf 91' lang='lat' dir='ltr'>tuos</span> <span class='ocrx_word' id='word_1_111' title='bbox 1557 1169 1628 1194; x_wconf 89' lang='lat' dir='ltr'>nu-</span> 
     </span>
     <span class='ocr_line' id='line_1_15' title="bbox 86 1222 1630 1277; baseline -0.002 -14"><span class='ocrx_word' id='word_1_112' title='bbox 86 1238 204 1263; x_wconf 85' lang='lat' dir='ltr'>meres</span> <span class='ocrx_word' id='word_1_113' title='bbox 240 1229 469 1277; x_wconf 88' lang='lat' dir='ltr'>paternaque</span> <span class='ocrx_word' id='word_1_114' title='bbox 504 1225 737 1275; x_wconf 82' lang='lat' dir='ltr'>benignitate</span> <span class='ocrx_word' id='word_1_115' title='bbox 772 1229 836 1263; x_wconf 87' lang='lat' dir='ltr'>tua</span> <span class='ocrx_word' id='word_1_116' title='bbox 874 1224 1149 1276; x_wconf 87' lang='lat' dir='ltr'>complectaris,</span> <span class='ocrx_word' id='word_1_117' title='bbox 1185 1224 1261 1269; x_wconf 88' lang='lat' dir='ltr'>sed,</span> <span class='ocrx_word' id='word_1_118' title='bbox 1290 1223 1379 1261; x_wconf 91' lang='lat' dir='ltr'>dum</span> <span class='ocrx_word' id='word_1_119' title='bbox 1404 1222 1630 1261; x_wconf 85' lang='lat' dir='ltr'>ineffabilem</span> 
     </span>
     <span class='ocr_line' id='line_1_16' title="bbox 85 1289 1630 1340; baseline -0.003 -11"><span class='ocrx_word' id='word_1_120' title='bbox 85 1295 189 1329; x_wconf 89' lang='lat' dir='ltr'>tuam</span> <span class='ocrx_word' id='word_1_121' title='bbox 231 1304 318 1340; x_wconf 86' lang='lat' dir='ltr'>erga</span> <span class='ocrx_word' id='word_1_122' title='bbox 367 1304 437 1329; x_wconf 91' lang='lat' dir='ltr'>nos</span> <span class='ocrx_word' id='word_1_123' title='bbox 484 1290 690 1329; x_wconf 78' lang='lat' dir='ltr'>bonitatem</span> <span class='ocrx_word' id='word_1_124' title='bbox 726 1303 769 1328; x_wconf 88' lang='lat' dir='ltr'>ac</span> <span class='ocrx_word' id='word_1_125' title='bbox 806 1290 1104 1329; x_wconf 89' lang='lat' dir='ltr'>misericordiam</span> <span class='ocrx_word' id='word_1_126' title='bbox 1140 1289 1181 1328; x_wconf 91' lang='lat' dir='ltr'>in</span> <span class='ocrx_word' id='word_1_127' title='bbox 1217 1289 1415 1339; x_wconf 89' lang='lat' dir='ltr'>unigenito</span> <span class='ocrx_word' id='word_1_128' title='bbox 1451 1289 1529 1326; x_wconf 92' lang='lat' dir='ltr'>filio</span> <span class='ocrx_word' id='word_1_129' title='bbox 1564 1292 1630 1326; x_wconf 91' lang='lat' dir='ltr'>tuo</span> 
     </span>
     <span class='ocr_line' id='line_1_17' title="bbox 89 1355 1630 1407; baseline -0.001 -14"><span class='ocrx_word' id='word_1_130' title='bbox 89 1355 240 1394; x_wconf 87' lang='lat' dir='ltr'>Christo</span> <span class='ocrx_word' id='word_1_131' title='bbox 278 1355 456 1403; x_wconf 91' lang='lat' dir='ltr'>Domino,</span> <span class='ocrx_word' id='word_1_132' title='bbox 491 1357 608 1407; x_wconf 88' lang='lat' dir='ltr'>ipsius</span> <span class='ocrx_word' id='word_1_133' title='bbox 635 1357 747 1405; x_wconf 81' lang='lat'>(329)</span> <span class='ocrx_word' id='word_1_134' title='bbox 777 1355 972 1402; x_wconf 89' lang='lat' dir='ltr'>beneficio,</span> <span class='ocrx_word' id='word_1_135' title='bbox 1004 1355 1207 1402; x_wconf 88' lang='lat' dir='ltr'>intuemur,</span> <span class='ocrx_word' id='word_1_136' title='bbox 1244 1368 1315 1406; x_wconf 88' lang='lat' dir='ltr'>qua</span> <span class='ocrx_word' id='word_1_137' title='bbox 1361 1367 1445 1400; x_wconf 90' lang='lat' dir='ltr'>nos,</span> <span class='ocrx_word' id='word_1_138' title='bbox 1470 1356 1630 1391; x_wconf 90' lang='lat' dir='ltr'>mortem</span> 
     </span>
     <span class='ocr_line' id='line_1_18' title="bbox 89 1418 1634 1472; baseline -0.002 -14"><span class='ocrx_word' id='word_1_139' title='bbox 89 1420 231 1471; x_wconf 83' lang='lat' dir='ltr'>alioqui</span> <span class='ocrx_word' id='word_1_140' title='bbox 273 1424 462 1459; x_wconf 84' lang='lat' dir='ltr'>aeternam</span> <span class='ocrx_word' id='word_1_141' title='bbox 504 1420 646 1459; x_wconf 88' lang='lat' dir='ltr'>dudum</span> <span class='ocrx_word' id='word_1_142' title='bbox 690 1421 929 1459; x_wconf 89' lang='lat' dir='ltr'>commeritos</span> <span class='ocrx_word' id='word_1_143' title='bbox 981 1424 1093 1472; x_wconf 89' lang='lat' dir='ltr'>atque</span> <span class='ocrx_word' id='word_1_144' title='bbox 1133 1424 1309 1472; x_wconf 87' lang='lat' dir='ltr'>perpetuo</span> <span class='ocrx_word' id='word_1_145' title='bbox 1355 1419 1467 1457; x_wconf 86' lang='lat' dir='ltr'>etiam</span> <span class='ocrx_word' id='word_1_146' title='bbox 1512 1418 1634 1468; x_wconf 86' lang='lat' dir='ltr'>magis</span> 
     </span>
     <span class='ocr_line' id='line_1_19' title="bbox 90 1483 1633 1537; baseline -0.001 -15"><span class='ocrx_word' id='word_1_147' title='bbox 90 1490 358 1523; x_wconf 89' lang='lat' dir='ltr'>commerentes</span> <span class='ocrx_word' id='word_1_148' title='bbox 394 1485 514 1537; x_wconf 87' lang='lat' dir='ltr'>perire</span> <span class='ocrx_word' id='word_1_149' title='bbox 548 1485 798 1524; x_wconf 88' lang='lat' dir='ltr'>nihilominus</span> <span class='ocrx_word' id='word_1_150' title='bbox 827 1499 904 1524; x_wconf 91' lang='lat' dir='ltr'>non</span> <span class='ocrx_word' id='word_1_151' title='bbox 933 1485 1000 1532; x_wconf 88' lang='lat' dir='ltr'>vis,</span> <span class='ocrx_word' id='word_1_152' title='bbox 1030 1485 1094 1524; x_wconf 85' lang='lat' dir='ltr'>sed</span> <span class='ocrx_word' id='word_1_153' title='bbox 1121 1489 1292 1523; x_wconf 85' lang='lat' dir='ltr'>amanter</span> <span class='ocrx_word' id='word_1_154' title='bbox 1319 1497 1473 1523; x_wconf 83' lang='lat' dir='ltr'>revocas</span> <span class='ocrx_word' id='word_1_155' title='bbox 1500 1483 1545 1521; x_wconf 86' lang='lat' dir='ltr'>ad</span> <span class='ocrx_word' id='word_1_156' title='bbox 1574 1496 1633 1520; x_wconf 90' lang='lat' dir='ltr'>re-</span> 
     </span>
     <span class='ocr_line' id='line_1_20' title="bbox 90 1549 1634 1602; baseline -0.002 -15"><span class='ocrx_word' id='word_1_157' title='bbox 90 1549 357 1600; x_wconf 88' lang='lat' dir='ltr'>sipiscentiam,</span> <span class='ocrx_word' id='word_1_158' title='bbox 402 1551 689 1602; x_wconf 84' lang='lat' dir='ltr'>condonataque</span> <span class='ocrx_word' id='word_1_159' title='bbox 735 1550 846 1588; x_wconf 89' lang='lat' dir='ltr'>nobis</span> <span class='ocrx_word' id='word_1_160' title='bbox 891 1550 1056 1600; x_wconf 87' lang='lat' dir='ltr'>gratuito</span> <span class='ocrx_word' id='word_1_161' title='bbox 1108 1550 1215 1601; x_wconf 87' lang='lat' dir='ltr'>culpa</span> <span class='ocrx_word' id='word_1_162' title='bbox 1264 1549 1367 1587; x_wconf 90' lang='lat' dir='ltr'>omni</span> <span class='ocrx_word' id='word_1_163' title='bbox 1415 1553 1634 1586; x_wconf 87' lang='lat' dir='ltr'>nostrorum</span> 
     </span>
     <span class='ocr_line' id='line_1_21' title="bbox 91 1614 1636 1666; baseline -0.001 -14"><span class='ocrx_word' id='word_1_164' title='bbox 91 1619 344 1665; x_wconf 87' lang='lat' dir='ltr'>peccatorum,</span> <span class='ocrx_word' id='word_1_165' title='bbox 383 1616 422 1653; x_wconf 89' lang='lat' dir='ltr'>in</span> <span class='ocrx_word' id='word_1_166' title='bbox 458 1616 619 1665; x_wconf 83' lang='lat' dir='ltr'>gratiam</span> <span class='ocrx_word' id='word_1_167' title='bbox 656 1629 805 1654; x_wconf 86' lang='lat' dir='ltr'>rursum</span> <span class='ocrx_word' id='word_1_168' title='bbox 839 1619 945 1654; x_wconf 86' lang='lat' dir='ltr'>tuam</span> <span class='ocrx_word' id='word_1_169' title='bbox 974 1629 1057 1653; x_wconf 89' lang='lat' dir='ltr'>vere</span> <span class='ocrx_word' id='word_1_170' title='bbox 1084 1620 1280 1666; x_wconf 88' lang='lat' dir='ltr'>paternam</span> <span class='ocrx_word' id='word_1_171' title='bbox 1308 1614 1456 1665; x_wconf 88' lang='lat' dir='ltr'>recipis,</span> <span class='ocrx_word' id='word_1_172' title='bbox 1483 1617 1636 1664; x_wconf 89' lang='lat' dir='ltr'>propter</span> 
     </span>
     <span class='ocr_line' id='line_1_22' title="bbox 93 1677 1633 1730; baseline -0.001 -13"><span class='ocrx_word' id='word_1_173' title='bbox 93 1679 269 1718; x_wconf 86' lang='lat' dir='ltr'>dilectum</span> <span class='ocrx_word' id='word_1_174' title='bbox 315 1680 387 1718; x_wconf 90' lang='lat' dir='ltr'>tibi</span> <span class='ocrx_word' id='word_1_175' title='bbox 430 1681 541 1719; x_wconf 89' lang='lat' dir='ltr'>unice</span> <span class='ocrx_word' id='word_1_176' title='bbox 576 1681 695 1718; x_wconf 89' lang='lat' dir='ltr'>filium</span> <span class='ocrx_word' id='word_1_177' title='bbox 733 1684 838 1719; x_wconf 86' lang='lat' dir='ltr'>tuum</span> <span class='ocrx_word' id='word_1_178' title='bbox 875 1684 910 1719; x_wconf 91' lang='lat' dir='ltr'>et</span> <span class='ocrx_word' id='word_1_179' title='bbox 949 1681 1122 1718; x_wconf 87' lang='lat' dir='ltr'>meritum</span> <span class='ocrx_word' id='word_1_180' title='bbox 1160 1680 1323 1718; x_wconf 82' lang='lat' dir='ltr'>salutare</span> <span class='ocrx_word' id='word_1_181' title='bbox 1358 1679 1488 1730; x_wconf 85' lang='lat' dir='ltr'>ipsius.</span> <span class='ocrx_word' id='word_1_182' title='bbox 1543 1677 1633 1715; x_wconf 91' lang='lat' dir='ltr'>Non</span> 
     </span>
     <span class='ocr_line' id='line_1_23' title="bbox 90 1744 1637 1796; baseline -0.003 -13"><span class='ocrx_word' id='word_1_183' title='bbox 90 1757 288 1796; x_wconf 89' lang='lat' dir='ltr'>possumus</span> <span class='ocrx_word' id='word_1_184' title='bbox 325 1749 474 1783; x_wconf 90' lang='lat' dir='ltr'>tantum</span> <span class='ocrx_word' id='word_1_185' title='bbox 512 1745 583 1783; x_wconf 89' lang='lat' dir='ltr'>hoc</span> <span class='ocrx_word' id='word_1_186' title='bbox 618 1750 724 1783; x_wconf 87' lang='lat' dir='ltr'>tuum</span> <span class='ocrx_word' id='word_1_187' title='bbox 761 1745 987 1783; x_wconf 88' lang='lat' dir='ltr'>beneficium</span> <span class='ocrx_word' id='word_1_188' title='bbox 1016 1758 1092 1783; x_wconf 92' lang='lat' dir='ltr'>non</span> <span class='ocrx_word' id='word_1_189' title='bbox 1123 1744 1310 1796; x_wconf 87' lang='lat' dir='ltr'>supplices</span> <span class='ocrx_word' id='word_1_190' title='bbox 1339 1755 1555 1792; x_wconf 82' lang='lat' dir='ltr'>agnoscere,</span> <span class='ocrx_word' id='word_1_191' title='bbox 1581 1745 1637 1779; x_wconf 86' lang='lat' dir='ltr'>te·</span> 
     </span>
     <span class='ocr_line' id='line_1_24' title="bbox 93 1805 1638 1861; baseline -0.003 -14"><span class='ocrx_word' id='word_1_192' title='bbox 93 1823 164 1861; x_wconf 87' lang='lat' dir='ltr'>que</span> <span class='ocrx_word' id='word_1_193' title='bbox 189 1809 292 1847; x_wconf 89' lang='lat' dir='ltr'>illius</span> <span class='ocrx_word' id='word_1_194' title='bbox 321 1810 475 1848; x_wconf 89' lang='lat' dir='ltr'>nomine</span> <span class='ocrx_word' id='word_1_195' title='bbox 503 1823 578 1848; x_wconf 90' lang='lat' dir='ltr'>non</span> <span class='ocrx_word' id='word_1_196' title='bbox 608 1814 688 1848; x_wconf 93' lang='lat' dir='ltr'>toto</span> <span class='ocrx_word' id='word_1_197' title='bbox 718 1810 828 1848; x_wconf 89' lang='lat' dir='ltr'>etiam</span> <span class='ocrx_word' id='word_1_198' title='bbox 859 1814 988 1848; x_wconf 90' lang='lat' dir='ltr'>nostro</span> <span class='ocrx_word' id='word_1_199' title='bbox 1017 1813 1167 1861; x_wconf 88' lang='lat' dir='ltr'>pectore</span> <span class='ocrx_word' id='word_1_200' title='bbox 1195 1809 1316 1846; x_wconf 90' lang='lat' dir='ltr'>colere</span> <span class='ocrx_word' id='word_1_201' title='bbox 1336 1813 1447 1858; x_wconf 88' lang='lat' dir='ltr'>atque</span> <span class='ocrx_word' id='word_1_202' title='bbox 1467 1805 1638 1850; x_wconf 88' lang='lat' dir='ltr'>adorare,</span> 
     </span>
     <span class='ocr_line' id='line_1_25' title="bbox 95 1870 1636 1927; baseline -0.003 -15"><span class='ocrx_word' id='word_1_203' title='bbox 95 1878 129 1912; x_wconf 93' lang='lat' dir='ltr'>et</span> <span class='ocrx_word' id='word_1_204' title='bbox 156 1888 223 1926; x_wconf 89' lang='lat' dir='ltr'>pro</span> <span class='ocrx_word' id='word_1_205' title='bbox 251 1875 316 1912; x_wconf 90' lang='lat' dir='ltr'>illo</span> <span class='ocrx_word' id='word_1_206' title='bbox 345 1875 418 1913; x_wconf 91' lang='lat' dir='ltr'>tibi</span> <span class='ocrx_word' id='word_1_207' title='bbox 446 1875 493 1913; x_wconf 89' lang='lat' dir='ltr'>ad</span> <span class='ocrx_word' id='word_1_208' title='bbox 520 1875 632 1927; x_wconf 89' lang='lat' dir='ltr'>pedes</span> <span class='ocrx_word' id='word_1_209' title='bbox 659 1879 745 1913; x_wconf 88' lang='lat' dir='ltr'>tuos</span> <span class='ocrx_word' id='word_1_210' title='bbox 773 1874 965 1926; x_wconf 88' lang='lat' dir='ltr'>provoluti</span> <span class='ocrx_word' id='word_1_211' title='bbox 992 1874 1164 1924; x_wconf 88' lang='lat' dir='ltr'>ingentes</span> <span class='ocrx_word' id='word_1_212' title='bbox 1192 1887 1301 1924; x_wconf 84' lang='lat' dir='ltr'>agere</span> <span class='ocrx_word' id='word_1_213' title='bbox 1329 1872 1484 1922; x_wconf 87' lang='lat' dir='ltr'>gratias.</span> <span class='ocrx_word' id='word_1_214' title='bbox 1520 1870 1636 1909; x_wconf 90' lang='lat' dir='ltr'>Nunc</span> 
     </span>
     <span class='ocr_line' id='line_1_26' title="bbox 94 1936 1635 1991; baseline -0.003 -15"><span class='ocrx_word' id='word_1_215' title='bbox 94 1943 130 1976; x_wconf 89' lang='lat' dir='ltr'>te</span> <span class='ocrx_word' id='word_1_216' title='bbox 165 1939 282 1988; x_wconf 86' lang='lat' dir='ltr'>igitur</span> <span class='ocrx_word' id='word_1_217' title='bbox 310 1952 352 1977; x_wconf 91' lang='lat' dir='ltr'>eo</span> <span class='ocrx_word' id='word_1_218' title='bbox 380 1940 462 1991; x_wconf 87' lang='lat' dir='ltr'>ipso</span> <span class='ocrx_word' id='word_1_219' title='bbox 501 1940 652 1978; x_wconf 89' lang='lat' dir='ltr'>nomine</span> <span class='ocrx_word' id='word_1_220' title='bbox 680 1939 888 1986; x_wconf 88' lang='lat' dir='ltr'>laudamus,</span> <span class='ocrx_word' id='word_1_221' title='bbox 916 1940 1026 1978; x_wconf 86' lang='lat' dir='ltr'>Pater</span> <span class='ocrx_word' id='word_1_222' title='bbox 1054 1939 1309 1977; x_wconf 82' lang='lat' dir='ltr'>sanctissime!</span> <span class='ocrx_word' id='word_1_223' title='bbox 1340 1951 1413 1976; x_wconf 85' lang='lat' dir='ltr'>una</span> <span class='ocrx_word' id='word_1_224' title='bbox 1444 1949 1527 1974; x_wconf 90' lang='lat' dir='ltr'>cum</span> <span class='ocrx_word' id='word_1_225' title='bbox 1556 1936 1635 1973; x_wconf 90' lang='lat' dir='ltr'>filio</span> 
     </span>
     <span class='ocr_line' id='line_1_27' title="bbox 95 2002 1637 2056; baseline -0.002 -14"><span class='ocrx_word' id='word_1_226' title='bbox 95 2009 160 2042; x_wconf 82' lang='lat' dir='ltr'>tuo</span> <span class='ocrx_word' id='word_1_227' title='bbox 189 2009 225 2042; x_wconf 89' lang='lat' dir='ltr'>et</span> <span class='ocrx_word' id='word_1_228' title='bbox 253 2009 382 2043; x_wconf 88' lang='lat' dir='ltr'>sancto</span> <span class='ocrx_word' id='word_1_229' title='bbox 411 2005 551 2056; x_wconf 85' lang='lat' dir='ltr'>Spiritu</span> <span class='ocrx_word' id='word_1_230' title='bbox 581 2010 617 2043; x_wconf 91' lang='lat' dir='ltr'>te</span> <span class='ocrx_word' id='word_1_231' title='bbox 645 2005 856 2050; x_wconf 88' lang='lat' dir='ltr'>adoramus,</span> <span class='ocrx_word' id='word_1_232' title='bbox 881 2004 1028 2056; x_wconf 89' lang='lat' dir='ltr'>tibique</span> <span class='ocrx_word' id='word_1_233' title='bbox 1066 2018 1196 2043; x_wconf 89' lang='lat' dir='ltr'>omnes</span> <span class='ocrx_word' id='word_1_234' title='bbox 1224 2004 1364 2056; x_wconf 87' lang='lat' dir='ltr'>pariter</span> <span class='ocrx_word' id='word_1_235' title='bbox 1390 2002 1531 2053; x_wconf 87' lang='lat' dir='ltr'>gratias</span> <span class='ocrx_word' id='word_1_236' title='bbox 1554 2003 1637 2052; x_wconf 84' lang='lat' dir='ltr'>agi-</span> 
     </span>
     <span class='ocr_line' id='line_1_28' title="bbox 99 2065 1637 2119; baseline -0.003 -14"><span class='ocrx_word' id='word_1_237' title='bbox 99 2081 193 2112; x_wconf 89' lang='lat' dir='ltr'>mus,</span> <span class='ocrx_word' id='word_1_238' title='bbox 238 2069 454 2119; x_wconf 83' lang='lat' dir='ltr'>praesertim</span> <span class='ocrx_word' id='word_1_239' title='bbox 511 2081 599 2107; x_wconf 88' lang='lat' dir='ltr'>vero</span> <span class='ocrx_word' id='word_1_240' title='bbox 637 2081 720 2106; x_wconf 86' lang='lat' dir='ltr'>cum</span> <span class='ocrx_word' id='word_1_241' title='bbox 756 2072 841 2107; x_wconf 86' lang='lat' dir='ltr'>tuae</span> <span class='ocrx_word' id='word_1_242' title='bbox 876 2068 987 2106; x_wconf 89' lang='lat' dir='ltr'>istius</span> <span class='ocrx_word' id='word_1_243' title='bbox 1023 2067 1270 2118; x_wconf 86' lang='lat' dir='ltr'>benignitatis</span> <span class='ocrx_word' id='word_1_244' title='bbox 1304 2065 1563 2105; x_wconf 87' lang='lat' dir='ltr'>testimonium</span> <span class='ocrx_word' id='word_1_245' title='bbox 1598 2065 1637 2102; x_wconf 94' lang='lat' dir='ltr'>in</span> 
     </span>
     <span class='ocr_line' id='line_1_29' title="bbox 100 2132 1638 2186; baseline -0.002 -15"><span class='ocrx_word' id='word_1_246' title='bbox 100 2134 215 2172; x_wconf 89' lang='lat' dir='ltr'>fratre</span> <span class='ocrx_word' id='word_1_247' title='bbox 252 2134 325 2171; x_wconf 90' lang='lat' dir='ltr'>hoc</span> <span class='ocrx_word' id='word_1_248' title='bbox 363 2138 493 2172; x_wconf 90' lang='lat' dir='ltr'>nostro</span> <span class='ocrx_word' id='word_1_249' title='bbox 522 2135 561 2172; x_wconf 92' lang='lat' dir='ltr'>in</span> <span class='ocrx_word' id='word_1_250' title='bbox 587 2134 741 2185; x_wconf 86' lang='lat' dir='ltr'>publica</span> <span class='ocrx_word' id='word_1_251' title='bbox 769 2134 839 2172; x_wconf 90' lang='lat' dir='ltr'>hac</span> <span class='ocrx_word' id='word_1_252' title='bbox 866 2134 983 2186; x_wconf 89' lang='lat' dir='ltr'>ipsius</span> <span class='ocrx_word' id='word_1_253' title='bbox 1010 2134 1244 2186; x_wconf 87' lang='lat' dir='ltr'>poenitentia</span> <span class='ocrx_word' id='word_1_254' title='bbox 1273 2132 1561 2184; x_wconf 88' lang='lat' dir='ltr'>conspiciamus,</span> <span class='ocrx_word' id='word_1_255' title='bbox 1587 2152 1638 2160; x_wconf 90' lang='lat'><em>-</em></span> 
     </span>
     <span class='ocr_line' id='line_1_30' title="bbox 101 2196 1640 2250; baseline -0.002 -14"><span class='ocrx_word' id='word_1_256' title='bbox 101 2202 137 2236; x_wconf 91' lang='lat' dir='ltr'>et</span> <span class='ocrx_word' id='word_1_257' title='bbox 177 2202 214 2237; x_wconf 90' lang='lat' dir='ltr'>te</span> <span class='ocrx_word' id='word_1_258' title='bbox 248 2199 434 2250; x_wconf 88' lang='lat' dir='ltr'>supplices</span> <span class='ocrx_word' id='word_1_259' title='bbox 471 2212 633 2245; x_wconf 84' lang='lat' dir='ltr'>oramus,</span> <span class='ocrx_word' id='word_1_260' title='bbox 669 2199 780 2238; x_wconf 86' lang='lat' dir='ltr'>Pater</span> <span class='ocrx_word' id='word_1_261' title='bbox 807 2199 1156 2249; x_wconf 84' lang='lat' dir='ltr'>indulgentissime!</span> <span class='ocrx_word' id='word_1_262' title='bbox 1184 2203 1226 2237; x_wconf 88' lang='lat' dir='ltr'>ut</span> <span class='ocrx_word' id='word_1_263' title='bbox 1255 2198 1368 2236; x_wconf 89' lang='lat' dir='ltr'>nobis</span> <span class='ocrx_word' id='word_1_264' title='bbox 1398 2197 1572 2235; x_wconf 89' lang='lat' dir='ltr'>omnibus</span> <span class='ocrx_word' id='word_1_265' title='bbox 1599 2196 1640 2234; x_wconf 91' lang='lat' dir='ltr'>in</span> 
     </span>
     <span class='ocr_line' id='line_1_31' title="bbox 102 2261 1641 2315; baseline -0.001 -13"><span class='ocrx_word' id='word_1_266' title='bbox 102 2263 241 2302; x_wconf 88' lang='lat' dir='ltr'>nostris</span> <span class='ocrx_word' id='word_1_267' title='bbox 267 2264 430 2315; x_wconf 90' lang='lat' dir='ltr'>peccatis</span> <span class='ocrx_word' id='word_1_268' title='bbox 460 2277 523 2301; x_wconf 89' lang='lat' dir='ltr'>cor</span> <span class='ocrx_word' id='word_1_269' title='bbox 550 2263 745 2315; x_wconf 89' lang='lat' dir='ltr'>poenitens</span> <span class='ocrx_word' id='word_1_270' title='bbox 772 2263 904 2313; x_wconf 85' lang='lat' dir='ltr'>largiri</span> <span class='ocrx_word' id='word_1_271' title='bbox 933 2263 1112 2313; x_wconf 89' lang='lat' dir='ltr'>digneris,</span> <span class='ocrx_word' id='word_1_272' title='bbox 1139 2276 1272 2314; x_wconf 89' lang='lat' dir='ltr'>nempe</span> <span class='ocrx_word' id='word_1_273' title='bbox 1299 2266 1340 2300; x_wconf 91' lang='lat' dir='ltr'>ut</span> <span class='ocrx_word' id='word_1_274' title='bbox 1368 2262 1479 2300; x_wconf 90' lang='lat' dir='ltr'>nobis</span> <span class='ocrx_word' id='word_1_275' title='bbox 1505 2261 1641 2300; x_wconf 87' lang='lat' dir='ltr'>inillis</span> 
     </span>
     <span class='ocr_line' id='line_1_32' title="bbox 103 2326 1644 2380; baseline -0.002 -14"><span class='ocrx_word' id='word_1_276' title='bbox 103 2341 246 2380; x_wconf 86' lang='lat' dir='ltr'>semper</span> <span class='ocrx_word' id='word_1_277' title='bbox 289 2327 565 2380; x_wconf 82' lang='lat' dir='ltr'>displiceamuS‚</span> <span class='ocrx_word' id='word_1_278' title='bbox 606 2341 726 2380; x_wconf 89' lang='lat' dir='ltr'>neque</span> <span class='ocrx_word' id='word_1_279' title='bbox 764 2329 876 2377; x_wconf 84' lang='lat'><strong>(330)</strong></span> <span class='ocrx_word' id='word_1_280' title='bbox 913 2328 1179 2366; x_wconf 88' lang='lat' dir='ltr'>erubescamus</span> <span class='ocrx_word' id='word_1_281' title='bbox 1214 2340 1283 2365; x_wconf 90' lang='lat' dir='ltr'>nos</span> <span class='ocrx_word' id='word_1_282' title='bbox 1317 2327 1357 2364; x_wconf 91' lang='lat' dir='ltr'>in</span> <span class='ocrx_word' id='word_1_283' title='bbox 1389 2326 1466 2364; x_wconf 90' lang='lat' dir='ltr'>illis</span> <span class='ocrx_word' id='word_1_284' title='bbox 1501 2337 1644 2378; x_wconf 89' lang='lat' dir='ltr'>semper</span> 
     </span>
     <span class='ocr_line' id='line_1_33' title="bbox 103 2390 1643 2445; baseline -0.003 -13"><span class='ocrx_word' id='word_1_285' title='bbox 103 2406 291 2439; x_wconf 87' lang='lat' dir='ltr'>accusare,</span> <span class='ocrx_word' id='word_1_286' title='bbox 328 2393 391 2432; x_wconf 88' lang='lat' dir='ltr'>sed</span> <span class='ocrx_word' id='word_1_287' title='bbox 428 2406 492 2445; x_wconf 87' lang='lat' dir='ltr'>per</span> <span class='ocrx_word' id='word_1_288' title='bbox 520 2393 640 2432; x_wconf 91' lang='lat' dir='ltr'>nostri</span> <span class='ocrx_word' id='word_1_289' title='bbox 666 2392 969 2444; x_wconf 86' lang='lat' dir='ltr'>pudefactionem</span> <span class='ocrx_word' id='word_1_290' title='bbox 1011 2392 1185 2431; x_wconf 89' lang='lat' dir='ltr'>virtutem</span> <span class='ocrx_word' id='word_1_291' title='bbox 1213 2404 1257 2430; x_wconf 88' lang='lat' dir='ltr'>ac</span> <span class='ocrx_word' id='word_1_292' title='bbox 1283 2390 1442 2440; x_wconf 88' lang='lat' dir='ltr'>gloriam</span> <span class='ocrx_word' id='word_1_293' title='bbox 1470 2393 1574 2429; x_wconf 79' lang='lat' dir='ltr'>tuam</span> <span class='ocrx_word' id='word_1_294' title='bbox 1602 2390 1643 2428; x_wconf 90' lang='lat' dir='ltr'>in</span> 
     </span>
     <span class='ocr_line' id='line_1_34' title="bbox 102 2455 1642 2505; baseline -0.002 -9"><span class='ocrx_word' id='word_1_295' title='bbox 102 2463 231 2497; x_wconf 86' lang='lat' dir='ltr'>nostra</span> <span class='ocrx_word' id='word_1_296' title='bbox 267 2458 483 2497; x_wconf 85' lang='lat' dir='ltr'>infirmitate</span> <span class='ocrx_word' id='word_1_297' title='bbox 512 2457 739 2496; x_wconf 83' lang='lat' dir='ltr'>celebremus</span> <span class='ocrx_word' id='word_1_298' title='bbox 768 2456 814 2495; x_wconf 88' lang='lat' dir='ltr'>ad</span> <span class='ocrx_word' id='word_1_299' title='bbox 843 2457 1008 2496; x_wconf 89' lang='lat' dir='ltr'>nominis</span> <span class='ocrx_word' id='word_1_300' title='bbox 1048 2457 1107 2495; x_wconf 88' lang='lat' dir='ltr'>tui</span> <span class='ocrx_word' id='word_1_301' title='bbox 1134 2455 1318 2494; x_wconf 88' lang='lat' dir='ltr'>adorandi</span> <span class='ocrx_word' id='word_1_302' title='bbox 1343 2455 1515 2505; x_wconf 88' lang='lat' dir='ltr'>gloriam,</span> <span class='ocrx_word' id='word_1_303' title='bbox 1543 2455 1642 2494; x_wconf 88' lang='lat' dir='ltr'>salu-</span> 
     </span>
     <span class='ocr_line' id='line_1_35' title="bbox 105 2520 1649 2567; baseline -0.002 -5"><span class='ocrx_word' id='word_1_304' title='bbox 105 2527 179 2562; x_wconf 90' lang='lat' dir='ltr'>tem</span> <span class='ocrx_word' id='word_1_305' title='bbox 207 2528 377 2562; x_wconf 89' lang='lat' dir='ltr'>nostrum</span> <span class='ocrx_word' id='word_1_306' title='bbox 409 2523 468 2561; x_wconf 90' lang='lat' dir='ltr'>hic</span> <span class='ocrx_word' id='word_1_307' title='bbox 497 2523 666 2561; x_wconf 89' lang='lat' dir='ltr'>omnium</span> <span class='ocrx_word' id='word_1_308' title='bbox 695 2527 731 2561; x_wconf 91' lang='lat' dir='ltr'>et</span> <span class='ocrx_word' id='word_1_309' title='bbox 759 2522 964 2561; x_wconf 90' lang='lat' dir='ltr'>catholicae</span> <span class='ocrx_word' id='word_1_310' title='bbox 1000 2526 1086 2561; x_wconf 90' lang='lat' dir='ltr'>tuae</span> <span class='ocrx_word' id='word_1_311' title='bbox 1119 2521 1311 2560; x_wconf 82' lang='lat' dir='ltr'>Ecclesiae</span> <span class='ocrx_word' id='word_1_312' title='bbox 1333 2520 1649 2567; x_wconf 88' lang='lat' dir='ltr'>aedificationem,</span> 
     </span>
     <span class='ocr_line' id='line_1_36' title="bbox 101 2586 1461 2639; baseline -0.001 -12"><span class='ocrx_word' id='word_1_313' title='bbox 101 2600 166 2639; x_wconf 90' lang='lat' dir='ltr'>per</span> <span class='ocrx_word' id='word_1_314' title='bbox 193 2588 313 2627; x_wconf 90' lang='lat' dir='ltr'>filium</span> <span class='ocrx_word' id='word_1_315' title='bbox 342 2593 447 2627; x_wconf 90' lang='lat' dir='ltr'>tuum</span> <span class='ocrx_word' id='word_1_316' title='bbox 477 2587 682 2626; x_wconf 87' lang='lat' dir='ltr'>Dominum</span> <span class='ocrx_word' id='word_1_317' title='bbox 709 2592 881 2626; x_wconf 89' lang='lat' dir='ltr'>nostrum</span> <span class='ocrx_word' id='word_1_318' title='bbox 909 2588 1034 2626; x_wconf 85' lang='lat' dir='ltr'>Iesum</span> <span class='ocrx_word' id='word_1_319' title='bbox 1064 2587 1269 2626; x_wconf 85' lang='lat' dir='ltr'>Christum.</span> <span class='ocrx_word' id='word_1_320' title='bbox 1299 2586 1461 2626; x_wconf 88' lang='lat' dir='ltr'>Amen&#39;&#39;.</span> 
     </span>
    </p>
   </div>
   <div class='ocr_carea' id='block_1_5' title="bbox 107 2715 1650 2899">
    <p class='ocr_par' dir='ltr' id='par_1_5' title="bbox 107 2715 1650 2899">
     <span class='ocr_line' id='line_1_37' title="bbox 158 2715 1647 2769; baseline -0.001 -14"><span class='ocrx_word' id='word_1_321' title='bbox 158 2717 286 2757; x_wconf 83' lang='lat' dir='ltr'>Finita</span> <span class='ocrx_word' id='word_1_322' title='bbox 323 2718 394 2756; x_wconf 88' lang='lat' dir='ltr'>hac</span> <span class='ocrx_word' id='word_1_323' title='bbox 431 2717 638 2768; x_wconf 86' lang='lat' dir='ltr'>gratiarum</span> <span class='ocrx_word' id='word_1_324' title='bbox 674 2717 821 2756; x_wconf 90' lang='lat' dir='ltr'>actione</span> <span class='ocrx_word' id='word_1_325' title='bbox 857 2717 1002 2769; x_wconf 89' lang='lat' dir='ltr'>quaerit</span> <span class='ocrx_word' id='word_1_326' title='bbox 1040 2715 1215 2754; x_wconf 89' lang='lat' dir='ltr'>Minister</span> <span class='ocrx_word' id='word_1_327' title='bbox 1244 2729 1263 2753; x_wconf 90' lang='lat' dir='ltr'>a</span> <span class='ocrx_word' id='word_1_328' title='bbox 1290 2716 1506 2767; x_wconf 87' lang='lat' dir='ltr'>poenitente</span> <span class='ocrx_word' id='word_1_329' title='bbox 1533 2716 1647 2755; x_wconf 85' lang='lat' dir='ltr'>fratre</span> 
     </span>
     <span class='ocr_line' id='line_1_38' title="bbox 107 2780 1650 2834; baseline -0.001 -15"><span class='ocrx_word' id='word_1_330' title='bbox 107 2781 186 2828; x_wconf 91' lang='lat' dir='ltr'>illo,</span> <span class='ocrx_word' id='word_1_331' title='bbox 230 2795 321 2820; x_wconf 84' lang='lat' dir='ltr'>nurn</span> <span class='ocrx_word' id='word_1_332' title='bbox 369 2781 542 2833; x_wconf 84' lang='lat' dir='ltr'>deinceps</span> <span class='ocrx_word' id='word_1_333' title='bbox 588 2794 735 2833; x_wconf 90' lang='lat' dir='ltr'>quoque</span> <span class='ocrx_word' id='word_1_334' title='bbox 779 2781 998 2834; x_wconf 88' lang='lat' dir='ltr'>disciplinae</span> <span class='ocrx_word' id='word_1_335' title='bbox 1044 2780 1330 2819; x_wconf 87' lang='lat' dir='ltr'>Ecclesiasticae</span> <span class='ocrx_word' id='word_1_336' title='bbox 1375 2780 1527 2819; x_wconf 87' lang='lat' dir='ltr'>subesse</span> <span class='ocrx_word' id='word_1_337' title='bbox 1561 2782 1650 2819; x_wconf 75' lang='lat' dir='ltr'>velit</span> 
     </span>
     <span class='ocr_line' id='line_1_39' title="bbox 109 2846 1178 2899; baseline 0 -15"><span class='ocrx_word' id='word_1_338' title='bbox 109 2847 214 2885; x_wconf 86' lang='lat' dir='ltr'>iuxta</span> <span class='ocrx_word' id='word_1_339' title='bbox 243 2848 397 2885; x_wconf 89' lang='lat' dir='ltr'>verbum</span> <span class='ocrx_word' id='word_1_340' title='bbox 426 2847 508 2893; x_wconf 88' lang='lat' dir='ltr'>Dei,</span> <span class='ocrx_word' id='word_1_341' title='bbox 534 2847 673 2898; x_wconf 91' lang='lat' dir='ltr'>illeque</span> <span class='ocrx_word' id='word_1_342' title='bbox 700 2847 923 2899; x_wconf 86' lang='lat' dir='ltr'>respondet:</span> <span class='ocrx_word' id='word_1_343' title='bbox 981 2846 1178 2885; x_wconf 71' lang='lat' dir='ltr'>uEtiam”.</span> 
     </span>
    </p>
   </div>
   <div class='ocr_carea' id='block_1_6' title="bbox 164 2910 1651 3015">
    <p class='ocr_par' dir='ltr' id='par_1_6' title="bbox 164 2910 1651 3015">
     <span class='ocr_line' id='line_1_40' title="bbox 164 2910 1651 2962; baseline 0 -14"><span class='ocrx_word' id='word_1_344' title='bbox 164 2912 260 2949; x_wconf 90' lang='lat' dir='ltr'>Tum</span> <span class='ocrx_word' id='word_1_345' title='bbox 291 2911 466 2951; x_wconf 84' lang='lat' dir='ltr'>Minister</span> <span class='ocrx_word' id='word_1_346' title='bbox 493 2912 549 2950; x_wconf 89' lang='lat' dir='ltr'>illi</span> <span class='ocrx_word' id='word_1_347' title='bbox 576 2911 782 2951; x_wconf 79' lang='lat' dir='ltr'>annunciat</span> <span class='ocrx_word' id='word_1_348' title='bbox 809 2916 846 2951; x_wconf 88' lang='lat' dir='ltr'>et</span> <span class='ocrx_word' id='word_1_349' title='bbox 875 2915 1107 2951; x_wconf 87' lang='lat' dir='ltr'>contestatur</span> <span class='ocrx_word' id='word_1_350' title='bbox 1134 2924 1259 2950; x_wconf 88' lang='lat' dir='ltr'>veram</span> <span class='ocrx_word' id='word_1_351' title='bbox 1276 2924 1318 2949; x_wconf 89' lang='lat' dir='ltr'>ac</span> <span class='ocrx_word' id='word_1_352' title='bbox 1342 2911 1490 2962; x_wconf 86' lang='lat' dir='ltr'>plenam</span> <span class='ocrx_word' id='word_1_353' title='bbox 1509 2910 1651 2962; x_wconf 84' lang='lat' dir='ltr'>peccati</span> 
     </span>
     <span class='ocr_line' id='line_1_41' title="bbox 165 2973 1500 3015; baseline 0.001 -4"><span class='ocrx_word' id='word_1_354' title='bbox 165 2973 222 3015; x_wconf 90' lang='grc' dir='ltr'>ΙΙ.</span> <span class='ocrx_word' id='word_1_355' title='bbox 1454 2975 1500 3013; x_wconf 80' lang='grc'>13</span> 
     </span>
    </p>
   </div>
  </div>
 </body>
</html>
