1830 3147
787 115 855 151 625
1311 109 1372 158 [A.
1398 108 1443 146 D.
1469 106 1578 155 1549]

45 230 110 265 aut
142 227 299 264 damnari
331 227 396 263 aut
427 224 561 261 servari
594 235 728 267 omnes,
762 235 826 271 pro
859 233 900 259 eo
925 232 964 259 ac
990 220 1178 268 quisquam
1204 219 1366 256 nostrum
1392 230 1412 254 a
1437 217 1514 254 Deo
1537 215 1580 253 ab

44 291 199 334 aeterno,
241 288 317 325 sive
348 285 393 323 ad
425 285 547 330 vitam,
583 285 658 321 sive
690 283 734 321 ad
769 285 918 321 mortem
950 285 1129 319 aeternam
1164 279 1443 328 praedestinatus
1476 279 1580 315 esset.

44 350 140 386 Hinc
173 361 258 387 vero
291 346 503 395 colligebant
539 345 701 393 quidam:
745 357 816 382 non
850 356 927 382 esse
959 342 1074 379 ullum
1099 341 1248 379 mortale
1282 342 1463 390 peccatum
1487 339 1581 375 inter

43 409 186 454 electos,
219 409 281 456 qui
317 409 462 456 propter
488 406 693 443 electionem
719 405 876 442 damnari
901 405 970 442 iam
995 406 1032 440 et
1056 402 1204 452 proinde
1227 390 1350 440 cadere
1375 412 1517 449 quoque
1542 399 1579 435 in

42 472 223 518 peccatum
251 467 399 506 mortale
423 480 496 504 non
521 468 676 515 possent,
703 478 819 513 neque
844 477 984 502 rursum
1011 475 1087 500 esse
1111 463 1204 499 inter
1230 474 1290 499 eos
1315 461 1428 498 ullum
1445 458 1581 497 veniale

41 532 238 580 peccatum,
271 529 334 577 qui
360 528 403 565 ad
429 532 578 565 mortem
603 529 781 564 aeternam
806 526 848 563 ab
874 528 1018 563 aeterno
1045 525 1151 562 etiam
1176 522 1427 572 praedestinati
1452 521 1582 564 essent,

42 592 138 640 quod
164 605 285 629 eorum
310 590 587 639 praedestinatio
612 589 743 626 mutari
767 587 866 626 nullo
893 600 1049 636 unquam
1073 585 1177 623 modo
1203 585 1344 622 omnino
1362 584 1484 633 possit.
1510 582 1580 620 Hic

42 654 220 692 citabatur
244 652 436 690 Paulinum
460 652 572 689 illud:
600 651 801 698 uQuoniam
826 662 916 698 quos
940 648 1128 698 praescivit
1154 647 1291 684 eosdem
1317 648 1353 682 et
1370 644 1581 694 praefinivit,

43 715 118 752 sive
151 714 458 764 praedestinavit'’
486 716 522 751 et
548 726 639 761 quae
663 712 736 749 illic
762 725 826 750 suo
858 711 980 749 ordine
1004 710 1117 747 veluti
1142 711 1372 746 concatenata
1396 706 1581 743 habentur.

45 777 148 814 Rom.
177 779 208 814 8.
235 776 423 815 Citabatur
449 778 485 813 et
509 775 612 820 illud,
641 774 805 816 „Unctio
831 775 906 823 ipsa
931 772 1071 810 docebit
1088 772 1180 809 vos''
1207 773 1228 808 1
1254 771 1308 807 lo.
1325 771 1358 807 2.
1392 767 1528 805 Deinde
1545 769 1582 804 et

43 838 133 875 illud
158 838 305 876 Ioannis
332 838 506 886 baptistae
531 836 574 874 de
599 835 743 873 Christo
768 836 1014 872 testimonium
1031 832 1291 882 proferebatur:
1321 830 1440 872 nEcce
1455 831 1581 876 Agnus

43 900 112 937 Dei
137 901 199 948 qui
225 900 324 938 tollit
349 902 533 949 peccatum
559 899 673 935 totius
698 897 861 935 mundi”.
888 897 1004 945 quue
1028 896 1080 933 ita
1097 894 1349 943 exponebatur,
1368 891 1463 940 quod
1481 891 1581 928 Chri·

44 964 122 999 stus
147 962 325 1000 Dominus
351 975 453 1000 omne
479 960 729 1009 quodcunque,
755 959 1004 1006 qualecunque
1028 959 1114 994 item
1138 957 1333 1005 peccatum,
1358 954 1464 991 etiam
1492 952 1581 989 illud

44 1025 82 1060 in
115 1024 287 1072 Spiritum
319 1025 499 1068 Sanctum,
533 1026 612 1061 toto
648 1022 732 1059 orbe
765 1024 940 1058 terrarum
966 1021 1004 1057 in
1029 1019 1149 1057 electis
1175 1018 1338 1056 omnibus
1363 1015 1582 1059 sustulisset,

46 1087 83 1121 et
117 1085 263 1133 proinde
296 1085 435 1122 nullum
468 1097 543 1122 esse
568 1084 662 1120 inter
687 1082 819 1119 electos
844 1082 912 1119 iam
937 1081 1178 1119 irremissibile
1204 1081 1399 1128 peccatum,
1425 1090 1469 1114 ne
1494 1075 1582 1112 illud

44 1147 186 1195 quidem
212 1147 309 1195 quod
333 1160 354 1185 a
379 1147 522 1184 Christo
548 1145 703 1183 Domino
728 1144 969 1182 irremissibile
993 1145 1154 1188 vocatur,
1171 1154 1252 1179 cum
1269 1153 1371 1178 nemo
1389 1139 1580 1177 electorum

48 1208 205 1245 damnari
230 1209 356 1258 possit.

94 1271 192 1307 Haec
225 1282 331 1319 porro
365 1270 529 1308 doctrina
567 1271 688 1308 durior
722 1270 798 1307 visa
835 1270 890 1306 est
915 1265 993 1304 aliis
1018 1278 1093 1304 esse
1119 1267 1155 1302 et
1180 1276 1260 1303 cum
1285 1263 1364 1300 aliis
1389 1262 1583 1310 scripturae

45 1333 132 1372 locis
156 1347 280 1383 parum
306 1337 555 1372 consentanea.
581 1334 652 1372 Hic
678 1346 762 1371 vero
787 1331 1044 1382 proferebatur,
1080 1328 1285 1367 electionem
1310 1326 1354 1363 ad
1379 1328 1491 1362 totam
1516 1323 1582 1360 Ec·

0 1415 2 1419 v
45 1396 186 1432 clesiam
211 1397 249 1433 in
274 1407 402 1444 genere
427 1396 618 1445 pertinere,
645 1395 840 1432 multorum
865 1393 1023 1430 locorum
1050 1390 1253 1428 testimonio
1272 1388 1401 1436 quibus
1419 1387 1584 1423 universa

47 1457 205 1494 Ecclesia
235 1456 390 1506 populus
424 1456 571 1501 electus,
606 1456 784 1505 peculium
819 1457 856 1492 et
889 1454 1026 1501 regium
1060 1452 1128 1489 Dei
1161 1449 1397 1488 sacerdotium
1422 1451 1583 1486 vocatur.

48 1518 94 1554 In
126 1518 188 1555 hac
221 1520 341 1555 autern
372 1530 453 1555 cnm
486 1520 623 1554 certum
658 1518 706 1554 sit
731 1517 865 1553 multos
891 1515 1024 1558 cadere,
1064 1512 1357 1561 quemadmodum
1382 1509 1517 1547 Paulus
1542 1508 1585 1545 de

48 1579 171 1616 fractis
203 1582 345 1616 sanctae
379 1579 505 1616 radicis
543 1579 673 1615 sanctis
709 1579 815 1615 etiam
846 1576 1079 1625 proculdubio
1104 1575 1209 1611 ramis
1235 1574 1337 1610 docet
1363 1573 1482 1620 (Rom.
1510 1572 1584 1619 11),

47 1641 269 1689 perspicuum
296 1644 361 1686 est,
388 1640 517 1678 electos
543 1641 648 1677 etiam
673 1653 774 1688 posse
799 1639 922 1676 cadere
948 1641 984 1675 et
1009 1637 1175 1681 damnari,
1202 1636 1231 1673 si
1257 1635 1462 1673 electionem
1484 1646 1583 1671 suam

47 1702 182 1739 irritam
218 1703 349 1740 faciant
382 1715 444 1751 per
480 1715 581 1739 suam
606 1701 902 1739 incredulitatem.
928 1701 984 1736 De
1009 1700 1148 1748 privata.
1173 1697 1234 1734 illa
1258 1697 1432 1744 cuiusque
1456 1696 1493 1732 in
1518 1695 1583 1731 Ec-

46 1763 153 1800 clesia
189 1764 371 1808 electione,
405 1776 467 1812 per
492 1776 597 1811 quam
623 1763 758 1800 Paulus
782 1761 949 1809 reliquias
973 1760 1118 1797 Israelis
1142 1761 1298 1796 servatas
1324 1757 1444 1795 eodem
1471 1756 1585 1805 capite

48 1836 124 1862 esse
159 1824 274 1870 docet,
307 1825 342 1862 id
374 1824 516 1872 quidem
551 1837 673 1861 verum
708 1837 793 1868 esse,
826 1822 923 1871 quod
957 1822 1162 1870 quicunque
1188 1823 1387 1864 servantur,
1414 1819 1585 1855 electione

48 1889 235 1924 serventur
269 1887 394 1934 (solam
429 1887 519 1923 enim
557 1886 672 1923 nostri
696 1886 734 1922 in
760 1885 901 1922 Christo
928 1884 1134 1922 electionem
1160 1885 1196 1920 et
1221 1882 1363 1929 quidem
1387 1883 1470 1917 ante
1495 1884 1581 1917 tem-

50 1960 136 1997 pora
172 1951 315 1986 aeterna
348 1948 570 1992 destinatam,
609 1950 651 1985 ut
687 1947 778 1985 idem
812 1946 948 1984 Paulus
973 1946 1077 1983 docet
1103 1946 1122 1981 2
1149 1944 1192 1982 ad
1218 1943 1370 1981 Timoth.
1398 1943 1431 1987 1,
1457 1941 1584 1979 salutis

49 2012 192 2047 nostrae
217 2023 356 2047 eausam
382 2011 485 2057 esse),
511 2009 572 2047 sed
597 2009 662 2046 hoc
687 2009 768 2046 inde
793 2021 865 2046 non
890 2009 976 2045 effici
1000 2008 1155 2052 interim,
1170 2009 1211 2043 ut
1229 2006 1312 2042 dum
1330 2005 1491 2048 fatemur,
1510 2016 1582 2040 om-

49 2083 110 2108 nes
137 2072 199 2119 qui
216 2074 403 2109 servantur
421 2071 591 2109 electione
609 2071 753 2115 servari,
765 2092 812 2100 —
830 2070 934 2107 simul
951 2069 1145 2107 necessario
1163 2069 1268 2105 etiam
1288 2066 1391 2104 fateri
1407 2078 1585 2113 cogamur,

47 2133 219 2170 neminem
255 2146 377 2170 eorum
408 2133 471 2181 qui
505 2132 639 2169 electus
675 2134 730 2169 est
760 2131 916 2168 damnari
947 2130 1097 2179 amplius
1122 2142 1234 2178 posse.
1283 2125 1583 2175 Quemadmodum

51 2194 119 2231 etsi
154 2193 275 2231 favore
307 2194 473 2243 principis
506 2193 580 2230 fieri
615 2193 774 2237 dicimus,
808 2195 851 2230 ut
883 2193 920 2229 in
953 2193 1029 2229 eius
1056 2191 1221 2228 familiam
1246 2190 1452 2238 recipiamur
1477 2191 1586 2235 atque

49 2256 136 2293 hanc
170 2256 279 2293 solam
304 2255 516 2305 receptionis
542 2258 685 2292 nostrae
711 2267 849 2292 causam
875 2267 950 2292 esse
976 2254 1146 2298 fatemur,
1170 2265 1242 2290 non
1267 2254 1385 2289 tamen
1410 2250 1490 2287 inde
1516 2251 1583 2286 effi—

49 2317 171 2362 cimus,
204 2320 248 2354 ut
283 2317 415 2366 recepti
446 2329 627 2364 nunquam
659 2315 784 2353 deinde
815 2315 883 2364 ipsi
910 2315 1075 2352 familiam
1113 2315 1150 2351 in
1175 2326 1280 2362 quam
1305 2312 1438 2360 recepti
1463 2323 1585 2347 sumus

46 2377 206 2414 deserere
238 2376 312 2414 ullo
347 2377 450 2414 modo
482 2376 668 2425 possimus.
719 2376 767 2413 Et
802 2388 1005 2424 quanquam
1038 2374 1170 2412 multae
1203 2374 1276 2411 sint
1301 2373 1469 2417 rationes,
1495 2383 1585 2420 quae

48 2438 117 2476 Dei
142 2438 347 2475 electionem
373 2437 627 2475 immutabilem
652 2449 727 2474 esse
753 2436 998 2486 persuadeant,
1024 2439 1143 2473 tamen
1168 2435 1335 2483 quoniam
1361 2433 1462 2471 nobis
1487 2432 1583 2469 illius

48 2499 140 2537 ratio
167 2499 279 2548 (quod
304 2500 348 2536 ad
373 2499 533 2547 singulos
558 2498 766 2547 praesertim
791 2499 828 2534 in
853 2498 1011 2535 Ecclesia
1035 2497 1208 2546 pertinet)
1235 2495 1416 2542 incognita
1441 2506 1584 2543 prorsus

47 2564 113 2606 est,
147 2562 247 2599 nobis
281 2574 364 2599 sane
397 2562 440 2598 de
472 2561 532 2598 illa
563 2574 635 2598 non
679 2560 873 2598 secundum
906 2560 1054 2596 rationis
1087 2563 1228 2596 nostrae
1262 2557 1431 2594 iudiciuin
1464 2557 1585 2593 eiusve

48 2625 292 2672 persuasiones
327 2623 554 2660 iudicandum
590 2634 675 2666 esse,
703 2623 763 2660 sed
788 2623 890 2658 iuxta
914 2621 1061 2658 verbum
1087 2620 1165 2656 Dei.
1215 2619 1291 2655 Iam
1317 2631 1360 2655 ex
1385 2618 1493 2655 verbo
1520 2618 1586 2654 Dei

50 2686 274 2734 perspicuum
299 2699 386 2730 esse,
411 2698 476 2723 nos
500 2685 569 2722 fide
588 2685 791 2721 constitisse
808 2687 845 2721 et
863 2686 955 2721 stare
974 2684 1093 2731 (Rom.
1113 2682 1170 2727 11,
1195 2683 1215 2718 1
1234 2682 1315 2718 Cor.
1333 2682 1389 2726 16,
1409 2683 1428 2717 2
1449 2681 1529 2717 Cor.
1548 2681 1586 2728 1)

50 2747 184 2794 Quodsi
216 2748 285 2785 fide
321 2751 456 2785 stamus
492 2749 528 2783 et
563 2748 658 2783 stare
692 2759 764 2784 non
800 2759 986 2795 possumus
1020 2745 1089 2781 nisi
1122 2743 1224 2781 electi
1259 2744 1380 2788 simus,
1414 2742 1589 2790 equidem,

50 2807 133 2844 dum
159 2821 180 2845 a
203 2809 271 2847 fide
297 2809 489 2846 excidimus
515 2821 620 2856 quam
646 2808 869 2853 habebamus,
896 2806 1000 2844 simul
1026 2806 1131 2844 etiam
1157 2818 1221 2843 nos
1246 2805 1289 2842 ab
1314 2805 1389 2854 ipsa
1415 2804 1586 2841 electione

51 2869 223 2908 excidisse
249 2872 368 2920 negari
395 2884 467 2909 non
493 2873 626 2920 potest.
677 2871 790 2908 Porro
816 2883 836 2907 a
860 2869 928 2907 fide
953 2881 1017 2906 nos
1044 2881 1146 2917 posse
1172 2867 1329 2905 excidere
1354 2866 1477 2904 multis
1502 2867 1589 2903 locis

53 2931 228 2979 scriptura
253 2933 326 2980 ipsa
352 2935 518 2977 testatur,
547 2932 629 2969 dum
658 2945 722 2970 nos
748 2933 810 2980 qui
836 2932 903 2969 fide
921 2931 1147 2968 constitimus
1164 2930 1329 2968 admonet
1346 2942 1390 2966 ne
1407 2941 1469 2977 per
1485 2928 1591 2964 animi

99 2991 152 3029 ΙΙ.
1400 2992 1445 3025 40
