1830 3147
1603 91 1648 128 91

155 207 272 247 Porro
319 207 466 246 Psalmo
512 205 711 244 decantato
753 204 958 243 dimittitur
1001 205 1049 243 ab
1095 203 1325 242 Ecclesiaste
1360 207 1439 241 tota
1480 202 1650 241 Ecclesia

104 287 189 312 cum
216 287 318 326 pace,
346 285 548 325 pauperum
580 271 905 309 commendatione
932 275 969 308 et
998 269 1260 308 benedictione
1281 269 1382 307 hisce
1403 269 1546 307 verbis:
1563 270 1650 318 (81)

159 403 438 442 nMemineritis
474 416 677 453 pauperum
717 407 925 440 vestrorum
963 406 998 438 et
1034 400 1099 437 alii
1128 413 1193 451 pro
1222 400 1305 438 aliis
1332 399 1494 438 invicem
1521 412 1650 451 prece-

104 470 197 508 mini
228 469 271 518 ยน).
326 470 426 507 Deus
454 474 577 506 autem
606 468 825 505 misereatur
855 466 967 504 vestri
995 472 1030 503 et
1059 466 1256 504 benedicat
1284 466 1407 504 vobis.
1448 465 1650 503 Illuccscat

105 535 235 573 Divini
272 534 396 572 vultus
433 533 491 571 sui
527 533 610 571 luce
647 533 743 570 inter
780 545 845 569 vos
883 531 931 569 ad
969 531 1133 568 nominis
1172 531 1294 568 sancti
1331 531 1389 568 sui
1426 529 1588 580 gloriam
1616 534 1652 568 et

105 600 295 639 custodiat
323 613 388 637 vos
415 600 454 637 in
484 604 612 637 sancta
640 612 683 636 ac
713 596 866 636 salutari
892 610 983 648 pace
1011 610 1090 635 sua.
1121 596 1284 635 Amen.''

157 733 254 771 Dum
290 736 414 770 autem
452 731 543 768 haec
577 730 623 768 ab
662 729 890 767 Ecclesiaste
926 728 978 766 ita
1016 727 1204 773 dicuntur,
1241 726 1401 763 Diaconi
1428 726 1533 764 iuxta
1563 739 1650 763 suas

105 798 203 836 vices
241 797 279 835 in
316 796 434 848 portis
472 795 601 846 templi
629 795 761 832 ordine
789 794 1016 838 consistunt,
1050 792 1305 842 eleemosynas
1333 791 1373 828 in
1401 792 1493 842 ipsis
1521 791 1652 842 templi

103 864 235 915 portis,
270 867 473 914 postquam
510 861 663 898 dimissa
701 866 756 898 est
799 859 979 900 Ecclesia,
1019 858 1217 907 diligenter
1256 857 1439 907 colligunt
1466 870 1509 895 ac
1536 857 1655 908 proti-

106 942 175 968 nus
212 929 361 966 demum
403 927 442 964 in
483 927 624 977 templo
662 926 757 977 ipso,
793 924 977 976 quidquid
1016 923 1264 972 collegerunt,
1292 924 1551 962 conscribunt.
1608 923 1656 960 Id

104 995 205 1046 quod
243 994 282 1032 in
324 993 501 1031 omnibus
538 992 650 1030 etiam
691 992 776 1029 aliis
812 990 1002 1028 Ecclesiae
1043 989 1213 1027 coetibus
1241 1002 1385 1040 semper
1414 989 1555 1041 alioqui
1583 990 1655 1027 ob-

105 1059 245 1097 servari
274 1058 381 1096 solet.

157 1123 299 1161 Eadem
335 1134 447 1174 porro
485 1125 541 1159 est
579 1122 699 1158 forma
737 1119 907 1157 omnium
943 1118 1097 1157 aliarum
1129 1117 1356 1155 concionum
1399 1117 1656 1168 cuiuscunque

105 1188 180 1226 diei
215 1192 250 1225 et
286 1187 325 1224 in
362 1185 538 1224 omnibus
578 1184 749 1223 coetibus
780 1183 984 1228 Ecclesiae,
1019 1182 1094 1221 nisi
1130 1181 1232 1233 quod
1261 1181 1442 1231 Decalogi
1470 1181 1656 1227 recitatio,

103 1253 269 1306 precatio
314 1253 405 1290 item
441 1251 694 1302 complectens
730 1250 770 1288 in
809 1263 847 1287 se
885 1249 1161 1286 confessionem
1190 1247 1330 1298 pariter
1358 1253 1470 1297 atque
1499 1247 1656 1284 absolu-

105 1319 245 1358 tionem
281 1325 316 1357 et
354 1318 525 1368 Symboli
567 1322 756 1367 praeterea
801 1315 972 1352 recitatio
1010 1315 1049 1351 in
1086 1314 1170 1351 aliis
1199 1313 1447 1350 concionibus
1477 1312 1656 1350 omnibus

105 1386 346 1423 omittuntur.
402 1383 475 1421 Sed
512 1386 598 1434 post
636 1382 849 1420 absolutam
887 1393 975 1418 mox
1013 1379 1247 1423 concionem,
1284 1378 1511 1428 simulatque
1538 1377 1658 1429 prima

94 1446 268 1502 'precatio
305 1450 412 1488 finita
449 1453 515 1495 est,
552 1447 700 1486 orditur
728 1447 909 1485 continuo
939 1445 1186 1483 Ecclesiastes
1214 1457 1342 1495 preces
1379 1443 1551 1494 publicas
1588 1456 1656 1494 pro

107 1516 298 1554 Ecclesiae
341 1514 639 1554 necessitatibus.
695 1516 820 1564 Atque
863 1513 916 1550 ita
963 1511 1114 1549 demum
1156 1509 1396 1559 ad-(82)dita
1440 1509 1658 1561 precatione

108 1581 308 1620 Dominica
346 1590 382 1619 et
418 1581 567 1618 Psalmo
607 1579 804 1617 decantato
844 1577 1046 1615 dimittitur
1082 1575 1252 1614 Ecclesia
1283 1588 1364 1613 cum
1403 1575 1657 1626 suprascripta

109 1647 390 1686 benedictione:
448 1646 698 1685 Memineritis
726 1657 929 1696 pauperum
960 1648 1030 1681 etc.

158 1713 204 1751 In
231 1711 501 1765 pomeridianis
529 1724 615 1749 vero
640 1709 887 1748 concionibus
917 1708 1060 1746 dierum
1098 1706 1389 1744 Dominicorum
1426 1706 1546 1743 forma
1574 1705 1658 1757 qui-

106 1779 190 1817 dem
229 1777 456 1816 concionum
493 1776 620 1814 eadem
656 1776 769 1827 plane
806 1777 874 1820 est,
913 1774 976 1812 sed
1013 1778 1258 1824 posteaquam
1296 1777 1421 1810 textus
1451 1771 1660 1823 scripturae

106 1844 244 1896 populo
280 1843 489 1895 praelectae
517 1841 728 1893 explicatus
756 1846 812 1879 est
839 1839 959 1891 (quod
988 1838 1140 1877 interim
1169 1838 1219 1876 sit
1246 1838 1359 1875 unius
1389 1837 1573 1875 duntaxat
1602 1837 1659 1875 di-

108 1908 285 1946 midiatae
322 1907 435 1945 horae
469 1906 622 1958 spatio),
651 1905 898 1943 Ecclesiastes
927 1904 1071 1942 orditur
1101 1902 1331 1941 Catechismi
1359 1902 1510 1939 maioris
1539 1902 1659 1953 expli-

107 1973 306 2014 cationem,
334 1985 444 2023 quem
472 1971 591 2022 pueri,
621 1975 660 2008 ut
694 1970 735 2008 in
763 1970 901 2008 libellis
931 1969 1122 2007 Ecclesiae
1150 1968 1298 2006 aeditus
1326 1967 1500 2012 habetur,
1528 1967 1659 2016 lingua

109 2038 255 2086 vulgari
298 2037 458 2075 recitant
501 2037 606 2074 iuxta
652 2049 738 2073 suos
776 2035 941 2080 ordines,
975 2034 1043 2071 ubi
1089 2033 1212 2085 priore
1250 2031 1432 2070 concione
1474 2036 1659 2070 cessatum

110 2104 243 2141 fuerat.
298 2102 386 2141 Qua
415 2102 459 2139 de
487 2115 527 2139 re
553 2102 674 2152 plura,
703 2101 767 2138 ubi
795 2100 839 2137 de
867 2113 938 2137 usu
966 2098 1196 2137 Catechismi
1222 2097 1459 2150 peculiariter
1487 2102 1631 2147 agetur.

160 2169 346 2207 Absoluta
383 2174 506 2205 autem
545 2166 773 2204 Catechismi
805 2166 1069 2216 explicatione,
1095 2165 1226 2202 finitur
1254 2163 1405 2201 demum
1434 2162 1565 2200 concio
1595 2176 1659 2201 su-

108 2234 328 2287 prascriptis
355 2233 529 2284 precibus
567 2237 602 2270 et
638 2231 779 2269 Psalmi
816 2230 1093 2276 decantatione,
1128 2229 1268 2267 omissa
1295 2228 1448 2266 interim
1477 2227 1660 2278 Dec-alogi

107 2299 423 2352 precationisque,
451 2310 546 2348 quae
572 2296 651 2334 eius
681 2295 957 2333 confessionem
992 2307 1076 2332 cum
1116 2293 1368 2339 absolutione,
1398 2292 1660 2343 complectitur

109 2370 145 2403 et
183 2364 355 2415 Symboli
382 2362 612 2407 recitatione,
640 2375 735 2413 quae
763 2360 957 2398 matutinis
982 2360 1165 2397 duntaxat
1195 2359 1339 2397 dierum
1369 2358 1658 2397 Dominicorum

110 2430 358 2469 concionibus
387 2429 600 2466 adhibetur.

163 2497 357 2533 Caeterum
387 2493 520 2531 diebus
548 2492 652 2530 Iovis
681 2491 871 2529 ordinarie
898 2490 1044 2542 publici
1071 2490 1182 2528 etiam
1213 2489 1405 2527 Ecclesiae
1434 2493 1562 2527 coetus
1592 2488 1660 2526 ha-

110 2561 249 2599 bentur
283 2559 531 2611 publicaeque
568 2558 780 2604 conciones,
817 2562 1077 2608 praeterquam
1116 2555 1147 2592 si
1183 2555 1222 2592 in
1261 2554 1358 2592 diem
1391 2553 1570 2592 Mercurii
1597 2558 1662 2592 aut

110 2626 268 2664 Veneris
296 2625 511 2677 proximum
542 2625 661 2662 festus
688 2623 935 2674 ali-(83)quis
966 2623 1043 2659 dies
1071 2621 1225 2667 incidat,
1254 2633 1417 2672 quorum
1445 2620 1660 2658 observatio

109 2692 253 2730 aboleri
289 2691 459 2729 nondum
495 2690 555 2728 hic
591 2689 727 2741 potuit.
782 2689 880 2726 Tum
919 2688 1019 2726 enim
1057 2687 1190 2725 concio
1228 2686 1268 2724 in
1297 2699 1383 2724 eum
1409 2686 1533 2737 ipsum
1561 2685 1661 2724 diem

109 2758 247 2796 festum
274 2758 500 2795 transfertur
528 2769 605 2794 non
632 2759 784 2806 propter
813 2754 958 2792 dierum
979 2753 1054 2791 ulla
1080 2751 1312 2798 discrimina,
1335 2751 1398 2789 sed
1418 2764 1465 2789 ne
1483 2750 1661 2803 populus,

156 2887 181 2926 ยน)
207 2884 319 2918 Iacobi
342 2885 371 2917 5.
415 2883 488 2916 Psa.
512 2883 563 2916 66.
