<?xml version="1.0" encoding="UTF-8"?>
<!DOCTYPE html PUBLIC "-//W3C//DTD XHTML 1.0 Transitional//EN"
    "http://www.w3.org/TR/xhtml1/DTD/xhtml1-transitional.dtd">
<html xmlns="http://www.w3.org/1999/xhtml" xml:lang="en" lang="en">
 <head>
  <title>
</title>
<meta http-equiv="Content-Type" content="text/html;charset=utf-8" />
  <meta name='ocr-system' content='tesseract 3.04.00' />
  <meta name='ocr-capabilities' content='ocr_page ocr_carea ocr_par ocr_line ocrx_word'/>
</head>
<body>
  <div class='ocr_page' id='page_1' title='image "./operatameditaqua02lask_0059.png"; bbox 0 0 1830 3147; ppageno 0'>
   <div class='ocr_carea' id='block_1_1' title="bbox 1609 89 1657 126">
    <p class='ocr_par' dir='ltr' id='par_1_1' title="bbox 1609 89 1657 126">
     <span class='ocr_line' id='line_1_1' title="bbox 1609 89 1657 126; baseline 0 0"><span class='ocrx_word' id='word_1_1' title='bbox 1609 89 1657 126; x_wconf 85' lang='lat'>41</span> 
     </span>
    </p>
   </div>
   <div class='ocr_carea' id='block_1_2' title="bbox 110 197 1660 1548">
    <p class='ocr_par' dir='ltr' id='par_1_2' title="bbox 118 197 1655 366">
     <span class='ocr_line' id='line_1_2' title="bbox 118 197 1655 239; baseline 0.002 -4"><span class='ocrx_word' id='word_1_2' title='bbox 118 197 288 237; x_wconf 76' lang='lat' dir='ltr'>Licentia</span> <span class='ocrx_word' id='word_1_3' title='bbox 315 201 451 237; x_wconf 89' lang='lat' dir='ltr'>temere</span> <span class='ocrx_word' id='word_1_4' title='bbox 476 198 679 236; x_wconf 85' lang='lat' dir='ltr'>accusandi</span> <span class='ocrx_word' id='word_1_5' title='bbox 705 198 899 237; x_wconf 88' lang='lat' dir='ltr'>ministros</span> <span class='ocrx_word' id='word_1_6' title='bbox 928 199 1114 239; x_wconf 85' lang='lat' dir='ltr'>damnata.</span> <span class='ocrx_word' id='word_1_7' title='bbox 1499 202 1564 239; x_wconf 88' lang='lat'>40.</span> <span class='ocrx_word' id='word_1_8' title='bbox 1594 202 1655 239; x_wconf 93' lang='lat'>20.</span> 
     </span>
     <span class='ocr_line' id='line_1_3' title="bbox 865 326 920 366; baseline 0.018 -1"><span class='ocrx_word' id='word_1_9' title='bbox 865 326 920 366; x_wconf 88' lang='grc' dir='ltr'>Μ.</span> 
     </span>
    </p>

    <p class='ocr_par' dir='ltr' id='par_1_3' title="bbox 119 455 1659 506">
     <span class='ocr_line' id='line_1_4' title="bbox 119 455 1659 506; baseline 0.003 -12"><span class='ocrx_word' id='word_1_10' title='bbox 119 456 363 506; x_wconf 76' lang='lat' dir='ltr'><strong>Magistratus</strong></span> <span class='ocrx_word' id='word_1_11' title='bbox 391 455 482 506; x_wconf 87' lang='lat' dir='ltr'>quid</span> <span class='ocrx_word' id='word_1_12' title='bbox 509 455 557 493; x_wconf 87' lang='lat' dir='ltr'>sit</span> <span class='ocrx_word' id='word_1_13' title='bbox 584 455 624 493; x_wconf 89' lang='lat' dir='ltr'>in</span> <span class='ocrx_word' id='word_1_14' title='bbox 652 455 806 494; x_wconf 87' lang='lat' dir='ltr'>ccclesia</span> <span class='ocrx_word' id='word_1_15' title='bbox 836 455 988 496; x_wconf 86' lang='lat' dir='ltr'>Christi.</span> <span class='ocrx_word' id='word_1_16' title='bbox 1478 462 1564 498; x_wconf 89' lang='lat'>183.</span> <span class='ocrx_word' id='word_1_17' title='bbox 1624 462 1659 499; x_wconf 91' lang='lat'>8.</span> 
     </span>
    </p>

    <p class='ocr_par' dir='ltr' id='par_1_4' title="bbox 121 520 1660 574">
     <span class='ocr_line' id='line_1_5' title="bbox 121 520 1660 574; baseline 0.003 -16"><span class='ocrx_word' id='word_1_18' title='bbox 121 520 356 574; x_wconf 74' lang='lat' dir='ltr'>Matrimonii</span> <span class='ocrx_word' id='word_1_19' title='bbox 383 523 615 558; x_wconf 89' lang='lat' dir='ltr'>ornamenta.</span> <span class='ocrx_word' id='word_1_20' title='bbox 1484 527 1569 562; x_wconf 82' lang='lat'>590.</span> <span class='ocrx_word' id='word_1_21' title='bbox 1599 526 1660 569; x_wconf 85' lang='lat'>19,</span> 
     </span>
    </p>

    <p class='ocr_par' dir='ltr' id='par_1_5' title="bbox 119 584 1659 641">
     <span class='ocr_line' id='line_1_6' title="bbox 119 584 1659 641; baseline 0.004 -19"><span class='ocrx_word' id='word_1_22' title='bbox 119 585 373 641; x_wconf 81' lang='lat' dir='ltr'>Ministeriurn</span> <span class='ocrx_word' id='word_1_23' title='bbox 401 585 504 623; x_wconf 89' lang='lat' dir='ltr'>verbi</span> <span class='ocrx_word' id='word_1_24' title='bbox 532 584 722 636; x_wconf 90' lang='lat' dir='ltr'>quomodo</span> <span class='ocrx_word' id='word_1_25' title='bbox 751 585 981 625; x_wconf 83' lang='lat' dir='ltr'><strong>observetur.</strong></span> <span class='ocrx_word' id='word_1_26' title='bbox 1504 591 1567 628; x_wconf 88' lang='lat'>58.</span> <span class='ocrx_word' id='word_1_27' title='bbox 1596 590 1659 630; x_wconf 84' lang='lat'>17.</span> 
     </span>
    </p>

    <p class='ocr_par' dir='ltr' id='par_1_6' title="bbox 121 649 1658 693">
     <span class='ocr_line' id='line_1_7' title="bbox 121 649 1658 693; baseline 0.003 -6"><span class='ocrx_word' id='word_1_28' title='bbox 121 650 385 688; x_wconf 84' lang='lat' dir='ltr'>Ministrorum</span> <span class='ocrx_word' id='word_1_29' title='bbox 415 650 518 687; x_wconf 82' lang='lat' dir='ltr'>verbi</span> <span class='ocrx_word' id='word_1_30' title='bbox 546 649 679 688; x_wconf 87' lang='lat' dir='ltr'>officia.</span> <span class='ocrx_word' id='word_1_31' title='bbox 1531 657 1565 692; x_wconf 89' lang='lat'>8.</span> <span class='ocrx_word' id='word_1_32' title='bbox 1595 656 1658 693; x_wconf 84' lang='lat'>26.</span> 
     </span>
    </p>

    <p class='ocr_par' dir='ltr' id='par_1_7' title="bbox 119 709 1659 767">
     <span class='ocr_line' id='line_1_8' title="bbox 119 709 1659 767; baseline 0.003 -14"><span class='ocrx_word' id='word_1_33' title='bbox 119 709 289 753; x_wconf 85' lang='lat' dir='ltr'>Ministri</span> <span class='ocrx_word' id='word_1_34' title='bbox 316 716 421 753; x_wconf 88' lang='lat' dir='ltr'>verbi</span> <span class='ocrx_word' id='word_1_35' title='bbox 448 716 577 767; x_wconf 90' lang='lat' dir='ltr'>quales</span> <span class='ocrx_word' id='word_1_36' title='bbox 605 715 781 765; x_wconf 83' lang='lat' dir='ltr'>eligendi.</span> <span class='ocrx_word' id='word_1_37' title='bbox 1506 721 1567 758; x_wconf 88' lang='lat'>10.</span> <span class='ocrx_word' id='word_1_38' title='bbox 1622 722 1659 758; x_wconf 88' lang='grc'>6.</span> 
     </span>
    </p>

    <p class='ocr_par' dir='ltr' id='par_1_8' title="bbox 117 780 1660 833">
     <span class='ocr_line' id='line_1_9' title="bbox 117 780 1660 833; baseline 0.003 -15"><span class='ocrx_word' id='word_1_39' title='bbox 117 780 382 819; x_wconf 89' lang='lat' dir='ltr'>Ministrorum</span> <span class='ocrx_word' id='word_1_40' title='bbox 410 780 528 827; x_wconf 88' lang='lat' dir='ltr'>verbi,</span> <span class='ocrx_word' id='word_1_41' title='bbox 556 781 746 818; x_wconf 88' lang='lat' dir='ltr'>seniorum</span> <span class='ocrx_word' id='word_1_42' title='bbox 773 784 809 818; x_wconf 89' lang='lat' dir='ltr'>et</span> <span class='ocrx_word' id='word_1_43' title='bbox 835 780 951 819; x_wconf 89' lang='lat' dir='ltr'>totius</span> <span class='ocrx_word' id='word_1_44' title='bbox 979 781 1156 819; x_wconf 89' lang='lat' dir='ltr'>ecclesiae</span> <span class='ocrx_word' id='word_1_45' title='bbox 1183 795 1270 832; x_wconf 88' lang='lat' dir='ltr'>erga</span> <span class='ocrx_word' id='word_1_46' title='bbox 1292 782 1660 833; x_wconf 77' lang='lat' dir='ltr'>superintendentem</span> 
     </span>
    </p>

    <p class='ocr_par' dir='ltr' id='par_1_9' title="bbox 168 845 1657 887">
     <span class='ocr_line' id='line_1_10' title="bbox 168 845 1657 887; baseline 0.003 -4"><span class='ocrx_word' id='word_1_47' title='bbox 168 845 302 884; x_wconf 84' lang='lat' dir='ltr'>officia.</span> <span class='ocrx_word' id='word_1_48' title='bbox 1503 851 1564 887; x_wconf 92' lang='lat'>20.</span> <span class='ocrx_word' id='word_1_49' title='bbox 1619 851 1657 887; x_wconf 91' lang='lat'>4.</span> 
     </span>
    </p>

    <p class='ocr_par' dir='ltr' id='par_1_10' title="bbox 118 912 1658 964">
     <span class='ocr_line' id='line_1_11' title="bbox 118 912 1658 964; baseline 0.002 -14"><span class='ocrx_word' id='word_1_50' title='bbox 118 912 255 951; x_wconf 89' lang='lat' dir='ltr'>Modus</span> <span class='ocrx_word' id='word_1_51' title='bbox 283 925 326 950; x_wconf 85' lang='lat' dir='ltr'>ac</span> <span class='ocrx_word' id='word_1_52' title='bbox 352 912 448 950; x_wconf 86' lang='lat' dir='ltr'>ratio</span> <span class='ocrx_word' id='word_1_53' title='bbox 476 912 696 964; x_wconf 78' lang='lat' dir='ltr'>prophetiae</span> <span class='ocrx_word' id='word_1_54' title='bbox 723 912 764 951; x_wconf 90' lang='lat' dir='ltr'>in</span> <span class='ocrx_word' id='word_1_55' title='bbox 794 912 1070 951; x_wconf 86' lang='lat' dir='ltr'>Germanorum</span> <span class='ocrx_word' id='word_1_56' title='bbox 1099 913 1269 953; x_wconf 86' lang='lat' dir='ltr'>ecclesia.</span> <span class='ocrx_word' id='word_1_57' title='bbox 1477 916 1568 956; x_wconf 83' lang='lat'>107.</span> <span class='ocrx_word' id='word_1_58' title='bbox 1622 918 1658 953; x_wconf 86' lang='lat'>5.</span> 
     </span>
    </p>

    <p class='ocr_par' dir='ltr' id='par_1_11' title="bbox 118 976 1658 1144">
     <span class='ocr_line' id='line_1_12' title="bbox 118 976 1658 1028; baseline 0.001 -13"><span class='ocrx_word' id='word_1_59' title='bbox 118 977 257 1016; x_wconf 89' lang='lat' dir='ltr'>Modus</span> <span class='ocrx_word' id='word_1_60' title='bbox 286 990 351 1015; x_wconf 88' lang='lat' dir='ltr'>seu</span> <span class='ocrx_word' id='word_1_61' title='bbox 378 976 472 1015; x_wconf 89' lang='lat' dir='ltr'>ritus</span> <span class='ocrx_word' id='word_1_62' title='bbox 499 977 718 1028; x_wconf 84' lang='lat' dir='ltr'>prophetiae</span> <span class='ocrx_word' id='word_1_63' title='bbox 744 977 785 1015; x_wconf 91' lang='lat' dir='ltr'>in</span> <span class='ocrx_word' id='word_1_64' title='bbox 813 977 970 1014; x_wconf 86' lang='lat' dir='ltr'>ecclesia</span> <span class='ocrx_word' id='word_1_65' title='bbox 999 976 1210 1017; x_wconf 84' lang='lat' dir='ltr'><strong>Gallorum.</strong></span> <span class='ocrx_word' id='word_1_66' title='bbox 1480 980 1566 1017; x_wconf 89' lang='lat'>113.</span> <span class='ocrx_word' id='word_1_67' title='bbox 1597 981 1658 1018; x_wconf 89' lang='lat'>19.</span> 
     </span>
     <span class='ocr_line' id='line_1_13' title="bbox 860 1106 911 1144; baseline 0 0"><span class='ocrx_word' id='word_1_68' title='bbox 860 1106 911 1144; x_wconf 93' lang='lat' dir='ltr'>N.</span> 
     </span>
    </p>

    <p class='ocr_par' dir='ltr' id='par_1_12' title="bbox 110 1236 1651 1407">
     <span class='ocr_line' id='line_1_14' title="bbox 110 1236 1651 1288; baseline 0.001 -12"><span class='ocrx_word' id='word_1_69' title='bbox 110 1238 234 1276; x_wconf 74' lang='lat' dir='ltr'>Notae</span> <span class='ocrx_word' id='word_1_70' title='bbox 263 1250 367 1276; x_wconf 86' lang='lat' dir='ltr'>verae</span> <span class='ocrx_word' id='word_1_71' title='bbox 394 1236 684 1288; x_wconf 81' lang='lat' dir='ltr'>resipiscentiae.</span> <span class='ocrx_word' id='word_1_72' title='bbox 1471 1241 1558 1278; x_wconf 83' lang='lat'>305.</span> <span class='ocrx_word' id='word_1_73' title='bbox 1590 1239 1651 1278; x_wconf 90' lang='grc'>11.</span> 
     </span>
     <span class='ocr_line' id='line_1_15' title="bbox 859 1367 907 1407; baseline 0.042 -2"><span class='ocrx_word' id='word_1_74' title='bbox 859 1367 907 1407; x_wconf 96' lang='lat' dir='ltr'>O.</span> 
     </span>
    </p>

    <p class='ocr_par' dir='ltr' id='par_1_13' title="bbox 114 1495 1651 1548">
     <span class='ocr_line' id='line_1_16' title="bbox 114 1495 1651 1548; baseline 0.003 -13"><span class='ocrx_word' id='word_1_75' title='bbox 114 1496 245 1535; x_wconf 87' lang='lat' dir='ltr'>Officia</span> <span class='ocrx_word' id='word_1_76' title='bbox 271 1495 391 1548; x_wconf 89' lang='lat' dir='ltr'>plebis</span> <span class='ocrx_word' id='word_1_77' title='bbox 418 1496 536 1534; x_wconf 88' lang='lat' dir='ltr'>totius</span> <span class='ocrx_word' id='word_1_78' title='bbox 563 1496 604 1534; x_wconf 89' lang='lat' dir='ltr'>in</span> <span class='ocrx_word' id='word_1_79' title='bbox 631 1496 786 1534; x_wconf 87' lang='lat' dir='ltr'>ecclesia</span> <span class='ocrx_word' id='word_1_80' title='bbox 815 1497 912 1535; x_wconf 88' lang='lat' dir='ltr'>circa</span> <span class='ocrx_word' id='word_1_81' title='bbox 941 1498 1084 1536; x_wconf 84' lang='lat' dir='ltr'>cultum</span> <span class='ocrx_word' id='word_1_82' title='bbox 1113 1498 1294 1537; x_wconf 87' lang='lat' dir='ltr'>divinum.</span> <span class='ocrx_word' id='word_1_83' title='bbox 1473 1502 1559 1538; x_wconf 88' lang='lat'>285.</span> <span class='ocrx_word' id='word_1_84' title='bbox 1590 1503 1651 1539; x_wconf 87' lang='lat'>24.</span> 
     </span>
    </p>
   </div>
   <div class='ocr_carea' id='block_1_3' title="bbox 116 1560 1655 1680">
    <p class='ocr_par' dir='ltr' id='par_1_14' title="bbox 116 1560 1655 1680">
     <span class='ocr_line' id='line_1_17' title="bbox 116 1560 1655 1616; baseline 0.002 -17"><span class='ocrx_word' id='word_1_85' title='bbox 116 1561 248 1600; x_wconf 89' lang='lat' dir='ltr'>Officia</span> <span class='ocrx_word' id='word_1_86' title='bbox 267 1561 388 1613; x_wconf 87' lang='lat' dir='ltr'>plebis</span> <span class='ocrx_word' id='word_1_87' title='bbox 408 1561 538 1606; x_wconf 88' lang='lat' dir='ltr'>totius,</span> <span class='ocrx_word' id='word_1_88' title='bbox 558 1574 602 1598; x_wconf 90' lang='lat' dir='ltr'>ac</span> <span class='ocrx_word' id='word_1_89' title='bbox 622 1560 858 1611; x_wconf 81' lang='lat' dir='ltr'>singulorum</span> <span class='ocrx_word' id='word_1_90' title='bbox 874 1563 1129 1601; x_wconf 90' lang='lat' dir='ltr'>membrorum</span> <span class='ocrx_word' id='word_1_91' title='bbox 1147 1564 1187 1602; x_wconf 87' lang='lat' dir='ltr'>in</span> <span class='ocrx_word' id='word_1_92' title='bbox 1208 1563 1376 1610; x_wconf 85' lang='lat' dir='ltr'>ecclesia,</span> <span class='ocrx_word' id='word_1_93' title='bbox 1389 1578 1484 1616; x_wconf 90' lang='lat' dir='ltr'>quae</span> <span class='ocrx_word' id='word_1_94' title='bbox 1504 1565 1550 1602; x_wconf 86' lang='lat' dir='ltr'>ad</span> <span class='ocrx_word' id='word_1_95' title='bbox 1571 1579 1655 1602; x_wconf 89' lang='lat' dir='ltr'>mu-</span> 
     </span>
     <span class='ocr_line' id='line_1_18' title="bbox 164 1627 1654 1680; baseline 0.003 -15"><span class='ocrx_word' id='word_1_96' title='bbox 164 1632 266 1666; x_wconf 86' lang='lat' dir='ltr'>tuam</span> <span class='ocrx_word' id='word_1_97' title='bbox 285 1628 444 1665; x_wconf 85' lang='lat' dir='ltr'>fratrum</span> <span class='ocrx_word' id='word_1_98' title='bbox 463 1627 625 1665; x_wconf 88' lang='lat' dir='ltr'>invicem</span> <span class='ocrx_word' id='word_1_99' title='bbox 651 1628 820 1665; x_wconf 86' lang='lat' dir='ltr'>omnium</span> <span class='ocrx_word' id='word_1_100' title='bbox 839 1628 1055 1667; x_wconf 86' lang='lat' dir='ltr'>societatem</span> <span class='ocrx_word' id='word_1_101' title='bbox 1073 1631 1215 1680; x_wconf 89' lang='lat' dir='ltr'>per-(A</span> <span class='ocrx_word' id='word_1_102' title='bbox 1229 1630 1427 1678; x_wconf 68' lang='lat' dir='ltr'>5³)tinent.</span> <span class='ocrx_word' id='word_1_103' title='bbox 1475 1633 1561 1669; x_wconf 86' lang='lat'>288.</span> <span class='ocrx_word' id='word_1_104' title='bbox 1617 1634 1654 1670; x_wconf 88' lang='lat'>4.</span> 
     </span>
    </p>
   </div>
   <div class='ocr_carea' id='block_1_4' title="bbox 59 1692 1654 2379">
    <p class='ocr_par' dir='ltr' id='par_1_15' title="bbox 59 1692 1654 2379">
     <span class='ocr_line' id='line_1_19' title="bbox 114 1692 1652 1736; baseline 0.004 -7"><span class='ocrx_word' id='word_1_105' title='bbox 114 1692 288 1730; x_wconf 90' lang='lat' dir='ltr'>Officium</span> <span class='ocrx_word' id='word_1_106' title='bbox 316 1692 572 1730; x_wconf 89' lang='lat' dir='ltr'>Diaconorum</span> <span class='ocrx_word' id='word_1_107' title='bbox 599 1692 639 1729; x_wconf 91' lang='lat' dir='ltr'>in</span> <span class='ocrx_word' id='word_1_108' title='bbox 668 1692 851 1731; x_wconf 82' lang='lat' dir='ltr'>Ecclesia.</span> <span class='ocrx_word' id='word_1_109' title='bbox 1500 1698 1561 1734; x_wconf 89' lang='lat'>24.</span> <span class='ocrx_word' id='word_1_110' title='bbox 1618 1699 1652 1736; x_wconf 85' lang='lat'>9.</span> 
     </span>
     <span class='ocr_line' id='line_1_20' title="bbox 59 1757 1652 1807; baseline 0.003 -13"><span class='ocrx_word' id='word_1_111' title='bbox 59 1764 62 1768; x_wconf 88' lang='lat'>&#39;</span> <span class='ocrx_word' id='word_1_112' title='bbox 114 1757 287 1795; x_wconf 88' lang='lat' dir='ltr'>Officium</span> <span class='ocrx_word' id='word_1_113' title='bbox 316 1757 506 1795; x_wconf 85' lang='lat' dir='ltr'>Ecclesiae</span> <span class='ocrx_word' id='word_1_114' title='bbox 532 1770 619 1807; x_wconf 81' lang='lat' dir='ltr'>erga</span> <span class='ocrx_word' id='word_1_115' title='bbox 649 1757 752 1795; x_wconf 88' lang='lat' dir='ltr'>verbi</span> <span class='ocrx_word' id='word_1_116' title='bbox 779 1757 986 1798; x_wconf 88' lang='lat' dir='ltr'>ministros.</span> <span class='ocrx_word' id='word_1_117' title='bbox 1499 1762 1560 1799; x_wconf 88' lang='lat'>10.</span> <span class='ocrx_word' id='word_1_118' title='bbox 1590 1765 1652 1800; x_wconf 91' lang='lat'>26.</span> 
     </span>
     <span class='ocr_line' id='line_1_21' title="bbox 113 1822 1654 1870; baseline 0.002 -9"><span class='ocrx_word' id='word_1_119' title='bbox 113 1823 288 1861; x_wconf 89' lang='lat' dir='ltr'>Officium</span> <span class='ocrx_word' id='word_1_120' title='bbox 316 1822 508 1860; x_wconf 83' lang='lat' dir='ltr'>Ecclesiae</span> <span class='ocrx_word' id='word_1_121' title='bbox 535 1835 622 1870; x_wconf 80' lang='lat' dir='ltr'>erga</span> <span class='ocrx_word' id='word_1_122' title='bbox 651 1822 827 1861; x_wconf 80' lang='lat' dir='ltr'>seniores,</span> <span class='ocrx_word' id='word_1_123' title='bbox 1501 1827 1562 1864; x_wconf 93' lang='lat'>51.</span> <span class='ocrx_word' id='word_1_124' title='bbox 1593 1828 1654 1865; x_wconf 86' lang='lat'>14.</span> 
     </span>
     <span class='ocr_line' id='line_1_22' title="bbox 115 1887 1652 1939; baseline 0.001 -13"><span class='ocrx_word' id='word_1_125' title='bbox 115 1889 287 1926; x_wconf 85' lang='lat' dir='ltr'>Officium</span> <span class='ocrx_word' id='word_1_126' title='bbox 318 1893 354 1926; x_wconf 86' lang='lat' dir='ltr'>ct</span> <span class='ocrx_word' id='word_1_127' title='bbox 382 1901 584 1939; x_wconf 88' lang='lat' dir='ltr'>pauperum</span> <span class='ocrx_word' id='word_1_128' title='bbox 614 1891 650 1925; x_wconf 91' lang='lat' dir='ltr'>et</span> <span class='ocrx_word' id='word_1_129' title='bbox 679 1887 837 1925; x_wconf 87' lang='lat' dir='ltr'>divitum</span> <span class='ocrx_word' id='word_1_130' title='bbox 866 1901 953 1938; x_wconf 85' lang='lat' dir='ltr'>erga</span> <span class='ocrx_word' id='word_1_131' title='bbox 982 1887 1186 1926; x_wconf 83' lang='lat' dir='ltr'>Diaconos.</span> <span class='ocrx_word' id='word_1_132' title='bbox 1500 1893 1560 1928; x_wconf 89' lang='lat'>26.</span> <span class='ocrx_word' id='word_1_133' title='bbox 1593 1891 1652 1927; x_wconf 87' lang='grc'>16.</span> 
     </span>
     <span class='ocr_line' id='line_1_23' title="bbox 114 1952 1654 1993; baseline 0.001 -2"><span class='ocrx_word' id='word_1_134' title='bbox 114 1953 290 1991; x_wconf 87' lang='lat' dir='ltr'>Officium</span> <span class='ocrx_word' id='word_1_135' title='bbox 321 1952 586 1990; x_wconf 86' lang='lat' dir='ltr'>Ministrorum</span> <span class='ocrx_word' id='word_1_136' title='bbox 616 1952 734 1990; x_wconf 89' lang='lat' dir='ltr'>verbi.</span> <span class='ocrx_word' id='word_1_137' title='bbox 1528 1958 1563 1992; x_wconf 84' lang='lat'>8.</span> <span class='ocrx_word' id='word_1_138' title='bbox 1592 1958 1654 1993; x_wconf 88' lang='lat'>26.</span> 
     </span>
     <span class='ocr_line' id='line_1_24' title="bbox 113 2017 1654 2068; baseline 0.001 -11"><span class='ocrx_word' id='word_1_139' title='bbox 113 2019 287 2057; x_wconf 87' lang='lat' dir='ltr'>Officium</span> <span class='ocrx_word' id='word_1_140' title='bbox 308 2018 632 2068; x_wconf 85' lang='lat' dir='ltr'>Presbyterorum‚</span> <span class='ocrx_word' id='word_1_141' title='bbox 654 2017 718 2068; x_wconf 91' lang='lat' dir='ltr'>qui</span> <span class='ocrx_word' id='word_1_142' title='bbox 737 2018 775 2055; x_wconf 93' lang='lat' dir='ltr'>in</span> <span class='ocrx_word' id='word_1_143' title='bbox 788 2017 901 2056; x_wconf 90' lang='lat' dir='ltr'>verbo</span> <span class='ocrx_word' id='word_1_144' title='bbox 918 2031 996 2056; x_wconf 88' lang='lat' dir='ltr'>non</span> <span class='ocrx_word' id='word_1_145' title='bbox 1012 2018 1201 2058; x_wconf 87' lang='lat' dir='ltr'>laborant.</span> <span class='ocrx_word' id='word_1_146' title='bbox 1231 2022 1266 2057; x_wconf 91' lang='lat'>2.</span> <span class='ocrx_word' id='word_1_147' title='bbox 1290 2022 1324 2057; x_wconf 94' lang='lat'>2.</span> <span class='ocrx_word' id='word_1_148' title='bbox 1353 2020 1415 2060; x_wconf 81' lang='lat'>47.</span> <span class='ocrx_word' id='word_1_149' title='bbox 1435 2022 1471 2058; x_wconf 87' lang='lat'>2.</span> <span class='ocrx_word' id='word_1_150' title='bbox 1501 2021 1560 2057; x_wconf 82' lang='lat'>13.</span> <span class='ocrx_word' id='word_1_151' title='bbox 1620 2021 1654 2058; x_wconf 91' lang='lat'>5.</span> 
     </span>
     <span class='ocr_line' id='line_1_25' title="bbox 116 2082 1654 2123; baseline 0.001 -3"><span class='ocrx_word' id='word_1_152' title='bbox 116 2083 290 2121; x_wconf 87' lang='lat' dir='ltr'>Officium</span> <span class='ocrx_word' id='word_1_153' title='bbox 317 2082 506 2120; x_wconf 89' lang='lat' dir='ltr'>seniorum</span> <span class='ocrx_word' id='word_1_154' title='bbox 534 2082 860 2120; x_wconf 88' lang='lat' dir='ltr'>subsidiariorum.</span> <span class='ocrx_word' id='word_1_155' title='bbox 1500 2086 1562 2122; x_wconf 88' lang='lat'>45.</span> <span class='ocrx_word' id='word_1_156' title='bbox 1619 2087 1654 2123; x_wconf 83' lang='grc'><strong>9.</strong></span> 
     </span>
     <span class='ocr_line' id='line_1_26' title="bbox 116 2147 1653 2187; baseline 0.001 -1"><span class='ocrx_word' id='word_1_157' title='bbox 116 2148 313 2186; x_wconf 86' lang='lat' dir='ltr'>Orationis</span> <span class='ocrx_word' id='word_1_158' title='bbox 342 2147 564 2185; x_wconf 86' lang='lat' dir='ltr'>Dominicae</span> <span class='ocrx_word' id='word_1_159' title='bbox 593 2147 794 2187; x_wconf 83' lang='lat' dir='ltr'>enarratio.</span> <span class='ocrx_word' id='word_1_160' title='bbox 1478 2151 1563 2187; x_wconf 79' lang='lat'>184.</span> <span class='ocrx_word' id='word_1_161' title='bbox 1593 2152 1653 2187; x_wconf 85' lang='lat'>15.</span> 
     </span>
     <span class='ocr_line' id='line_1_27' title="bbox 117 2212 1653 2264; baseline 0.001 -13"><span class='ocrx_word' id='word_1_162' title='bbox 117 2212 273 2251; x_wconf 89' lang='lat' dir='ltr'>Ordinis</span> <span class='ocrx_word' id='word_1_163' title='bbox 304 2212 569 2252; x_wconf 88' lang='lat' dir='ltr'>Ministrorum</span> <span class='ocrx_word' id='word_1_164' title='bbox 597 2213 787 2264; x_wconf 87' lang='lat' dir='ltr'>praecipui</span> <span class='ocrx_word' id='word_1_165' title='bbox 812 2212 853 2250; x_wconf 89' lang='lat' dir='ltr'>in</span> <span class='ocrx_word' id='word_1_166' title='bbox 880 2212 1050 2250; x_wconf 84' lang='lat' dir='ltr'>Ecclesia</span> <span class='ocrx_word' id='word_1_167' title='bbox 1079 2213 1167 2251; x_wconf 88' lang='lat' dir='ltr'>duo.</span> <span class='ocrx_word' id='word_1_168' title='bbox 1528 2216 1562 2253; x_wconf 91' lang='lat'>1.</span> <span class='ocrx_word' id='word_1_169' title='bbox 1594 2216 1653 2254; x_wconf 92' lang='lat' dir='ltr'>ll.</span> 
     </span>
     <span class='ocr_line' id='line_1_28' title="bbox 866 2341 908 2379; baseline 0.024 -1"><span class='ocrx_word' id='word_1_170' title='bbox 866 2341 908 2379; x_wconf 92' lang='lat' dir='ltr'>P.</span> 
     </span>
    </p>
   </div>
   <div class='ocr_carea' id='block_1_5' title="bbox 115 2470 1654 2522">
    <p class='ocr_par' dir='ltr' id='par_1_16' title="bbox 115 2470 1654 2522">
     <span class='ocr_line' id='line_1_29' title="bbox 115 2470 1654 2522; baseline 0.001 -13"><span class='ocrx_word' id='word_1_171' title='bbox 115 2472 236 2522; x_wconf 89' lang='lat' dir='ltr'>Papae</span> <span class='ocrx_word' id='word_1_172' title='bbox 264 2471 427 2508; x_wconf 86' lang='lat' dir='ltr'>Romani</span> <span class='ocrx_word' id='word_1_173' title='bbox 454 2471 624 2520; x_wconf 88' lang='lat' dir='ltr'>tyrannis</span> <span class='ocrx_word' id='word_1_174' title='bbox 644 2470 684 2508; x_wconf 90' lang='lat' dir='ltr'>in</span> <span class='ocrx_word' id='word_1_175' title='bbox 715 2470 987 2508; x_wconf 84' lang='lat' dir='ltr'>constituendis</span> <span class='ocrx_word' id='word_1_176' title='bbox 1003 2470 1188 2509; x_wconf 87' lang='lat' dir='ltr'>ministris</span> <span class='ocrx_word' id='word_1_177' title='bbox 1206 2471 1473 2510; x_wconf 84' lang='lat' dir='ltr'>Ecclesiarum.</span> <span class='ocrx_word' id='word_1_178' title='bbox 1502 2475 1563 2511; x_wconf 88' lang='lat'>34.</span> <span class='ocrx_word' id='word_1_179' title='bbox 1594 2475 1654 2512; x_wconf 87' lang='grc'><strong>21.</strong></span> 
     </span>
    </p>
   </div>
   <div class='ocr_carea' id='block_1_6' title="bbox 113 2534 1657 2710">
    <p class='ocr_par' dir='ltr' id='par_1_17' title="bbox 113 2534 1657 2710">
     <span class='ocr_line' id='line_1_30' title="bbox 113 2534 1657 2583; baseline 0.002 -10"><span class='ocrx_word' id='word_1_180' title='bbox 113 2536 243 2573; x_wconf 84' lang='lat' dir='ltr'>Partes</span> <span class='ocrx_word' id='word_1_181' title='bbox 271 2535 470 2583; x_wconf 89' lang='lat' dir='ltr'>ministerii</span> <span class='ocrx_word' id='word_1_182' title='bbox 498 2535 615 2572; x_wconf 87' lang='lat' dir='ltr'>totius</span> <span class='ocrx_word' id='word_1_183' title='bbox 645 2534 914 2574; x_wconf 88' lang='lat' dir='ltr'>Ecclesiastici.</span> <span class='ocrx_word' id='word_1_184' title='bbox 1504 2539 1564 2575; x_wconf 88' lang='lat'>58.</span> <span class='ocrx_word' id='word_1_185' title='bbox 1621 2540 1657 2577; x_wconf 94' lang='grc'>1.</span> 
     </span>
     <span class='ocr_line' id='line_1_31' title="bbox 115 2599 1656 2639; baseline 0.001 -1"><span class='ocrx_word' id='word_1_186' title='bbox 115 2599 325 2638; x_wconf 87' lang='lat' dir='ltr'>Peculiares</span> <span class='ocrx_word' id='word_1_187' title='bbox 375 2599 638 2637; x_wconf 87' lang='lat' dir='ltr'>Ministrorum</span> <span class='ocrx_word' id='word_1_188' title='bbox 684 2599 781 2637; x_wconf 89' lang='lat' dir='ltr'>inter</span> <span class='ocrx_word' id='word_1_189' title='bbox 818 2613 898 2638; x_wconf 87' lang='lat' dir='ltr'>sese</span> <span class='ocrx_word' id='word_1_190' title='bbox 935 2603 1062 2638; x_wconf 87' lang='lat' dir='ltr'>coetus</span> <span class='ocrx_word' id='word_1_191' title='bbox 1098 2600 1137 2638; x_wconf 91' lang='lat' dir='ltr'>in</span> <span class='ocrx_word' id='word_1_192' title='bbox 1176 2600 1343 2638; x_wconf 85' lang='lat' dir='ltr'>Ecclesia</span> <span class='ocrx_word' id='word_1_193' title='bbox 1382 2600 1656 2639; x_wconf 85' lang='lat' dir='ltr'>Germanorum</span> 
     </span>
     <span class='ocr_line' id='line_1_32' title="bbox 142 2664 1656 2710; baseline 0.003 -8"><span class='ocrx_word' id='word_1_194' title='bbox 142 2664 347 2710; x_wconf 57' lang='lat' dir='ltr'>,Londint</span> <span class='ocrx_word' id='word_1_195' title='bbox 1477 2668 1564 2707; x_wconf 82' lang='lat'>517.</span> <span class='ocrx_word' id='word_1_196' title='bbox 1596 2669 1656 2706; x_wconf 80' lang='lat'>14.</span> 
     </span>
    </p>
   </div>
   <div class='ocr_carea' id='block_1_7' title="bbox 116 2728 1658 2916">
    <p class='ocr_par' dir='ltr' id='par_1_18' title="bbox 116 2728 1658 2916">
     <span class='ocr_line' id='line_1_33' title="bbox 116 2728 1658 2781; baseline 0.001 -14"><span class='ocrx_word' id='word_1_197' title='bbox 116 2729 319 2767; x_wconf 85' lang='lat' dir='ltr'>Peculiaris</span> <span class='ocrx_word' id='word_1_198' title='bbox 347 2728 455 2775; x_wconf 86' lang='lat' dir='ltr'>liber,</span> <span class='ocrx_word' id='word_1_199' title='bbox 482 2729 521 2766; x_wconf 88' lang='lat' dir='ltr'>in</span> <span class='ocrx_word' id='word_1_200' title='bbox 551 2741 623 2779; x_wconf 90' lang='lat' dir='ltr'>quo</span> <span class='ocrx_word' id='word_1_201' title='bbox 663 2729 816 2767; x_wconf 82' lang='lat' dir='ltr'>nomina</span> <span class='ocrx_word' id='word_1_202' title='bbox 850 2729 1056 2767; x_wconf 87' lang='lat' dir='ltr'>infantium</span> <span class='ocrx_word' id='word_1_203' title='bbox 1094 2729 1277 2775; x_wconf 83' lang='lat' dir='ltr'>omnium,</span> <span class='ocrx_word' id='word_1_204' title='bbox 1313 2730 1378 2780; x_wconf 89' lang='lat' dir='ltr'>qui</span> <span class='ocrx_word' id='word_1_205' title='bbox 1407 2730 1658 2781; x_wconf 79' lang='lat' dir='ltr'>baptizantur,</span> 
     </span>
     <span class='ocr_line' id='line_1_34' title="bbox 166 2793 1658 2846; baseline 0.003 -16"><span class='ocrx_word' id='word_1_206' title='bbox 166 2797 360 2845; x_wconf 82' lang='lat' dir='ltr'>parentum</span> <span class='ocrx_word' id='word_1_207' title='bbox 388 2793 499 2831; x_wconf 86' lang='lat' dir='ltr'>etiam</span> <span class='ocrx_word' id='word_1_208' title='bbox 519 2793 685 2844; x_wconf 83' lang='lat' dir='ltr'>ipsorum</span> <span class='ocrx_word' id='word_1_209' title='bbox 711 2794 864 2831; x_wconf 89' lang='lat' dir='ltr'>nomina</span> <span class='ocrx_word' id='word_1_210' title='bbox 892 2795 1070 2846; x_wconf 89' lang='lat' dir='ltr'>locusque</span> <span class='ocrx_word' id='word_1_211' title='bbox 1093 2795 1300 2832; x_wconf 87' lang='lat' dir='ltr'>mansionis</span> <span class='ocrx_word' id='word_1_212' title='bbox 1321 2795 1500 2845; x_wconf 84' lang='lat' dir='ltr'>ipsorum,</span> <span class='ocrx_word' id='word_1_213' title='bbox 1525 2796 1658 2836; x_wconf 81' lang='lat' dir='ltr'>deinde</span> 
     </span>
     <span class='ocr_line' id='line_1_35' title="bbox 168 2859 1655 2916; baseline 0.002 -17"><span class='ocrx_word' id='word_1_214' title='bbox 168 2872 288 2901; x_wconf 79' lang='lat' dir='ltr'>annus</span> <span class='ocrx_word' id='word_1_215' title='bbox 309 2859 408 2910; x_wconf 85' lang='lat' dir='ltr'>e-(A</span> <span class='ocrx_word' id='word_1_216' title='bbox 435 2859 601 2908; x_wconf 63' lang='lat' dir='ltr'>51))tiam‚</span> <span class='ocrx_word' id='word_1_217' title='bbox 621 2859 760 2901; x_wconf 83' lang='lat' dir='ltr'>mensis</span> <span class='ocrx_word' id='word_1_218' title='bbox 779 2873 822 2900; x_wconf 84' lang='lat' dir='ltr'>ac</span> <span class='ocrx_word' id='word_1_219' title='bbox 843 2860 919 2902; x_wconf 86' lang='lat' dir='ltr'>dies</span> <span class='ocrx_word' id='word_1_220' title='bbox 940 2859 1122 2916; x_wconf 85' lang='lat' dir='ltr'>baptismi</span> <span class='ocrx_word' id='word_1_221' title='bbox 1142 2860 1423 2902; x_wconf 83' lang='lat' dir='ltr'>adscribuntur.</span> <span class='ocrx_word' id='word_1_222' title='bbox 1481 2863 1566 2905; x_wconf 78' lang='grc'><strong>120.</strong></span> <span class='ocrx_word' id='word_1_223' title='bbox 1620 2867 1655 2908; x_wconf 84' lang='lat'>2.</span> 
     </span>
    </p>
   </div>
  </div>
 </body>
</html>
