1830 3147
206 125 252 160 48

201 233 305 271 modi
332 233 477 283 aliaque
506 231 597 268 adeo
625 230 749 267 omnia
775 229 1040 267 miraculorum
1070 242 1219 278 genera,
1245 241 1287 266 eo
1316 228 1417 279 quod
1444 229 1544 279 (post
1581 228 1734 266 absolu·

202 302 282 336 tum
319 296 461 347 alioqui
488 294 680 332 Ecclesiae
707 294 1011 342 fundamentum)
1039 294 1139 331 haud
1167 293 1275 331 aliter
1301 293 1376 331 iam
1403 293 1543 330 faciant
1570 292 1617 329 ad
1646 306 1736 330 con-

201 361 409 400 vellendam
438 359 678 410 Apostolicae
697 358 904 396 functionis
934 358 1045 395 fidem
1063 371 1212 395 omnem
1239 361 1348 409 atque
1369 357 1608 395 autoritatem
1634 370 1736 395 com-

200 425 505 475 mendandasque
539 437 656 461 novas
693 436 820 461 omnes
858 423 1140 460 daemoniorum
1176 412 1381 469 doctrinas,
1417 435 1436 459 a
1475 423 1595 474 posito
1624 422 1739 460 semel

202 490 446 528 fundamento
474 488 696 539 Apostolico
723 488 877 533 alienas,
905 501 1016 538 quam
1045 487 1134 524 olim
1156 487 1202 524 ad
1222 487 1502 538 approbandam
1524 487 1738 538 Apostolici

202 555 400 593 ministerii
427 554 660 592 functionem
689 553 826 591 Divino
855 553 1037 591 beneficio
1065 553 1316 603 pertinebant.
1373 553 1563 590 Nimirum
1590 566 1632 590 ea
1650 556 1738 590 sunt

202 626 382 671 tempora,
426 622 478 665 ut,
515 618 578 669 qui
614 617 824 668 Apostolici
862 617 1099 654 fundamenti
1134 616 1283 654 veritati
1328 616 1475 655 credere
1511 617 1625 668 inque
1668 617 1736 654 illo

205 685 466 735 conquiescere
493 683 644 727 nolunt,
669 682 938 719 miraculorum
965 681 1176 732 praestigiis
1206 681 1420 728 dementati,
1446 682 1641 719 mendacio
1661 682 1737 719 iam

206 749 352 786 demum
380 747 545 793 credant,
572 746 884 798 quemadmodum
911 746 1050 783 Paulus
1080 746 1188 783 docet
1217 747 1260 793 ¹).
1291 746 1381 783 Non
1409 751 1464 784 est
1490 747 1606 796 igitur
1634 746 1736 797 quod

204 811 429 850 miraculosa
464 810 623 861 amplius
662 810 759 847 dona
793 822 950 860 operave
983 809 1059 845 ulla
1101 809 1141 845 in
1168 808 1434 846 Ecclesiastico
1462 809 1537 846 iam
1565 809 1738 860 deinceps

205 876 413 915 ministerio
443 875 690 926 requiramus,
718 874 781 911 sed
810 887 870 911 eas
900 873 1081 911 duntaxat
1109 873 1309 910 ministerii
1336 877 1459 925 partes
1488 873 1738 919 observemus,

206 955 297 992 quas
325 940 372 978 ad
401 939 731 991 superstruendum
767 938 889 988 posito
925 938 1000 975 iam
1037 937 1282 975 fundamento
1310 936 1522 975 aedificium
1549 937 1740 975 Ecclesiae

207 1007 359 1057 eiusque
397 1005 605 1043 custodiam
642 1017 684 1041 ac
713 1003 1035 1041 conservationem
1063 1016 1084 1041 a
1112 1002 1277 1040 Domino
1306 1004 1530 1041 constitutas
1559 1017 1639 1041 esse
1666 1003 1739 1041 sci-

206 1086 302 1110 mus.
340 1072 468 1121 Atque
503 1083 566 1108 eos
594 1069 757 1120 quidem,
785 1068 850 1119 qui
877 1071 1104 1106 structuram
1132 1068 1320 1106 Ecclesiae
1347 1069 1523 1120 prosequi
1548 1069 1589 1106 in
1614 1069 1738 1120 posito

205 1137 282 1174 iam
308 1135 554 1173 fundamento
584 1134 755 1179 debeant,
781 1133 832 1181 (Β
858 1135 919 1181 4b)
956 1134 1056 1171 verbi
1082 1134 1277 1171 ministros
1312 1133 1352 1171 in
1387 1146 1521 1183 genere
1548 1146 1737 1172 vocamus.

209 1201 297 1239 Qua
325 1213 413 1238 sane
446 1199 486 1237 in
519 1202 622 1250 parte
657 1198 854 1236 ministerii
889 1199 1009 1236 multa
1045 1211 1064 1236 a
1092 1198 1207 1236 Paulo
1245 1199 1344 1236 dona
1379 1198 1470 1249 poni
1497 1198 1664 1236 videmus
1684 1197 1740 1246 2)ε

209 1269 465 1318 προφητείαν,
491 1278 585 1315 quae
612 1264 651 1302 in
679 1263 852 1302 eruendis
881 1264 1084 1315 scripturae
1110 1263 1296 1314 mysteriis
1338 1263 1623 1315 colligendoque
1646 1263 1741 1314 legi-

208 1331 302 1368 timo
340 1342 449 1367 sensu
485 1328 586 1365 illius
623 1332 808 1366 versatur:
846 1330 1122 1374 ἒιόεισκοιλὶειν,
1161 1341 1256 1379 quae
1292 1328 1332 1365 in
1371 1328 1576 1366 tradendae
1601 1329 1739 1379 populo

211 1395 332 1433 omnis
361 1407 471 1432 sanae
499 1393 690 1430 doctrinae
718 1392 898 1430 facilitate
925 1393 1190 1443 perspicuitate
1216 1392 1337 1442 gratia
1365 1405 1407 1430 ac
1441 1393 1617 1430 methodo
1647 1405 1740 1443 qua-

213 1460 298 1497 dam
334 1463 390 1496 est
425 1458 567 1509 posita:
597 1463 822 1508 ἐλεγχεὶιιν,
852 1470 947 1508 quae
971 1457 1012 1495 in
1041 1457 1262 1496 dexteritate
1288 1462 1398 1508 atque
1424 1457 1589 1508 pondere
1615 1471 1740 1508 repre-

212 1523 438 1561 hensionum
474 1522 667 1559 consistit:
705 1527 969 1572 mcpanow,
996 1535 1091 1572 quae
1130 1525 1184 1559 est
1211 1522 1266 1559 vis
1293 1521 1476 1573 quaedam
1502 1515 1743 1572 permovendi

211 1588 357 1626 animos
385 1587 579 1625 hominum
606 1600 670 1638 per
687 1587 988 1624 exhortationes:
1017 1584 1291 1637 παρκμυθιειν,
1319 1600 1391 1638 qua
1420 1587 1528 1624 dolor
1555 1600 1598 1624 ac
1624 1587 1742 1624 mole-

213 1653 283 1690 stia
319 1652 564 1690 afflictionum
600 1651 768 1688 omnium
802 1652 957 1697 levatur,
992 1651 1108 1688 animi
1142 1651 1305 1700 graviter
1350 1651 1470 1689 affecti
1514 1651 1745 1689 deliniuntur

214 1717 410 1766 eriguntur
446 1720 481 1753 et
518 1715 809 1753 corroborantur
843 1728 909 1766 per
944 1715 1238 1766 promissionum
1277 1715 1487 1754 divinarum
1516 1716 1742 1754 consolatio-

214 1795 300 1819 nem
326 1781 583 1831 gratuitaeque
611 1780 790 1818 bonitatis
818 1793 861 1818 ac
889 1780 1164 1818 misericordiae
1192 1780 1339 1818 divinae
1358 1781 1741 1818 commendationem:

214 1849 251 1883 et
280 1845 418 1883 donum
446 1845 673 1893 linguarum,
715 1857 791 1882 non
819 1845 991 1895 equidem
1019 1845 1255 1895 repentinum
1281 1845 1376 1882 illud
1404 1858 1447 1882 ac
1467 1845 1744 1890 miraculosum,

217 1909 281 1948 sed
308 1909 409 1960 quod
437 1909 507 1946 Dei
534 1909 682 1959 quidem
710 1913 746 1947 et
772 1909 897 1960 ipsum
926 1909 1118 1956 beneficio,
1146 1922 1223 1947 non
1250 1913 1375 1947 tamen
1402 1909 1481 1947 sine
1507 1914 1636 1947 nostro
1665 1914 1744 1948 stu-

217 1975 278 2012 dio
312 1974 464 2012 interim
502 1978 705 2024 nostraque
742 1987 852 2025 opera
880 1987 923 2012 ac
952 1974 1157 2024 diligentia,
1193 1974 1272 2012 Deo
1300 1975 1352 2012 ita
1379 1975 1538 2020 volente,
1565 1975 1744 2024 obtingit.

216 2040 333 2079 Hisce
361 2039 538 2077 nimirum
566 2038 675 2076 donis
704 2039 780 2076 suis
807 2043 965 2078 exornat
991 2039 1195 2077 etiamnum
1222 2039 1407 2077 Dominus
1434 2039 1473 2088 in
1493 2053 1558 2078 sua
1576 2035 1744 2078 Ecclesia

216 2105 321 2143 verbi
348 2104 405 2142 sui
433 2103 552 2141 divini
578 2103 837 2149 ministerium,
864 2117 931 2155 pro
960 2117 1002 2142 eo
1031 2117 1074 2141 ac
1100 2105 1156 2141 illi
1182 2104 1334 2142 libitum
1362 2107 1438 2149 est,¹
1466 2105 1513 2142 ad
1540 2104 1618 2143 eius
1642 2105 1744 2143 aedi-

216 2170 443 2212 ficationem,
471 2169 521 2217 (B
550 2170 608 2217 5³)
634 2169 903 2220 ministrosque
929 2169 1030 2220 ipsos
1060 2174 1256 2218 pastorum
1292 2183 1335 2207 ac
1372 2171 1559 2208 doctorum
1596 2170 1746 2208 nomine

219 2236 406 2284 dignatur.
444 2234 672 2284 Quanquam
708 2237 833 2271 autem
867 2234 964 2285 apud
1000 2234 1093 2272 istos
1131 2248 1279 2286 quoque
1316 2248 1442 2272 curam
1469 2248 1512 2273 ac
1541 2234 1746 2272 custodiam

217 2299 483 2349 gubernandae
520 2302 555 2336 et
589 2298 865 2336 conservandae
901 2299 1091 2337 Ecclesiae
1126 2313 1212 2337 suae
1247 2299 1484 2350 praecipuam
1510 2312 1590 2337 esse
1618 2299 1745 2345 voluit,

220 2364 293 2401 duo
321 2368 444 2401 tamen
473 2363 596 2400 adhuc
624 2363 821 2400 custodum
847 2366 1034 2414 praeterea
1062 2377 1198 2413 genera
1224 2363 1300 2401 illis
1326 2364 1366 2401 in
1395 2375 1460 2401 sua
1486 2363 1654 2400 Ecclesia
1680 2363 1747 2400 ad-

218 2428 343 2466 iunxit
370 2428 666 2478 peculiaremque
693 2428 745 2465 eis
772 2428 939 2478 ipsorum
966 2428 1197 2466 functionem
1227 2427 1473 2477 consignavit.
1534 2428 1658 2477 Atque
1684 2427 1748 2464 alii

220 2491 370 2543 quidem
396 2491 436 2529 in
467 2492 659 2541 scripturis
688 2496 869 2529 vocantur
896 2492 1116 2541 Presbyteri
1143 2492 1220 2530 sive
1240 2493 1424 2538 Seniores,
1450 2492 1538 2528 item
1558 2491 1750 2542 Episcopi,

219 2556 426 2607 Praepositi
454 2560 489 2593 et
507 2556 817 2604 gubernationes:
848 2557 911 2594 alii
941 2570 1025 2599 vero
1053 2557 1271 2602 Potestates,
1297 2556 1559 2607 praecellentes
1586 2556 1750 2593 ministri

220 2625 257 2659 et
285 2620 434 2658 Altores
461 2619 650 2657 Ecclesiae
679 2620 830 2665 Christi,
853 2634 947 2671 quos
967 2634 1036 2659 nos
1057 2623 1325 2671 Mayz‘seratum
1346 2633 1534 2670 vocamus.
1562 2621 1679 2657 Porro
1702 2620 1749 2657 ad

222 2686 322 2723 hunc
349 2684 655 2734 Presbyterorum
682 2684 851 2722 ordinem
878 2686 950 2736 ipsi
978 2699 1126 2737 quoque
1152 2686 1324 2724 Pastores
1354 2698 1398 2723 ac
1417 2685 1601 2723 Doctores
1621 2698 1748 2723 omnes

222 2750 419 2802 pertinent,
447 2748 511 2786 sed
539 2760 664 2784 curam
693 2748 763 2785 sibi
790 2749 1056 2797 gubernandae
1086 2750 1433 2800 conservandaeque
1461 2749 1651 2787 Ecclesiae
1670 2761 1746 2786 non

267 2877 292 2920 ¹)
315 2875 334 2908 2
357 2876 466 2908 Thess.
490 2875 519 2908 2.
668 2876 694 2914 2)
718 2875 809 2908 Rom.
835 2875 883 2907 12.
930 2876 944 2906 1
969 2875 1042 2908 Cor.
1068 2876 1118 2908 12.
