1830 3147
776 168 844 206 753
1299 156 1359 204 [A.
1387 154 1432 190 D.
1457 149 1569 196 1558]

38 290 155 327 animo
180 287 282 336 plane
306 283 423 328 habui,
448 283 491 318 ut
516 281 554 317 in
578 290 654 316 meo
680 288 723 315 ex
746 273 915 313 Lituania
939 283 959 308 a
983 269 1095 316 Regia
1121 264 1310 303 Maiestate
1334 261 1451 299 reditu
1476 268 1566 295 anno

37 351 150 388 adhuc
175 347 353 396 superiore
377 344 420 381 ad
446 345 544 380 tuam
571 338 825 377 Celsitudinem
850 333 1080 374 deflecterem,
1108 339 1217 375 caque
1243 326 1285 362 de
1309 336 1347 361 re
1371 335 1451 359 cum
1468 319 1568 366 Mag-

39 411 143 449 nifico
169 409 322 446 Domino
340 401 644 450 Mariaeburgensi
661 398 827 437 Palatino
853 398 878 444 ¹)
898 393 1038 431 Wilnae
1055 389 1200 428 consilia
1216 383 1512 424 communicabam
1529 381 1572 428 Ξ).

42 472 110 511 Sed
143 474 180 509 et
212 468 350 507 itineris
382 469 501 503 tamen
533 460 800 500 incommoditas
833 458 909 505 ipsa
941 466 984 491 ex
1015 452 1226 499 intempesta
1260 459 1402 497 prorsus
1438 441 1572 492 hyemis

43 532 222 571 solutione
254 530 290 567 id
322 527 407 565 mihi
440 539 512 563 non
542 521 768 573 permittebat
793 519 867 556 ullo
894 516 997 553 modo
1032 515 1069 550 et
1094 511 1226 549 bellicis
1259 508 1394 556 alioqui
1418 504 1574 542 motibus

43 595 96 630 ita
135 593 204 629 iam
242 587 508 639 perstrepebant
548 585 664 622 omnia
688 584 731 630 8),
764 584 806 617 ut
840 589 963 628 parum
997 576 1173 624 oportune
1205 573 1297 608 forte
1327 570 1500 606 venturus
1534 576 1576 602 eo

44 657 202 702 tempore
235 650 361 688 fuerim
394 649 438 686 ad
471 650 571 684 tuam
604 642 870 685 Celsitudinem,
905 637 1043 676 etiamsi
1075 634 1194 672 venire
1226 631 1396 669 licuisset.
1444 628 1577 664 Postea

46 727 132 754 vero
165 714 246 751 toto
277 713 342 749 hoc
374 722 467 747 anno
501 711 538 746 et
561 719 641 745 cum
673 704 796 742 morbo
827 713 904 739 meo
937 697 1085 737 subinde
1110 697 1160 733 ita
1185 692 1422 736 conflictabar‚
1447 689 1579 726 Divina

47 775 286 826 permissione,
320 775 356 810 et
387 770 545 819 negociis
582 769 669 805 item
693 765 823 814 partim
848 760 1061 805 domesticis,
1086 758 1214 808 partim
1240 756 1346 793 etiam
1371 752 1415 790 ad
1438 750 1577 797 religio-

51 851 130 876 nem
162 833 423 885 pertinentibus
454 833 505 869 ita
538 827 783 875 distringebar,
815 827 858 862 ut
891 835 970 860 meo
995 821 1076 857 huic
1101 818 1272 856 desiderio
1296 813 1447 852 adeundi
1472 811 1580 848 Celsi-

48 899 209 937 tudinem
241 900 340 934 tuam
372 894 472 933 nulla
507 893 675 929 hactenus
709 888 847 925 ratione
881 884 1083 923 satisfacere
1106 879 1296 929 potuerim.
1344 876 1452 913 Nunc
1476 885 1581 922 porro

54 960 260 998 confirmata
284 960 470 1004 utcunque
494 951 708 995 valetudine,
734 949 847 997 gratia
872 947 920 983 sit
946 943 1116 982 Domino!
1144 944 1180 979 et
1198 941 1266 978 ocii
1281 936 1442 975 nonnihil
1459 937 1584 972 nactus

51 1022 120 1059 iter
145 1033 261 1058 meum
287 1018 372 1055 mihi
397 1017 440 1054 ad
465 1013 722 1052 Celsitudinem
747 1012 847 1046 tuam
871 1005 1132 1044 instituendum
1157 1015 1231 1040 esse
1255 999 1418 1037 iudicavi.
1466 997 1582 1033 Vene-

51 1086 109 1120 rat
133 1085 252 1119 autem
277 1080 342 1118 sub
367 1080 404 1116 id
428 1080 567 1126 tempus
592 1075 636 1112 ad
660 1086 716 1111 me
742 1072 795 1109 vir
819 1083 902 1108 vere
927 1068 1096 1111 Illustris,
1113 1065 1287 1102 Dominus
1304 1062 1463 1109 Despota
1480 1058 1584 1101 Sami,

55 1145 119 1193 qui
151 1157 231 1182 eum
265 1143 308 1179 de
340 1138 560 1189 suscipiendo
593 1149 670 1173 meo
703 1134 748 1171 ad
780 1137 878 1170 tuam
904 1129 1157 1168 Celsitudinem
1181 1126 1308 1163 itinere
1332 1135 1375 1160 ex
1400 1134 1455 1158 me
1479 1118 1584 1156 intel-

53 1207 211 1251 lexisset,
243 1205 382 1242 litteras
408 1201 492 1239 mihi
517 1212 597 1237 suas
623 1198 667 1235 ad
692 1198 791 1232 tuam
816 1192 1071 1232 Celsitudinem
1096 1186 1318 1238 perferendas
1344 1183 1441 1220 dedit
1466 1183 1503 1218 et
1526 1192 1584 1228 pe-

54 1269 126 1313 tiit,
157 1271 212 1312 ut,
238 1267 269 1304 si
301 1266 395 1303 forte
427 1263 512 1300 mihi
544 1260 681 1298 diutius
714 1259 752 1294 in
776 1257 905 1294 itinere
929 1253 1059 1291 alicubi
1086 1249 1296 1287 haerendum
1321 1247 1424 1289 esset,
1449 1244 1587 1280 litteras

56 1331 149 1379 ipsas
173 1329 217 1366 ad
241 1331 340 1365 tuam
365 1324 622 1363 Celsitudinem
645 1321 916 1370 praemitterem.
943 1317 1034 1352 Cum
1059 1313 1170 1361 igitur
1194 1311 1246 1347 ita
1269 1321 1325 1345 me
1353 1311 1390 1344 et
1407 1305 1590 1352 obliquare

54 1392 124 1429 iter
148 1403 265 1428 meum
297 1391 334 1426 et
366 1387 472 1426 certis
498 1385 585 1423 locis
610 1384 750 1421 haerere
776 1378 936 1417 nonnihil
962 1378 1124 1425 oportere
1149 1373 1316 1414 viderem,
1342 1368 1422 1406 dedi
1448 1377 1588 1415 operam

58 1452 151 1501 apud
182 1451 317 1488 affinem
342 1461 456 1485 meum
482 1445 675 1484 Dominum
701 1440 914 1490 Raphaelem
939 1435 1162 1475 Leszczinski
1186 1431 1497 1470 Radzicoviensem
1524 1428 1588 1464 Ca-

58 1516 241 1563 pitaneum
265 1512 296 1559 ὁ)
322 1513 365 1547 ut
389 1510 531 1546 litterae
555 1507 640 1543 mihi
665 1503 887 1542 concreditae
912 1501 957 1537 ad
982 1502 1080 1535 tuam
1107 1494 1364 1533 Celsitudinem
1388 1490 1589 1540 praemitte-

61 1577 187 1613 rentur
220 1573 395 1620 simulque
425 1573 462 1608 et
494 1582 587 1607 meas
612 1568 713 1605 hasce
736 1566 862 1603 addere
886 1562 995 1606 volui,
1029 1562 1072 1596 ut
1102 1561 1185 1595 tuae
1211 1554 1423 1592 Celsitudini
1448 1552 1491 1588 de
1515 1562 1593 1587 meo

60 1637 105 1674 ad
136 1638 247 1685 ipsam
280 1635 406 1671 itinere
437 1632 551 1669 obiter
584 1629 785 1666 indicarem.
834 1622 1053 1672 Expectandi
1085 1622 1202 1656 autem
1234 1617 1289 1653 hic
1313 1617 1399 1652 sunt
1423 1613 1507 1650 mihi
1531 1623 1592 1660 per

61 1698 222 1736 triduum
254 1697 346 1733 forte
375 1694 488 1731 adhuc
521 1691 622 1729 amici
655 1690 807 1738 quidam,
840 1690 882 1723 ut
915 1698 995 1722 cum
1020 1683 1070 1720 eis
1095 1681 1288 1727 colloquar.
1339 1675 1476 1713 Deinde
1506 1685 1591 1710 vero

66 1759 352 1805 Mariaeburgum
383 1758 501 1804 petam
535 1757 571 1790 et
604 1753 697 1789 forte
729 1749 919 1786 Dominum
946 1744 1288 1790 Mariaeburgensem
1312 1738 1517 1775 Palatinum
1541 1735 1592 1770 vi·

66 1836 150 1868 sam,
184 1822 214 1859 si
248 1819 425 1870 quomodo
458 1818 560 1854 illum
596 1815 640 1852 ad
665 1816 764 1850 tuam
791 1808 1047 1848 Celsitudinem
1072 1804 1273 1854 pertrahere
1297 1811 1433 1837 mecum
1459 1808 1597 1845 queam,

66 1891 175 1933 atque
207 1883 250 1920 ab
282 1882 344 1919 illo
376 1880 545 1922 scisciter,
579 1877 721 1913 ubinam
747 1873 832 1910 mihi
857 1872 905 1909 sit
930 1867 1129 1917 quaerenda
1154 1862 1338 1901 Celsitudo
1363 1864 1438 1897 tua.
1487 1858 1598 1894 Cuius

70 1946 214 1984 interim
244 1942 450 1981 clementiae
482 1953 537 1976 me
570 1949 705 1975 summa
737 1947 818 1972 cum
843 1930 1066 1970 observantia
1090 1925 1294 1965 commendo
1319 1928 1356 1960 et
1382 1923 1498 1958 Deum
1523 1931 1598 1964 oro,

70 2012 113 2046 ut
146 2010 245 2044 tuam
278 2003 533 2042 Celsitudinem
558 2000 658 2037 nobis
691 2000 728 2035 et
762 1994 937 2033 Ecelesiae
962 2004 1045 2029 suae
1071 1991 1199 2027 servet.
1248 1987 1321 2023 Oro
1346 1986 1475 2021 iterum
1500 1984 1599 2018 tuam

71 2068 326 2107 Celsitudinem
360 2068 403 2102 ut
428 2065 458 2101 si
482 2065 546 2100 aut
571 2062 713 2098 litterae
737 2058 831 2095 ullae
855 2058 918 2092 aut
944 2053 1096 2091 nuncius
1121 2049 1295 2098 quispiam
1320 2046 1454 2083 interea
1478 2043 1521 2079 ad
1546 2053 1601 2078 me

71 2132 167 2168 istuc
190 2129 311 2167 veniat
335 2128 380 2164 ad
403 2126 519 2164 aulam
544 2126 628 2160 tuae
654 2119 886 2159 Celsitudinis
911 2116 954 2153 ab
981 2113 1229 2152 Illustrissimo
1256 2109 1408 2147 Domino
1427 2105 1602 2143 Wilnensi

74 2192 239 2229 Palatino
264 2192 307 2238 5),
340 2188 538 2226 retineatur
572 2185 666 2228 istic,
699 2194 814 2230 usque
846 2180 883 2216 in
908 2178 1101 2215 adventum
1126 2187 1254 2218 meum,
1279 2183 1380 2219 spero
1404 2172 1522 2206 autem
1548 2179 1603 2203 me

74 2257 156 2291 ante
180 2252 382 2290 Palmarum
405 2249 449 2286 ad
474 2251 572 2285 tuam
597 2243 852 2283 Celsitudinem
878 2240 1133 2289 perventurum
1158 2247 1232 2272 esse
1257 2245 1318 2283 per
1350 2231 1498 2281 gratiam
1523 2229 1601 2266 Dei.

77 2313 316 2353 Goluchoviae
338 2313 370 2359 6)
397 2311 440 2348 18
467 2308 591 2346 Martii
617 2307 722 2343 Anno
749 2304 852 2341 1558.

450 2371 548 2408 Tuae
573 2366 805 2407 Celsitudinis
830 2363 1099 2402 Illustrissimac
1122 2357 1383 2396 addictissimus
1407 2353 1558 2392 servitor

832 2427 1000 2464 Iofflmzs
1024 2424 1045 2459 ὲ.
1066 2422 1188 2459 Lasco
1215 2432 1261 2457 m.
1286 2430 1338 2467 pr.

125 2550 153 2590 ¹)
175 2549 350 2580 ACHATIUS
380 2554 448 2578 voN
479 2547 634 2583 ΖΕΗΜΕΝ,
665 2552 826 2575 sacrorum
849 2536 1092 2571 instaurationis
1123 2536 1288 2577 promotor
1310 2533 1424 2574 potens
1448 2531 1542 2571 atque
1565 2529 1613 2559 in-

85 2605 238 2637 defessum
262 2603 311 2636 Cf.
333 2603 370 2634 A.
394 2602 591 2639 Emunonn,
616 2599 746 2631 Stanisl.
769 2595 898 2629 11οείκέ
921 2594 1029 2626 Leben.
1051 2591 1160 2623 Maiuz
1184 2589 1275 2621 1854.
1297 2588 1342 2619 11.
1365 2586 1426 2619 200
1448 2585 1488 2618 al.
1511 2585 1537 2624 Ξ)
1561 2584 1612 2617 Cf.

87 2660 232 2703 ep.128.
277 2659 303 2699 ³)
336 2658 386 2691 Cf.
420 2669 469 2700 ep.
501 2656 560 2688 128
596 2666 627 2687 n.
650 2654 680 2687 2.
723 2655 750 2693 ⁴)
775 2652 825 2684 Cf.
859 2652 1065 2687 KRASINSKY,
1100 2658 1128 2679 o.
1157 2647 1179 2680 1.
1213 2644 1264 2678 72.
1307 2645 1333 2684 ⁵)
1357 2643 1428 2676 Nic.
1459 2640 1615 2673 Radzivil.

87 2716 115 2756 ὓ)
139 2716 178 2748 111
199 2715 312 2748 Polou.
335 2713 448 2747 maior.
473 2712 564 2744 distr.
588 2711 724 2744 Cracov.
749 2707 800 2741 cf.
822 2708 1116 2741 Rmnnvmscrus
1141 2713 1169 2736 0.
1192 2701 1213 2734 l.
1235 2711 1268 2743 p,
1291 2698 1341 2733 75.

150 3042 203 3079 ΙΙ.
1440 3026 1483 3061 48
