1830 3147
206 110 280 148 260

209 220 367 261 nomine
393 222 546 271 propter
570 222 763 271 peccatum
791 220 900 258 nobis
928 219 1146 266 obveniant,
1165 221 1405 261 matrimonio
1425 224 1523 261 certe
1540 221 1651 260 etiam
1666 222 1737 260 im-

206 285 334 337 putari
363 284 494 322 merito
522 296 599 323 non
625 287 798 335 possunt.
825 284 877 322 Et
903 284 941 322 in
959 285 1135 324 omnibus
1154 286 1295 337 alioqui
1314 286 1547 325 matrimonii
1558 286 1741 324 molestiis

206 346 456 385 certissimam
485 344 703 384 hauddubie
740 346 1036 385 consolationem
1074 347 1268 395 habemus,
1302 362 1398 400 quae
1433 348 1497 386 ad¹
1517 348 1738 398 coniugatos

204 411 441 464 potissimum
469 410 642 462 pertinet,
668 410 708 449 in
728 411 856 449 divina
877 411 1091 460 il·(599)la,
1109 412 1287 462 Abrahae
1302 413 1504 463 coniugato
1525 414 1635 460 facta,
1649 425 1737 464 pro-

204 476 398 522 missione,
423 488 556 527 nempe
582 475 683 527 quod
712 475 762 514 sit
788 475 929 527 pariter
955 480 991 514 et
1019 479 1147 514 noster
1173 481 1210 515 et
1231 478 1384 516 seminis
1401 478 1522 516 nostri
1538 477 1652 515 Deus.
1680 476 1736 514 Ut

203 541 304 579 enim
331 554 457 582 semen
485 539 559 579 sibi
577 544 748 580 nostrum
769 540 926 579 excitari
945 554 1022 579 non
1039 542 1130 586 vult,
1149 541 1221 580 nisi
1235 542 1273 581 in
1289 542 1544 587 matrimonio,
1557 542 1610 580 ita
1630 554 1734 580 suam

202 606 315 645 etiam
345 605 390 644 de
416 609 548 644 nostro
577 606 717 643 semine
744 605 1032 656 promissionem
1061 605 1106 644 ad
1138 606 1360 657 coniugatos
1380 606 1630 658 proculdubio
1659 606 1738 645 vult

203 671 442 724 peculiariter
465 671 664 722 pertinere.
700 670 897 709 Quatenus
916 671 1033 721 igitur
1046 671 1084 710 in
1100 671 1268 721 legitimo
1285 672 1522 723 potissimum
1542 671 1735 710 matrimo-

205 736 269 774 nio
298 735 399 774 Deus
427 749 465 774 se
491 736 630 787 pariter
656 740 692 774 et
720 741 892 775 nostrum
922 740 959 775 et
987 736 1141 775 seminis
1165 737 1284 775 nostri
1301 737 1420 775 Deum
1436 750 1515 776 esse
1528 738 1737 789 profitetur,

202 805 245 839 ut
280 800 392 839 nobis
427 800 536 839 illum
571 800 611 838 in
649 799 826 850 coniugio
863 800 992 839 adesse
1019 814 1164 853 semper
1191 802 1460 852 intelligamus,
1487 802 1576 839 dum
1603 806 1733 839 nostro

204 865 338 904 semini
374 865 574 903 excitando
610 864 715 903 iuxta
752 866 830 903 eius
867 865 1144 904 ordinationem
1177 870 1288 917 atque
1316 867 1463 904 demum
1492 867 1602 904 etiam
1631 866 1734 904 iuxta

201 931 281 968 eius
310 930 542 968 voluntatem
569 929 763 968 educando
790 943 940 982 operam
968 930 1112 976 damus,
1137 954 1188 962 —-
1208 931 1388 970 hactenus
1416 945 1565 983 quoque
1593 936 1734 970 certum

203 999 272 1039 est,
298 995 417 1040 illum,
444 998 486 1033 ut
513 998 684 1033 nostrum
711 995 786 1033 iam
813 995 952 1046 pariter
980 1008 1023 1033 ac
1052 996 1204 1035 seminis
1233 996 1354 1034 nostri
1381 996 1515 1043 Deum,
1543 1009 1733 1048 nunquam

200 1059 312 1098 nobis
339 1073 419 1098 esse
446 1059 661 1098 defuturum
688 1060 728 1098 in
758 1061 934 1099 omnibus
962 1061 1101 1099 nostris
1121 1061 1390 1100 afflictionibus
1411 1075 1454 1100 ac
1472 1062 1667 1107 molestiis,
1683 1083 1734 1090 —

202 1137 298 1175 quae
343 1123 454 1162 nobis
497 1124 638 1176 alioqui
683 1124 763 1163 sine
807 1125 926 1176 ipsius
972 1125 1165 1164 voluntate
1205 1127 1331 1164 nullae
1365 1126 1520 1164 omnino
1557 1126 1735 1164 obvenire

201 1194 362 1240 possunt
386 1210 439 1219 —
474 1188 562 1227 dum
598 1202 668 1227 nos
703 1189 743 1228 in
779 1190 1022 1228 matrimonio
1058 1191 1192 1229 semini
1228 1195 1372 1237 nostro,
1407 1196 1488 1229 tum
1523 1191 1736 1237 excitando,

201 1260 280 1292 tum
327 1253 523 1292 educando
557 1267 707 1306 operam
745 1254 890 1301 damus,
924 1259 964 1293 ut
1001 1255 1143 1294 dictum
1178 1260 1247 1302 est,
1283 1257 1315 1294 si
1349 1257 1463 1294 modo
1498 1256 1733 1294 adorandum

203 1318 322 1370 ipsius
357 1331 497 1356 nomen
534 1331 644 1370 super
680 1332 750 1356 nos
777 1332 821 1357 ac
848 1332 974 1358 semen
1002 1324 1186 1365 nostrum,
1214 1320 1464 1372 promissione
1491 1321 1608 1372 ipsius
1637 1321 1737 1366 freti,

201 1383 388 1435 supplices
422 1382 571 1421 assidue
607 1384 837 1429 invocemus,
873 1389 909 1423 et
943 1385 1101 1436 proinde
1135 1386 1415 1424 moderaturum
1444 1389 1552 1435 (600)
1589 1400 1734 1438 semper

203 1441 321 1486 etiam¹
352 1461 480 1486 omnes
515 1451 665 1486 nostras
702 1448 923 1487 afflictiones
960 1462 1003 1487 ac
1038 1450 1228 1488 molestias
1257 1450 1296 1487 in
1325 1450 1428 1488 omni
1457 1463 1565 1488 cruce
1592 1454 1735 1497 nostra,

201 1514 244 1548 ut
276 1523 315 1547 re
341 1509 421 1561 ipsa
458 1514 615 1548 testetur
651 1514 687 1549 et
721 1511 897 1556 declaret,
938 1525 978 1549 se
1006 1512 1161 1550 omnino
1190 1526 1270 1550 esse
1297 1516 1334 1550 et
1361 1517 1533 1551 nostrum
1561 1513 1672 1551 simul
1698 1516 1734 1551 et

203 1572 355 1609 seminis
404 1571 526 1610 nostri
562 1571 695 1620 Deum,
731 1573 803 1611 hoc
838 1578 904 1620 est,
941 1578 1114 1612 nostrum
1148 1575 1187 1612 in
1227 1575 1405 1624 coniugio
1443 1575 1732 1624 gubernatorem

201 1634 463 1686 sospitatorem
504 1636 780 1674 consolatorem
809 1641 845 1674 et
872 1641 1113 1676 servatorem.
1167 1637 1227 1675 Ita
1257 1637 1429 1675 Christus
1458 1637 1658 1684 Dominus,
1685 1636 1730 1675 ad

201 1695 353 1748 nuptias
395 1699 562 1743 vocatus,
608 1697 770 1735 libenter
813 1697 890 1735 illis
934 1697 1056 1736 adfuit
1106 1698 1310 1750 sponsique
1344 1699 1494 1750 inopiae
1530 1698 1734 1737 liberaliter

200 1760 398 1806 succurrit,
432 1765 618 1812 quatenus
653 1761 793 1813 alioqui
828 1762 1052 1801 miraculum
1091 1777 1198 1801 suum
1235 1764 1378 1813 gloriae
1414 1763 1485 1801 Dei
1512 1765 1633 1802 Patris
1676 1764 1734 1802 sui

202 1827 414 1865 subservire
449 1825 697 1876 intelligebat.
754 1826 883 1865 Quid?
912 1827 1012 1878 quod
1041 1828 1185 1866 nullum
1213 1832 1268 1866 est
1296 1828 1451 1866 omnino
1478 1828 1576 1867 vitae
1603 1842 1735 1878 genus,

201 1892 303 1944 quod
339 1904 416 1930 non
454 1905 558 1930 suam
597 1904 743 1929 crucem
784 1891 933 1939 habeat,
964 1892 1118 1943 perinde
1146 1897 1257 1944 atque
1288 1893 1570 1931 matrimonium
1599 1894 1734 1945 ipsum,

201 1970 248 1995 ne
283 1956 375 2008 quid
418 1955 539 1994 dicam
575 1955 690 1994 aliud.
746 1955 930 2007 Equidem
969 1956 1073 1995 nulla
1110 1961 1166 1995 est
1199 1957 1270 1995 alia
1307 1958 1458 2007 gravior
1497 1971 1588 1996 crux
1622 1962 1735 2009 atque

202 2022 367 2067 afflictio,
394 2035 505 2073 quam
535 2034 629 2073 quae
657 2021 825 2059 animum
852 2021 975 2073 ipsum
1003 2022 1176 2074 inprimis
1204 2023 1309 2073 angit
1336 2028 1447 2075 atque
1474 2024 1616 2074 affligit.
1662 2024 1733 2062 Pa-

204 2086 359 2125 cificatis
387 2099 548 2137 namque
575 2089 612 2124 et
639 2086 772 2124 erectis
799 2087 914 2125 verbo
942 2087 1014 2126 Dei
1042 2088 1183 2127 nostris
1211 2088 1359 2136 animis,
1385 2102 1522 2139 magna
1549 2089 1622 2128 iam
1651 2103 1732 2127 mo·

201 2152 393 2190 lestiarum
430 2151 599 2189 omnium
631 2165 719 2203 pars
755 2152 878 2190 levata
915 2156 984 2198 est,
1018 2166 1112 2204 quae
1148 2154 1205 2192 vel
1241 2167 1397 2206 corpora
1424 2154 1566 2206 alioqui
1592 2158 1736 2201 nostra,

204 2217 262 2255 vel
289 2217 401 2256 etiam
429 2217 602 2255 fortunas
630 2220 781 2256 nostras
798 2217 1003 2261 infestant.
1050 2218 1141 2256 Cum
1173 2232 1260 2257 vero
1287 2219 1472 2257 eiusmodi
1500 2232 1590 2258 crux
1617 2219 1737 2258 animi

205 2293 390 2331 nusquam
427 2280 574 2319 facilius
612 2281 747 2333 depelli
782 2282 915 2333 possit,
951 2295 1062 2333 quam
1098 2283 1137 2320 in
1167 2283 1383 2322 Christiano
1412 2283 1665 2329 matrimonio,
1692 2284 1729 2322 in

203 2358 278 2396 quo
315 2358 458 2396 semper
483 2351 712 2397 praesentem
741 2347 852 2385 nobis
879 2352 915 2386 et
942 2351 1071 2385 nostro
1100 2348 1232 2386 semini
1260 2348 1379 2386 Deum
1413 2349 1603 2395 habemus,
1628 2349 1732 2386 iuxta

203 2410 320 2462 ipsius
355 2411 656 2462 promissionem,
691 2425 785 2463 quae
821 2412 932 2450 nobis
969 2413 1118 2451 mentiri
1155 2427 1233 2451 non
1260 2416 1370 2462 (601)
1406 2416 1542 2464 potest,
1575 2416 1613 2451 et
1639 2427 1734 2464 quae

205 2475 456 2526 peculiariter,
489 2480 532 2514 ut
568 2476 711 2514 dictum
747 2480 815 2522 est,
842 2477 889 2514 ad
919 2477 1141 2527 coniugatos
1168 2477 1343 2529 pertinet,
1379 2491 1459 2516 cum
1488 2478 1576 2516 item
1605 2490 1735 2516 omnes

205 2535 397 2574 molestiae
431 2536 471 2574 in
508 2537 762 2580 matrimonio,
794 2541 836 2576 ut
871 2542 980 2576 antea
1014 2551 1163 2590 quoque
1199 2539 1375 2585 diximus,
1402 2538 1656 2586 dimidientur,
1681 2560 1734 2569 —

207 2612 296 2637 sane
329 2603 477 2638 tantum
515 2600 634 2646 abest,
671 2606 710 2639 ut
747 2601 1027 2640 matrimonium
1057 2603 1177 2641 crucis
1205 2608 1316 2654 atque
1344 2603 1585 2641 afflictionum
1611 2604 1734 2642 nomi-

206 2678 273 2703 ne*
297 2665 527 2714 refugiamus
560 2666 638 2703 ullo
674 2666 787 2703 modo
824 2670 887 2704 aut
924 2680 1149 2713 aversemur,
1186 2672 1225 2706 ut
1261 2668 1318 2706 vel
1344 2672 1504 2727 *propter
1540 2668 1733 2707 leniendas

206 2728 327 2766 crucis
368 2732 479 2779 atque
514 2730 758 2768 afflictionum
796 2730 986 2768 molestias
1020 2732 1301 2770 matrimonium
1338 2731 1459 2782 ipsum
1500 2736 1666 2784 expetere
1693 2732 1732 2770 iu

208 2792 372 2831 Domino
401 2792 615 2833 debeamus.
670 2795 776 2833 Quae
803 2808 889 2834 vero
917 2799 973 2834 est
1002 2809 1092 2834 crux
1120 2797 1271 2846 gravior
1299 2797 1386 2843 ulla,
1414 2810 1525 2848 quam
1554 2801 1609 2835 est
1634 2797 1733 2835 ustio

209 2857 249 2901 in
294 2855 399 2896 omni
446 2857 652 2897 coelibatus
692 2872 826 2909 genere
861 2857 1108 2912 libidinisque
1143 2860 1375 2913 impotentia,
1426 2874 1520 2913 quae
1554 2861 1737 2913 plurimos
