1830 3147
1606 85 1651 125 73

101 210 300 260 Euangelii
328 209 386 248 sui
412 208 626 246 institutam
653 205 700 244 ab
729 205 809 256 ipso
830 201 1158 256 praedicationem,
1175 204 1324 253 propter
1344 198 1503 237 eundem
1521 197 1644 248 ipsum

101 275 340 325 unigenitum
384 286 492 312 suum
534 272 668 318 filium,
700 270 824 308 Iesum
863 268 1067 314 Christum,
1103 266 1309 305 Dominum
1344 268 1381 303 ct
1418 267 1647 302 servatorem

105 344 290 379 nostrum.
319 337 482 378 Amen.”

158 470 248 508 Post
281 468 494 506 absolut-un
531 479 711 504 manuum
746 462 961 503 istiusmodi
995 460 1276 513 impositionem
1313 459 1424 498 vertit
1466 471 1545 497 sese
1571 470 1655 495 rur-

107 548 190 573 sum
227 533 473 571 Ecclesiastes
508 531 557 577 ad
592 536 710 569 totam
747 528 969 573 Ecclesiam,
994 527 1172 577 illamque
1200 525 1311 563 officii
1336 524 1394 562 sui
1420 537 1509 573 erga
1537 522 1655 561 Mini-

108 604 206 638 stros
244 597 348 637 verbi
380 596 511 649 paucis
546 595 736 642 admonet,
774 592 1092 646 quemadmodum
1127 591 1166 629 in
1204 588 1457 641 superioribus
1497 588 1538 626 in
1566 600 1658 626 con-

112 665 220 702 cione
249 664 345 701 circa
374 675 505 701 eorum
531 661 751 700 electionem
771 659 1000 710 descriptum
1020 657 1178 695 habetur
1198 657 1241 704 ¹),
1261 655 1506 705 hortaturque
1525 652 1658 692 Eccle-

111 729 204 768 siam
231 728 279 767 ad
306 727 476 766 assiduas
503 740 644 779 preces,
671 730 712 764 ut
740 725 924 764 Dominus
953 724 1055 762 Deus
1084 736 1161 760 non
1190 725 1337 760 tantum
1365 720 1538 758 extrudat
1565 719 1659 757 fide-

109 794 163 832 les
190 807 234 832 ac
262 793 459 843 diligentes
487 791 675 844 operarios
702 791 756 828 in·
773 804 928 828 messem
958 802 1062 828 suam
1085 788 1130 836 ²),
1160 787 1223 824 sed
1251 791 1424 825 extrusos
1450 785 1526 822 iam
1554 783 1662 822 dein-

111 873 197 911 ceps
233 872 384 911 quoque
420 871 563 909 semper
602 857 820 895 corroboret
856 861 891 894 et
927 855 1208 905 gubernet,‚nc
1235 866 1256 890 a
1286 865 1351 890 suo
1382 851 1503 889 officio
1544 850 1658 888 minis

113 928 200 966 ullis
245 927 491 979 tyrannidevc
536 927 696 964 Satanae
742 924 1019 974 satellitumque
1068 922 1185 974 ipsius
1231 920 1525 965 absterreantur,
1570 930 1663 956 neve

114 992 153 1030 in
197 992 372 1029 metendo
418 995 570 1042 propter
618 989 838 1028 afflictiones
884 993 919 1026 et
964 987 1155 1025 molestias
1200 987 1299 1035 (38),
1341 997 1435 1036 quae
1474 983 1510 1021 in
1546 995 1666 1021 messe

117 1058 187 1095 hac
215 1057 433 1102 obveniunt,
462 1055 714 1106 defatigcntur
742 1054 982 1104 animumque
1010 1051 1280 1104 despondeant.

167 1121 241 1159 His
278 1120 387 1160 dictis
425 1120 535 1158 vertit
571 1134 610 1158 se
636 1132 788 1157 rursum
816 1118 1063 1156 Ecclesiastes
1091 1117 1139 1155 ad
1165 1116 1304 1155 electos
1333 1120 1368 1153 ct
1395 1114 1471 1152 iam
1498 1114 1663 1162 inaugu-

116 1192 219 1226 ratos
248 1186 447 1225 Ministros
475 1186 575 1233 illos,
601 1198 740 1237 eosque
767 1184 973 1236 alloquitur
1001 1183 1048 1221 ad
1077 1183 1177 1221 hunc
1207 1181 1383 1220 modurn:

118 1318 374 1356 Postrema
419 1316 696 1355 admonitio
738 1315 795 1354 ad
839 1315 1164 1365 inauguratos
1203 1312 1341 1351 verbi
1380 1311 1670 1357 Ministros,

469 1387 732 1434 antequam
767 1381 990 1419 Psalmus
1024 1379 1327 1418 decantetur.

177 1515 324 1552 nVIRI
359 1514 514 1552 fratres!
542 1514 725 1552 attendite
763 1513 869 1551 vobis
897 1512 988 1564 ipsis
1025 1516 1061 1550 et
1097 1511 1233 1556 videte,
1269 1514 1311 1548 ut
1338 1510 1377 1548 in
1407 1513 1529 1548 vestra
1558 1521 1670 1547 voca-

121 1579 226 1618 tione
265 1579 336 1617 ista
382 1579 496 1629 digne
542 1578 753 1624 versemini,
788 1582 831 1616 ut
874 1578 971 1615 fidos
1009 1576 1150 1614 Christi
1187 1575 1343 1613 Domini
1388 1587 1515 1613 servos
1551 1573 1669 1612 decet.

123 1643 269 1681 Pascite
304 1643 559 1681 concreditum
595 1642 701 1680 vobis
737 1655 888 1692 gregem
927 1641 1078 1688 Christi,
1117 1654 1244 1678 curam
1280 1639 1381 1678 illius
1419 1639 1564 1686 habete,
1592 1651 1672 1676 non

125 1709 225 1746 velut
260 1708 395 1750 adacti.
432 1708 496 1746 scd
532 1709 632 1746 ultro
660 1721 704 1746 ac
732 1711 867 1759 sponte
895 1712 1030 1754 vestra,
1061 1719 1139 1744 non
1167 1705 1287 1757 turpis
1316 1704 1412 1743 lucri
1439 1703 1578 1749 studio,
1605 1703 1670 1741 sed

123 1772 340 1817 liberaliter,
376 1786 495 1824 neque
531 1773 742 1810 dominium
770 1773 878 1810 vobis
907 1776 1130 1823 usurpantes
1167 1770 1207 1808 in
1245 1769 1465 1817 Ecclesiam,
1495 1769 1560 1807 sed
1589 1768 1670 1807 sitis

125 1839 228 1877 velut
254 1839 479 1890 exemplaria
507 1838 633 1889 gregis
662 1837 706 1886 3).
760 1837 889 1876 Rebus
917 1836 1084 1875 adversis
1112 1835 1240 1885 (vobis
1266 1835 1408 1887 alioqui
1436 1847 1579 1886 semper
1606 1847 1672 1872 cx-

127 1904 338 1956 pectandis)
384 1917 430 1942 ne
467 1903 709 1953 frangamini.
765 1903 1032 1954 Contemptum
1071 1901 1211 1954 probra
1239 1906 1276 1940 et
1304 1900 1473 1939 convicia
1500 1899 1674 1939 addicto-

126 1983 206 2008 rum
245 1969 387 2007 mundo
425 1969 619 2007 hominum
657 1968 748 2007 forti
785 1968 1023 2019 infractoque
1059 1967 1184 2006 animo
1224 1980 1309 2005 cum
1345 1966 1450 2004 omni
1475 1965 1675 2004 tolerantia

129 2032 319 2079 sustinete,
355 2032 523 2084 adeoque
559 2037 595 2071 et
632 2032 783 2070 illorum
823 2032 974 2070 nomine
1011 2035 1097 2081 (39)
1135 2031 1243 2070 vobis
1280 2031 1453 2081 gaudete,
1478 2030 1674 2082 proposito

130 2097 239 2135 vobis
287 2097 457 2148 exemplo
503 2097 776 2148 Prophetarum
819 2088 940 2148 atque'
968 2096 1241 2148 Apostolorum
1278 2097 1448 2133 omnium
1484 2104 1521 2133 et
1556 2094 1675 2146 ipsius

129 2162 290 2213 denique
327 2161 469 2200 Christi
496 2161 640 2199 domini
667 2163 713 2210 ¹²).
767 2162 959 2199 Praestate
985 2174 1051 2199 vos
1079 2161 1208 2199 fideles
1235 2174 1278 2199 ac
1307 2160 1505 2210 diligentes
1535 2159 1676 2198 Christi

130 2227 285 2266 Domini
321 2232 356 2265 et
392 2227 553 2278 Spiritus
589 2226 711 2265 sancti
747 2226 985 2278 cooperarios
1013 2226 1052 2263 in
1081 2226 1274 2276 arguendo
1301 2225 1442 2263 mundo
1472 2225 1517 2263 de
1543 2238 1676 2276 pecca-

131 2297 182 2340 to,
210 2291 354 2330 iustitia
382 2296 418 2330 et
444 2291 585 2329 iudicio
613 2290 731 2342 ipsius
748 2293 793 2340 5).
833 2291 892 2328 Ne
927 2290 1133 2329 efferamini
1159 2290 1300 2335 animo,
1329 2290 1360 2327 si
1387 2289 1538 2343 quando
1568 2290 1676 2328 vobis

131 2371 178 2396 ex
206 2357 388 2397 sententia
415 2357 559 2408 aliquid
587 2356 763 2394 succedat
790 2360 1104 2408 prosperentur-ve
1143 2356 1268 2407 aliquo
1296 2355 1409 2393 modo
1437 2369 1496 2394 res
1524 2360 1678 2402 vestrae,

132 2425 251 2462 multo
288 2423 412 2461 minus
446 2435 532 2460 vero
570 2435 658 2474 opes
694 2426 759 2460 aut
791 2422 952 2460 honores
985 2421 1118 2460 mundi
1155 2421 1267 2459 huius
1293 2421 1488 2472 expetatis,
1517 2435 1575 2467 ne,
1600 2421 1678 2459 illis

133 2488 322 2534 inebriati,
355 2487 510 2526 tandem
546 2486 827 2524 indormiscatis
867 2487 1067 2538 veniatque
1102 2486 1156 2524 ita
1196 2486 1345 2524 demum
1373 2486 1485 2524 homo
1511 2485 1576 2524 ille
1602 2485 1678 2523 ini·

133 2554 250 2592 micus
286 2558 335 2598 et,
370 2553 479 2591 vobis
508 2551 793 2596 dormientibus,
820 2552 859 2590 in
888 2565 978 2602 agro
1009 2556 1132 2590 vestro
1160 2551 1431 2603 superseminet
1458 2551 1601 2588 zizania
1629 2551 1678 2598 ⁶).

135 2617 389 2657 Consolemini
417 2618 586 2664 afflictos,
613 2629 751 2666 egenos
780 2617 982 2655 sublevetis
1009 2630 1075 2668 pro
1106 2622 1227 2654 vestra
1255 2616 1355 2654 virili
1383 2618 1415 2665 ⁷)
1444 2621 1556 2667 atque
1583 2615 1678 2654 alios

183 2774 207 2813 ¹)
230 2773 348 2815 Ephes.
372 2773 401 2805 6.
446 2772 514 2805 Col.
537 2774 567 2805 4.
612 2772 631 2804 2
655 2772 748 2804 Thes.
773 2772 803 2805 3.
930 2773 957 2812 ‘-')
981 2772 1099 2804 Matth.
1123 2773 1151 2805 9.
1196 2772 1301 2804 Lucae
1325 2772 1374 2804 10.

179 2829 207 2868 ³)
229 2829 318 2861 Ioan.
341 2829 392 2860 21.
415 2830 484 2861 Act.
507 2829 558 2861 20.
583 2829 599 2860 1
624 2829 693 2861 Pet.
718 2830 745 2860 5.
789 2829 817 2869 ⁴)
841 2829 931 2860 Ioan.
956 2829 1005 2866 13,
1031 2828 1080 2861 15.
1103 2828 1221 2860 Matth.
1247 2829 1274 2866 5,
1300 2828 1349 2860 10.
1373 2828 1392 2859 2
1415 2827 1499 2860 Tim.
1524 2827 1552 2866 l,
1575 2829 1604 2867 2,
1629 2830 1658 2862 4.

180 2885 284 2916 Lucae
307 2885 337 2917 6.
385 2885 412 2925 ⁵)
438 2885 454 2916 l
478 2885 553 2918 Cor.
577 2885 605 2918 3.
629 2885 719 2918 Ioan.
744 2884 793 2918 16.
843 2885 870 2925 ⁶)
895 2885 1013 2918 Matth.
1038 2885 1086 2918 13.
1138 2885 1165 2924 ⁷)
1189 2884 1308 2919 Matth.
1332 2884 1382 2919 10.
1405 2884 1511 2917 Lucae
1536 2885 1585 2919 19.
