1830 3147
1516 125 1588 165 109

56 253 122 292 per
167 239 386 290 sanguinem
423 251 545 278 suum.
600 237 670 276 Ille
706 238 897 290 expiatum
931 242 1052 277 morte
1088 250 1154 276 sua
1189 242 1358 276 nostrum
1397 242 1592 289 peccatum

55 304 149 354 tegit
186 318 273 342 suae
307 303 472 342 iustItiae
500 302 823 354 plenisufficientia
858 302 1106 353 meritumque
1142 316 1249 340 suum
1279 302 1388 347 nobis
1415 302 1595 354 imputari

55 370 136 408 vult
161 370 202 407 in
229 369 350 407 Patris
378 369 435 406 sui
463 368 603 406 iudicio
646 373 684 406 et
712 381 816 405 suam
846 367 956 406 nobis
983 367 1143 417 gloriam
1170 368 1337 417 gratuito
1366 368 1492 407 donat.
1521 371 1594 405 At-

57 448 129 486 que
158 435 228 472 hoc
254 435 374 486 ipsum
404 434 514 485 plane
541 437 597 471 est
625 446 810 471 summum
839 433 1026 484 Baptismi
1053 433 1285 483 mysterium,
1312 433 1412 484 quod
1441 438 1594 471 externa

57 512 176 550 aquae
202 487 387 537 tinctione
414 498 477 535 illa
507 497 724 547 designatur
768 497 944 548 quodque
971 497 1083 535 nobis
1113 497 1297 548 scriptura
1323 498 1463 549 pluries
1492 511 1594 535 com-

58 564 222 608 mendat,
250 563 337 601 dum
367 563 605 614 Baptismum
632 563 822 600 lavacrum
852 562 1147 612 regenerationis
1176 576 1219 600 ac
1246 563 1478 601 remissionis
1505 575 1593 614 pec-

59 633 224 667 catorum
260 631 367 665 vocat
400 627 440 675 ¹),
469 627 558 665 dum
586 628 794 678 baptizatos
823 618 1018 665 Christum
1046 626 1214 664 induisse
1240 631 1411 674 testatur,
1438 632 1475 665 et
1503 627 1593 665 dum

59 706 128 731 nos
171 692 212 730 in
255 697 412 730 mortem
459 691 601 730 Christi
648 692 832 743 baptizari
878 691 997 731 docet.
1052 691 1107 729 Ut
1143 691 1399 740 intelligamus
1436 697 1594 730 mortem

60 757 202 795 Christi
236 757 484 808 meritumque
511 769 624 794 omne
652 757 754 794 illius
782 757 894 794 nobis
932 770 1015 795 cum
1052 757 1134 808 ipso
1171 770 1215 794 ex
1253 756 1353 794 dono
1390 770 1456 794 suo
1492 770 1594 795 com-

55 835 169 860 mune
203 835 294 868 esse,
329 826 368 859 at
389 823 576 872 (125)que
611 833 677 872 per
713 834 792 858 eam
828 821 949 872 ipsam
984 826 1153 859 nostram
1190 833 1276 858 cum
1314 821 1465 859 Christo
1493 834 1595 860 com·

59 888 274 926 munionem
310 888 350 925 in
385 894 507 925 morte
543 886 672 937 ipsius,
709 899 778 925 nos
816 887 929 925 etiam
957 887 1139 925 deductos
1167 900 1247 925 esse
1274 887 1313 924 in
1343 892 1529 926 aeternam
1559 893 1595 926 et

55 953 260 1003 gloriosam
297 942 598 990 communionem
635 964 760 990 eorum
802 951 842 990 in
880 952 1006 998 coelis,
1033 965 1127 1003 quae
1163 955 1251 990 sunt
1285 952 1408 990 Patris
1444 957 1480 990 et
1507 952 1597 990 Filii

58 1025 95 1059 et
123 1020 284 1071 Spiritus
313 1018 445 1062 sancti,
473 1022 509 1056 et
536 1017 694 1068 proinde
730 1030 800 1055 nos
836 1017 1017 1055 mandato
1055 1017 1195 1055 Christi
1230 1017 1385 1054 Domini
1415 1017 1597 1068 baptizari

54 1084 92 1123 in
123 1096 259 1122 nomen
288 1082 416 1121 Patris
445 1085 481 1120 et
510 1081 599 1119 Filii
626 1086 662 1120 et
689 1081 852 1133 Spiritus
882 1082 1004 1119 sancti
1033 1083 1078 1129 2).

107 1152 144 1188 4.
172 1148 273 1200 quod
301 1147 479 1185 collatum
508 1146 580 1184 hoc
606 1147 745 1185 in‘nos
774 1160 794 1184 a
823 1146 975 1184 Christo
1012 1146 1174 1184 Domino
1213 1151 1361 1184 nostrae
1398 1146 1597 1186 munditiei

58 1213 198 1252 donum
224 1212 389 1264 requirat
418 1216 586 1249 nostram
612 1224 681 1262 pro
709 1215 816 1249 tanto
845 1211 1027 1249 beneficio
1054 1211 1336 1260 gratitudinem.
1381 1211 1526 1263 Nempe
1554 1218 1597 1249 ut

56 1278 233 1317 donatam
262 1277 372 1316 nobis
401 1276 635 1322 munditiem,
663 1281 900 1328 peccatorum
931 1281 1146 1314 nostrorum
1176 1276 1352 1314 sordibus
1381 1277 1522 1315 nostris
1551 1291 1597 1316 ne

58 1357 206 1383 rursum
231 1344 332 1382 ultro
360 1356 403 1381 ac
431 1348 565 1393 sponte
593 1342 822 1393 impuremus
839 1341 883 1390 ³).
912 1342 962 1380 Et
989 1342 1148 1393 proinde
1176 1342 1295 1380 debiti
1323 1342 1506 1393 officiique
1527 1356 1596 1381 no-

58 1411 125 1449 stri
161 1423 252 1456 esse,
291 1414 330 1447 ut
366 1413 534 1446 nostram
571 1408 673 1445 illam
705 1420 786 1445 cum
818 1407 968 1444 Christo
999 1406 1163 1444 Domino
1190 1407 1230 1444 in
1258 1411 1378 1445 morte
1405 1407 1597 1458 sepultura

56 1488 101 1513 ac
146 1474 418 1513 resurrectione
455 1486 520 1511 sua
559 1473 871 1518 communionem,
907 1486 973 1523 per
1007 1486 1117 1522 quam
1157 1472 1292 1509 servati
1341 1485 1482 1518 sumus,
1519 1472 1595 1511 vita

56 1539 168 1577 etiam
213 1542 343 1576 nostra
388 1550 456 1588 pro
501 1542 630 1574 nostra
677 1536 776 1574 virili
823 1549 947 1574 coram
993 1537 1072 1574 eius
1109 1537 1279 1575 Ecclesia
1329 1537 1594 1587 exprimamus,

57 1604 314 1653 crucifigentes
350 1602 519 1640 videlicet
555 1602 595 1639 in
631 1602 742 1639 nobis
783 1602 874 1652 ipsis
902 1601 1050 1640 assidue
1077 1607 1239 1640 veterem
1268 1608 1439 1640 nostrum
1469 1603 1592 1641 horni-

57 1683 142 1707 nem
177 1668 402 1719 affectusque
439 1668 557 1719 ipsius
595 1681 669 1705 una
707 1680 792 1704 cum
821 1667 972 1705 Christo
1001 1667 1165 1705 Domino
1201 1668 1432 1719 sepelientes,
1468 1668 1592 1719 quoad

56 1733 137 1771 fieri
171 1736 306 1784 potest,
342 1736 454 1783 atque
489 1732 530 1769 in
565 1732 662 1769 vitae
703 1731 907 1769 novitatem
943 1733 1080 1770 virtute
1118 1733 1279 1784 Spiritus
1316 1734 1436 1771 sancti
1471 1734 1592 1772 indies

54 1797 174 1847 magis
202 1810 245 1835 ac
271 1797 391 1846 magis
417 1800 666 1846 resurgentes.
722 1796 762 1832 Si
790 1796 940 1846 quando
969 1809 1055 1834 vero
1085 1809 1153 1834 nos
1180 1810 1248 1848 pro
1277 1803 1405 1835 nostra
1432 1797 1591 1836 infirmi-

53 1867 130 1901 tate
168 1862 293 1913 lapsos
329 1874 410 1899 esse
436 1866 748 1912 peccatorumque
777 1866 992 1899 nostrorum
1021 1862 1118 1900 mole
1144 1863 1263 1913 premi
1307 1863 1487 1909 videmus,
1514 1876 1592 1902 non

52 1927 137 1965 ideo
174 1927 285 1964 nobis
321 1925 727 1977 ‹le-(126)sperandum
765 1938 844 1963 esse
889 1939 1009 1977 neque
1044 1926 1135 1964 item
1172 1927 1384 1977 quaerenda
1412 1928 1488 1965 ulla
1517 1928 1590 1966 alia

54 1996 292 2044 peccatorum
321 1996 535 2029 nostrorum
564 1991 740 2036 remedia,
769 1991 833 2028 sed
860 1991 1080 2030 intuendam
1109 1992 1220 2030 nobis
1248 2006 1328 2030 esse
1354 1993 1591 2031 emundatio-

55 2071 138 2096 nem
186 2056 305 2095 nostri
339 2056 377 2094 in
418 2056 600 2105 sanguine
638 2055 790 2098 Christi,
826 2069 937 2106 quam
975 2056 1192 2107 Baptismus
1230 2056 1307 2108 ipse
1346 2061 1589 2097 contestatur.

57 2122 143 2161 Qua
182 2123 235 2167 fit,
259 2126 301 2159 ut
331 2134 407 2159 non
437 2121 546 2158 huius
575 2125 722 2158 tantum
750 2125 814 2158 aut
840 2121 942 2158 illius
970 2121 1148 2172 temporis
1175 2126 1326 2173 peccata
1356 2127 1495 2169 nostra,
1525 2123 1589 2161 sed

55 2200 148 2237 quae
175 2199 239 2237 per
266 2198 413 2222 omnem
443 2186 555 2222 vitam
584 2190 750 2223 nostram
778 2198 821 2222 ex
850 2185 1067 2224 infirmitate
1095 2190 1223 2224 nostra
1249 2191 1454 2237 patramus,
1476 2188 1586 2226 nobis

53 2251 222 2300 gratuito
260 2249 534 2295 condonentur,
561 2249 592 2287 si
621 2250 731 2287 nobis
760 2249 868 2288 diffisi
896 2263 979 2288 cum
1009 2251 1129 2288 nostri
1156 2251 1323 2302 ipsorum
1351 2252 1587 2303 displicentia

52 2321 164 2367 atque
200 2314 438 2352 accusatione
475 2314 620 2352 veniam
653 2314 803 2352 illorum
841 2315 1026 2365 supplices
1044 2315 1101 2358 „ad
1129 2316 1308 2354 thronum
1349 2317 1491 2366 gratiae
1519 2318 1589 2357 Dei

53 2387 233 2433 petamus.

106 2445 211 2483 Haec
238 2445 289 2482 ita
319 2444 426 2482 vobis
455 2443 499 2481 de
527 2442 721 2494 Baptisino
750 2443 1004 2488 testificamur,
1034 2449 1072 2482 ut
1101 2443 1322 2494 intelligatis
1360 2445 1398 2484 et
1424 2446 1589 2486 infantes

52 2510 145 2548 istos
181 2510 227 2547 ad
265 2523 347 2547 eum
383 2508 537 2546 modum
574 2508 756 2558 baptizari
794 2509 830 2546 et
868 2521 932 2547 vos
961 2510 1033 2546 iam
1071 2509 1160 2547 olim
1198 2509 1406 2561 baptizatos
1434 2525 1513 2551 esse
1549 2513 1588 2551 in

55 2585 190 2611 nomen
219 2572 341 2610 Patris
370 2577 405 2610 et
433 2571 521 2609 Filii
572 2579 585 2608 t
613 2570 775 2622 Spiritus
804 2573 938 2610 sancti.

106 2637 345 2687 Quamquam
382 2641 502 2674 autem
533 2584 695 2673 §santes
723 2648 851 2674 omnes
880 2636 975 2674 nihil
1004 2636 1136 2673 horum
1166 2636 1364 2688 percipere,
1391 2652 1437 2676 ne
1464 2639 1584 2677 dicam

52 2707 240 2752 praestare
275 2701 431 2752 possint,
470 2713 544 2739 non
574 2700 658 2738 ideo
685 2704 810 2739 tamen
840 2715 859 2740 a
888 2701 1082 2753 Baptismo
1111 2702 1227 2740 arceri
1256 2703 1374 2741 (leben
1386 2707 1413 2751 t;
1442 2709 1586 2755 postre-

99 2843 123 2881 ¹)
147 2842 210 2873 Tit.
234 2842 262 2873 3.
306 2842 377 2872 Act,
401 2842 429 2872 9.
475 2841 543 2872 Gal.
568 2841 596 2871 3.
641 2841 751 2872 Roma.
777 2842 804 2872 ss.
1017 2843 1042 2881 Ξ)
1067 2841 1183 2874 Matth.
1207 2841 1257 2875 28.

97 2898 123 2939 ⁸)
148 2899 238 2929 Rom.
263 2898 290 2930 6.
334 2897 435 2939 Ephe.
458 2898 487 2929 4.
532 2897 652 2929 Coloss.
677 2898 705 2929 3.
751 2897 831 2929 Heb.
858 2898 905 2930 lO.
