1830 3147
804 103 873 141 641
1302 102 1368 150 [A.
1395 101 1442 139 n.
1469 101 1580 150 1550]

51 215 150 250 novis
185 213 281 251 aliud
315 225 384 250 non
421 213 598 253 habemus.
629 224 731 260 quam
766 212 987 260 paulominus
1023 212 1154 248 factum
1180 223 1254 248 esse
1275 214 1316 248 ut
1341 211 1581 248 vintoniensis

51 268 253 311 liberaretur
277 276 319 318 ⁴),
344 287 436 311 nunc
463 287 623 321 magnum
649 278 705 310 est
729 273 772 309 de
797 274 859 310 illo
883 274 1057 310 silentium
1084 279 1120 309 et
1145 274 1234 308 sorte
1259 272 1337 309 loco
1361 285 1423 308 suo
1449 284 1581 319 perma-

48 338 156 374 nebit.
182 339 310 372 Caesar
332 335 591 385 quartadecima
618 335 711 371 lunii
737 336 839 372 liuius
862 335 1011 371 Colonia
1038 336 1236 381 Augustam
1262 346 1384 371 versus
1410 334 1520 371 movit
1539 339 1582 378 ⁵).

50 400 93 435 ln
130 411 204 434 mea
237 398 383 434 Polonia
421 397 560 433 turbata
586 403 670 433 sunt
694 398 821 439 omnia,
845 397 875 433 si
900 409 1049 444 unquam
1075 400 1189 434 antea.
1237 396 1426 432 Habentur
1449 400 1486 430 ct
1512 395 1582 431 illic

48 461 163 506 Regni
197 460 349 501 comitia,
372 459 417 494 ad
441 471 531 505 quae
556 459 694 494 circiter
718 459 830 495 decies
855 458 947 494 mille
971 458 1104 506 equites
1128 470 1171 493 ex
1197 457 1375 494 Nobilium
1408 456 1583 493 duntaxat

47 521 176 560 ordine.
201 524 240 555 ut
264 522 405 561 vocant,
426 522 666 555 convenerunt
692 531 814 566 resque
839 518 883 554 ad
909 519 1098 554 tumultum
1126 530 1266 565 prorsus
1292 522 1449 565 spectare
1461 529 1580 553 omnes

50 581 209 616 videntur
224 583 267 623 ⁶).
295 582 353 616 lta
377 580 541 617 videlicet
567 580 706 616 turbata
730 584 815 616 sunt
841 580 965 627 ubique
991 579 1105 616 omnia
1130 583 1165 614 et
1191 578 1275 614 nibil
1294 591 1436 626 usquam
1455 583 1582 615 tutum.

47 642 192 678 Oremus
217 641 407 677 Dominum
434 644 472 677 ut
496 645 613 677 servet
638 653 735 678 suam
760 641 967 683 Ecclesiam,
995 652 1126 688 nosque
1150 639 1270 676 fideles
1296 640 1390 676 illius
1406 639 1582 675 ministros

48 714 124 738 esse
150 702 245 739 velit.
272 701 370 744 Vale,
395 702 448 738 vir
472 703 712 749 integerrime!
735 709 772 738 et
797 715 850 738 me
875 706 972 738 certo
996 702 1114 737 futura
1141 700 1351 737 hebdomade
1371 705 1515 747 expecta
1539 706 1581 744 ⁷).

49 763 238 800 Lambetae
264 763 430 810 postridie
456 763 597 799 Ioannis
624 763 717 810 bapt.
748 764 852 799 Anno
877 763 971 798 1550
996 764 1056 804 (25
1084 762 1202 808 Iunii).

857 823 953 859 Tuae
978 823 1210 870 praestantiae
1233 821 1487 859 addictissimus

951 884 1007 920 10.
1033 883 1054 920 a
1079 884 1200 920 Lisco
1225 896 1271 919 m.
1296 895 1347 931 pr.

92 970 116 1006 ¹)
145 968 196 999 Sc.
230 968 327 999 Petro
357 967 514 1009 Martyre.
559 969 586 1007 ²)
613 967 755 1009 Sequens
787 978 836 1009 ep.
871 978 929 999 nos
958 967 1052 999 docet
1079 966 1175 999 Dom.
1209 966 1247 998 ab
1277 966 1400 998 Heidcc
1423 977 1487 998 una
1509 976 1581 998 cum

48 1022 187 1054 Volrade
220 1023 434 1054 Mansfeldico
463 1023 580 1054 comite
613 1025 645 1054 et
668 1023 694 1054 Ι.
717 1022 736 1054 a
759 1023 860 1054 Lasco
884 1033 1014 1054 causam
1038 1022 1276 1054 foederatorum
1299 1022 1499 1064 Principum,
1529 1032 1589 1062 qu5

46 1078 78 1109 in
103 1078 275 1109 Germania
306 1079 528 1110 reformationi
559 1079 720 1116 favebant,
753 1078 838 1120 apud
869 1078 1002 1119 Angliae
1034 1088 1142 1119 regem
1177 1078 1289 1119 egisse.
1318 1078 1369 1110 Cf.
1399 1078 1583 1115 LANGENN,

50 1136 148 1177 Kurf.
181 1135 300 1167 Moritz
332 1147 361 1168 v.
389 1135 503 1168 Samen.
530 1135 557 1167 I.
591 1136 664 1166 460.
698 1135 816 1173 HUME,
838 1135 926 1167 Hist.
950 1136 992 1174 of
1010 1134 1103 1176 Enyl.
1127 1134 1176 1166 ed.
1199 1134 1301 1172 Paris,
1326 1145 1357 1176 p.
1382 1133 1453 1172 357,
1477 1134 1528 1171 65,
1552 1136 1584 1164 et

46 1193 106 1234 Ep.
129 1193 180 1225 66.
203 1193 230 1232 ⁸)
254 1192 308 1223 Ius
330 1191 414 1223 sacri
435 1191 514 1224 min.
537 1191 709 1223 vernaculo
732 1201 879 1222 sermone
901 1190 1093 1222 instituendi
1116 1190 1240 1222 exsules
1257 1190 1427 1232 Belgarum
1445 1189 1587 1221 nondum

47 1248 220 1290 impetrare
243 1249 425 1289 potuerant.
449 1246 599 1278 Edictum
622 1245 713 1278 Edw.
737 1246 782 1278 VI
805 1246 835 1278 d.
860 1249 908 1278 est
930 1246 971 1277 24
992 1246 1069 1277 Iulii
1092 1245 1187 1277 huius
1211 1245 1297 1278 anni.
1334 1246 1362 1286 Δ)
1387 1246 1586 1282 mauman,

47 1303 88 1336 Β.
111 1304 154 1346 qs
176 1303 374 1335 Winohester.
398 1301 448 1334 Cf.
471 1301 614 1340 Sum,
637 1301 730 1334 Mem.
752 1301 795 1341 of
810 1301 891 1342 Abp.
918 1301 1077 1333 Cranmer.
1100 1312 1132 1343 p.
1155 1300 1311 1333 317-25.
1355 1301 1383 1341 ⁵)
1406 1301 1584 1341 Augustam

47 1360 189 1402 perrexit
211 1358 251 1391 ad
274 1358 305 1392 d.
329 1358 368 1390 25
391 1358 479 1390 Iunii
502 1357 534 1392 h.
558 1369 586 1391 a.
608 1358 635 1398 ⁶)
660 1357 712 1391 Cf.
734 1356 772 1388 de
796 1355 945 1388 Comitiis
969 1358 1014 1390 a⁰.
1038 1356 1121 1388 1550
1143 1356 1273 1389 habitis.
1296 1356 1403 1394 GRAY,
1432 1355 1540 1388 Geso-ll.
1556 1366 1585 1388 v.

50 1417 157 1448 Palen.
179 1415 207 1448 I.
229 1414 301 1448 417.
325 1415 428 1447 STAN.
452 1414 697 1453 Oarcnowsxr,
720 1413 805 1445 Ann.
829 1412 898 1446 Pol.
920 1413 1021 1447 Dant.
1044 1413 1135 1445 1643.
1159 1424 1190 1456 p.
1216 1412 1273 1444 131
1300 1423 1346 1454 sq.
1388 1412 1419 1452 ⁷)
1444 1412 1586 1444 Bueerus

46 1474 124 1505 tuuc
146 1471 372 1513 cantabrigiae
394 1469 590 1502 Professoris
613 1480 744 1502 munere
766 1469 970 1511 fungebatur.

53 1654 116 1692 N⁰.
140 1654 197 1693 67.
771 1651 887 1698 [lulogr.
905 1654 928 1685 in
941 1652 1010 1687 ,ξι-(ὴ.
1024 1652 1095 1687 [ond.
1108 1651 1170 1688 Eccl,
1181 1651 1251 1692 Belg,
1267 1651 1292 1688 L.
1301 1653 1324 1688 l.
1339 1651 1427 1686 (ἴοι-ά.
1443 1651 1491 1686 llb,
1507 1647 1583 1694 6:55]

587 1774 643 1810 Ad
670 1773 753 1811 1011.
778 1774 1057 1811 Uscmnovmn.

97 1895 239 1933 Domini
270 1894 381 1931 nostri
412 1894 545 1941 Hoperi
573 1895 599 1938 Ι)
633 1892 806 1930 adventus
840 1896 894 1929 est
927 1892 1009 1929 mihi
1042 1893 1182 1929 tuturus
1219 1889 1330 1927 multo
1355 1888 1584 1938 gratissimum

50 1969 151 2004 quem
184 1950 321 2004 alioqui
347 1967 423 1991 cras
457 1954 642 1992 convenire
679 1955 753 2002 ipse
790 1953 959 1991 volebam.
1009 1954 1165 2001 Optarim
1198 1955 1314 1988 autem
1340 1957 1375 1987 et
1400 1950 1585 1986 Dominam

53 2029 192 2054 uxorem
217 2020 247 2061 2)
274 2016 382 2063 ipsius
407 2028 476 2052 una
499 2016 634 2058 adesse,
657 2016 828 2064 siquidem
855 2015 919 2052 hoc
944 2015 995 2051 illi
1019 2016 1204 2051 molestum
1230 2026 1300 2050 non
1324 2015 1426 2048 esset.
1476 2012 1585 2058 Spero

51 2080 143 2115 enim
177 2079 313 2125 utrique
345 2078 483 2114 illorum
515 2083 666 2114 nostram
701 2078 907 2114 tenuitatem
932 2077 1192 2113 satisfacturam
1218 2087 1304 2112 esse.
1356 2075 1542 2110 Caeterum
1568 2085 1589 2108 a

52 2138 196 2187 prandio
230 2139 296 2174 erit
330 2139 499 2180 fortassis,
530 2138 624 2186 quod
651 2150 731 2175 cum
756 2138 909 2174 Domino
933 2138 1077 2184 Hopero
1103 2137 1351 2184 colloquamur,
1377 2136 1426 2171 ita
1451 2138 1492 2170 ut
1517 2146 1586 2170 non

51 2201 96 2236 sit
121 2199 210 2235 forte
234 2198 451 2234 commodum
477 2200 633 2235 futurum
659 2199 728 2235 alia
753 2201 903 2235 tractare
927 2197 971 2233 de
987 2201 1127 2234 nostrae
1144 2197 1319 2233 Ecclesiae
1336 2195 1451 2237 rebuS,
1467 2196 1586 2242 itaque

52 2264 211 2308 putarem
245 2259 367 2295 melius
404 2261 488 2300 fore.
521 2263 562 2295 ut
595 2271 670 2296 cras
706 2259 749 2295 ad
783 2259 899 2295 horam
925 2263 1084 2295 octavam
1109 2271 1208 2295 mane
1234 2258 1270 2294 in
1295 2256 1439 2293 aedibus
1464 2255 1589 2291 vestris

50 2322 306 2363 conveniamus,
330 2323 433 2369 atque
458 2321 543 2356 illuc
566 2319 610 2357 ad
634 2332 696 2356 vos
721 2320 931 2358 conveniant
954 2320 1116 2356 clariores
1131 2320 1309 2367 utriusque
1329 2317 1494 2354 eeclesiae
1508 2316 1585 2357 viri,

55 2382 114 2419 ubi
147 2381 296 2423 demum,
328 2381 499 2418 confectis
534 2380 636 2417 rebus
666 2381 842 2422 ecclesiae,
877 2393 945 2417 una
970 2392 1048 2417 cum
1072 2380 1224 2416 Domino
1253 2380 1393 2425 Hopero
1418 2377 1462 2413 ad
1487 2388 1588 2424 pran-

54 2444 150 2481 dium
184 2442 302 2479 venire
337 2454 515 2490 possemus
549 2445 731 2490 totumque
766 2442 856 2478 diem
890 2442 1060 2490 reliquum
1095 2441 1247 2477 Domino
1280 2439 1422 2486 Hopero
1454 2437 1589 2473 eteius

55 2504 238 2552 colloquiis
269 2503 361 2540 dare.
407 2503 513 2542 Quod
548 2503 576 2539 si
610 2503 644 2539 id
682 2503 778 2539 vobis
804 2515 873 2539 non
898 2502 1067 2544 videatur,
1093 2514 1164 2538 non
1190 2499 1418 2548 gravabimini
1445 2497 1480 2534 id
1506 2498 1589 2534 mihi

57 2564 219 2602 indicare.
252 2563 288 2600 Si
322 2575 402 2600 vero
435 2564 483 2599 ita
515 2563 588 2600 fieri
622 2562 768 2611 placcat,
804 2566 844 2599 ut
877 2564 1010 2611 scripsi,
1036 2566 1110 2598 tum
1136 2561 1222 2598 nihil
1248 2572 1334 2608 opus
1358 2562 1412 2596 est
1436 2557 1589 2594 indicare

58 2624 256 2673 quidquam.
297 2625 388 2661 Nam
413 2625 442 2660 si
466 2623 552 2659 nihil
576 2623 678 2660 huius
701 2635 720 2659 a
745 2622 844 2660 vobis
868 2623 969 2660 hodie
992 2622 1172 2669 accipiam,
1197 2632 1273 2657 cras
1299 2619 1383 2656 hora
1407 2622 1532 2655 octava
1556 2619 1592 2655 in

57 2685 203 2723 aedibus
237 2686 362 2722 vestris
396 2684 512 2728 ader0,
547 2695 616 2732 quo
649 2689 685 2721 et
719 2684 806 2722 alios
831 2685 983 2732 collegas
1009 2696 1103 2720 meos
1128 2693 1321 2719 convocare
1345 2681 1505 2728 potestis.
1530 2682 1592 2726 (m.

56 2747 152 2783 Iunii
176 2747 296 2789 1550).
931 2744 1170 2781 deditissimus
1196 2743 1248 2780 Io.
1273 2741 1295 2779 a
1320 2742 1452 2779 Lasco.

98 2854 124 2896 ¹)
147 2855 199 2889 Sc.
231 2855 367 2890 Ioannes
391 2857 552 2900 Hoperus‚
575 2859 652 2889 tunc
674 2857 784 2900 Episc.
805 2855 1079 2889 Worcestriensis.
1103 2855 1142 2888 V.
1164 2854 1233 2887 eius
1256 2853 1296 2886 ad
1325 2853 1362 2886 1..
1391 2852 1485 2895 epist.
1508 2852 1594 2884 PAR-

57 2918 126 2944 xm
148 2912 220 2945 Soc.
242 2923 273 2946 0.
295 2913 317 2947 1.
339 2913 365 2948 Ι.
390 2914 462 2946 101.
500 2914 528 2954 ²)
553 2915 653 2945 ANNA
676 2922 721 2945 nn
743 2914 976 2951 'rsoumcma
1001 2922 1029 2944 v.
1052 2910 1137 2944 haud
1161 2920 1279 2953 paucas
1302 2909 1371 2941 eius
1394 2907 1490 2950 epist.
1512 2907 1598 2940 PAR-

1385 2966 1430 3012 4),
