1830 3147
215 106 288 144 118

221 216 350 263 fuisse,
383 216 603 269 priusquam
630 215 796 267 typicam
825 229 931 254 suam
958 215 1220 268 promissionis
1249 218 1386 255 terram
1414 216 1533 255 oculis
1561 218 1638 256 suis
1665 230 1757 256 con·

221 281 384 334 speoturi
410 284 545 328 essent,
582 280 910 333 admonebantque
936 284 1125 333 praeterea
1151 280 1259 318 illum
1285 281 1478 333 populum,
1516 285 1555 320 ut
1582 282 1631 320 ad
1657 296 1756 321 eme-

218 347 385 387 tiendum
422 346 495 385 iter
528 346 624 384 illud
660 345 852 385 accinctus
890 359 1033 398 semper
1070 346 1337 398 expeditusque
1365 351 1474 393 esset,
1502 346 1685 398 siquidem
1713 362 1755 387 co

220 411 412 464 pervenire
432 411 756 460 vel-(146)let;—
774 411 827 449 ita
853 414 890 449 et
918 424 1020 449 nunc
1048 411 1210 449 alienum
1237 410 1276 448 id
1304 425 1324 449 a
1353 411 1463 449 nobis
1491 412 1651 451 maxime
1677 426 1758 452 esse

220 480 380 529 oportet,
405 479 448 514 ut
476 475 712 515 observatum
743 489 764 514 a
794 476 944 514 Christo
973 475 1137 514 Domino
1167 476 1318 528 eiusque
1346 477 1494 515 demum
1521 477 1633 515 etiam
1652 479 1758 530 Apo-

220 542 327 579 stolis
364 553 581 578 consessum
618 541 660 579 in
698 541 823 579 Coena
866 540 956 579 novi
998 541 1215 579 testamenti
1254 541 1385 593 ipsius,
1421 555 1557 580 vanum
1594 543 1756 582 otiosum

220 605 397 657 omnique
439 605 618 656 mysterio
655 617 814 644 vacuum
852 619 932 644 esse
966 605 1230 655 imaginemur.
1285 606 1358 643 Sed
1394 609 1450 644 est
1484 606 1610 658 potius
1647 607 1758 646 nobis

221 684 366 709 summa
400 669 583 720 religione
619 670 894 709 observandum
934 670 1045 719 longe
1072 671 1436 722 praestantissimum
1462 671 1557 710 illud
1584 673 1758 724 plenum-

221 748 292 788 que
329 748 494 773 summae
529 735 800 774 consolationis
835 735 1056 786 mysterium
1085 739 1236 774 nostrae
1262 735 1337 773 iam
1365 736 1501 787 quietis
1527 737 1568 775 in
1596 737 1760 785 Christo,

217 800 413 853 ipsiusmet
449 800 591 838 Christi
627 800 782 838 Domini
819 800 943 838 verbis
980 800 1091 838 nobis
1130 800 1443 839 commendatum.
1498 801 1643 853 Nempe
1679 816 1758 841 non

220 880 299 905 esse
336 866 446 904 nobis
470 865 630 917 amplius
660 878 744 903 cum
771 865 921 903 Iudaeis
950 865 1204 917 quaerendum
1234 864 1327 903 alibi
1354 865 1395 903 in
1421 865 1531 903 terris
1559 866 1668 904 aliam
1697 867 1758 904 ul·-

218 931 295 969 lam
321 929 580 982 promissionis
607 934 767 977 terram3
797 929 859 968 sed
888 943 957 967 nos
984 929 1059 967 iam
1086 943 1151 981 per
1177 929 1369 967 Christum
1390 928 1606 977 Dominum,
1630 943 1758 968 verum

219 999 390 1033 nostrum
418 995 543 1041 Iosue,
579 994 710 1032 mortis
748 1007 835 1032 suae
863 994 996 1032 merito
1023 994 1063 1032 in
1093 1008 1177 1032 vera
1205 993 1468 1045 promissionis
1496 998 1593 1032 terra
1621 995 1760 1043 (salute

218 1060 392 1098 videlicet
421 1063 549 1097 nostra
577 1060 746 1107 aeterna)
776 1059 991 1105 collocatos,
1018 1058 1180 1097 residere
1207 1059 1283 1096 iam
1310 1072 1537 1110 prorsusque
1565 1059 1757 1111 quiescere

217 1124 362 1170 debere,
397 1124 585 1162 intuentes
621 1128 799 1175 perpetuo
836 1124 1012 1162 meritum
1047 1124 1178 1162 mortis
1215 1127 1250 1161 et
1284 1123 1570 1162 resurrectionis
1615 1123 1757 1163 Christi

218 1203 261 1228 ac
289 1190 466 1228 donatam
494 1189 605 1227 nobis
631 1189 794 1239 gratuito
824 1189 1024 1226 salutarem
1052 1189 1154 1226 illius
1184 1189 1498 1234 communionem,
1527 1188 1632 1227 cuius
1652 1189 1757 1240 equi-

216 1254 299 1292 dem
345 1254 420 1292 vim
457 1267 500 1291 ae
535 1253 757 1303 dignitatem
793 1253 966 1304 publicus
1006 1258 1137 1291 noster
1173 1253 1214 1290 in
1250 1253 1397 1291 Coenae
1430 1253 1652 1291 Dominicae
1684 1266 1756 1292 usu

216 1332 413 1357 consessus
459 1318 632 1368 symbolo
677 1317 786 1355 nobis
830 1330 898 1355 suo
934 1317 1134 1356 adumbrat
1178 1321 1374 1355 attestatur
1420 1321 1456 1356 et
1497 1317 1757 1363 commendat,

215 1389 398 1437 quatenus
437 1397 525 1422 sane
563 1384 728 1421 Coenam
762 1382 917 1420 Domini
946 1387 1095 1421 nostrae
1124 1395 1206 1420 cum
1237 1382 1387 1420 Christo
1418 1382 1691 1421 communionis
1719 1386 1755 1421 et

213 1448 372 1501 proinde
408 1452 558 1487 nostrae
598 1461 746 1499 quoque
782 1447 822 1485 iu
855 1447 923 1485 illo
952 1447 1089 1498 quietis
1118 1452 1259 1486 certum
1287 1461 1330 1485 ac
1356 1449 1467 1496 (147)
1497 1448 1659 1486 salutare
1687 1448 1754 1486 ob-

215 1514 451 1564 signaculum
493 1526 573 1552 esse
609 1514 714 1551 iuxta
751 1512 830 1550 eius
868 1513 1143 1551 institutionem
1181 1526 1258 1550 non
1294 1512 1522 1552 dubitamus.
1583 1513 1631 1551 Id
1667 1526 1754 1552 vero

215 1579 246 1617 si
282 1579 348 1630 qui
384 1592 508 1617 secum
545 1578 671 1616 animo
711 1578 926 1616 Christiano
964 1578 1189 1629 perpendere
1227 1578 1364 1624 volent,
1394 1578 1503 1616 facile
1530 1578 1757 1628 intelligent,

213 1657 282 1682 nos
318 1644 357 1681 in
396 1643 632 1681 observando
670 1642 767 1680 circa
805 1642 951 1680 Coenae
986 1655 1098 1680 usum
1135 1655 1311 1680 consessu
1348 1642 1498 1693 publico
1535 1642 1575 1681 in
1615 1644 1755 1682 nostris

215 1708 393 1747 Ecclesiis
437 1708 576 1746 iustam
613 1708 702 1746 satis
740 1707 860 1746 nostri
903 1707 1050 1745 consilii
1089 1707 1274 1746 rationem
1311 1712 1490 1759 sequutos
1527 1721 1618 1753 esse,
1655 1709 1755 1747 facta

215 1773 324 1812 nobis
362 1773 580 1824 praesertim
616 1775 813 1824 potestate,
850 1775 890 1810 ut
929 1771 1069 1809 Christi
1103 1771 1258 1810 Domini
1295 1771 1505 1810 doctrinam
1544 1772 1604 1810 hic
1641 1779 1755 1824 atque

216 1838 482 1890 Apostolorum
514 1836 813 1876 observationem
843 1850 1091 1888 sequeremur.

265 1902 457 1940 Praeterea
494 1901 573 1952 ipsa
617 1901 729 1939 etiam
776 1901 921 1938 Coenae
956 1913 1000 1938 ac
1035 1914 1185 1939 mensae
1221 1900 1441 1939 Dominicae
1479 1914 1599 1947 voees,
1636 1902 1754 1941 Paulo

216 1967 356 2018 alioqui
393 1966 576 2017 Apostolo
615 1965 832 2011 familiares,
869 1978 1085 2004 consessum
1119 1965 1260 2017 potius,
1296 1979 1408 2017 quam
1449 1970 1513 2004 aut
1554 1967 1754 2005 stationem

218 2031 521 2082 genuflexionem
564 2035 628 2069 aut
674 2029 969 2069 ambulationem
1015 2030 1202 2082 requirere
1247 2030 1432 2069 videntur.
1495 2030 1618 2069 Nemo
1655 2032 1755 2069 enim

218 2096 288 2135 hac
324 2097 391 2135 fini
428 2109 580 2134 coenam
618 2100 681 2134 aut
718 2095 933 2134 convivium
970 2109 1126 2147 usquam
1163 2095 1329 2134 instituit
1366 2109 1485 2147 neque
1531 2097 1620 2135 item
1662 2110 1754 2135 con-

218 2161 322 2199 vivas
357 2161 410 2200 ita
444 2160 583 2212 excipit
619 2160 840 2212 quisquam,
886 2163 949 2206 ut,
992 2160 1057 2212 qui
1094 2160 1267 2199 convivio
1304 2164 1390 2198 sunt
1424 2160 1649 2207 adhibendi,
1687 2165 1752 2199 aut

219 2231 315 2265 stare
360 2230 424 2265 aut
468 2225 660 2264 ambulare
700 2230 764 2263 aut
807 2225 1098 2275 genuflectentes
1139 2225 1331 2263 convivari
1372 2225 1552 2272 debeant,
1589 2226 1653 2264 sed
1690 2239 1753 2264 ac-

221 2291 394 2330 cumbere
440 2289 677 2329 considereve
721 2290 898 2328 iubentur
943 2290 1122 2328 convivae
1168 2303 1320 2337 omneS,
1364 2294 1406 2328 ut
1445 2289 1660 2341 compositis
1705 2290 1752 2328 ad

221 2357 381 2408 quietem
421 2361 457 2395 et
501 2358 719 2409 corporibus
756 2362 791 2396 et
825 2357 962 2395 animis
997 2358 1137 2409 pariter
1174 2371 1302 2396 omnes
1339 2358 1548 2409 epulentur.
1615 2357 1751 2395 Minis-

222 2426 365 2460 trorum
394 2426 461 2470 est,
489 2436 566 2461 non
597 2423 852 2468 convivarum,
889 2423 1026 2461 mensis
1062 2423 1210 2461 adstare
1246 2427 1309 2461 aut
1338 2422 1477 2460 circum
1504 2421 1588 2459 illas
1616 2422 1750 2460 ambu-

221 2486 310 2531 lare,
352 2491 387 2525 et
422 2488 631 2536 genuflexio
666 2488 712 2526 ad
748 2487 877 2526 altaris
915 2487 1038 2525 adhuc
1075 2488 1322 2526 ministerium
1366 2487 1514 2538 potius,
1557 2499 1667 2537 quam
1703 2486 1750 2525 ad

224 2564 360 2589 coenae
395 2556 614 2602 apparatum
652 2552 799 2590 videtur
833 2552 1040 2603 pertinere,
1074 2552 1162 2599 ubi,
1203 2553 1290 2590 dum
1327 2553 1437 2601 (148)
1478 2551 1649 2589 victimae
1682 2565 1751 2603 pro

220 2614 359 2666 populo
406 2614 667 2663 offerebantur,
705 2620 790 2654 vota
827 2629 976 2667 quoque
1012 2616 1118 2654 flexis
1155 2617 1313 2666 genibus
1350 2615 1500 2663 fiebant,
1537 2620 1576 2653 ut
1610 2615 1750 2654 oblatio

220 2683 484 2730 acceptaretur.
541 2681 590 2717 At
630 2693 716 2718 vero
753 2681 899 2718 nullum
935 2680 1094 2731 amplius
1130 2681 1170 2718 in
1198 2680 1306 2719 terris
1333 2680 1449 2717 altare
1477 2680 1583 2717 novit
1611 2680 1752 2718 Christi

223 2743 405 2788 Ecclesia,
448 2747 576 2794 estque
612 2744 725 2794 longe
761 2745 833 2783 alia
869 2757 1083 2783 mensarum
1119 2758 1162 2782 ac
1199 2745 1468 2790 conviviorum,
1505 2749 1546 2782 ut
1580 2749 1636 2782 est
1671 2744 1750 2782 dic-

221 2813 315 2853 tum,
343 2811 378 2846 et
405 2798 562 2859 proinde
585 2809 730 2847 Coenae
757 2822 907 2860 quoque
931 2808 1164 2856 Dominicae,
1191 2822 1302 2860 quam
1330 2808 1458 2862 alta-ris
1484 2808 1593 2847 ratio,
1624 2808 1749 2847 Quam

221 2886 310 2911 sane
345 2876 523 2924 sequutus
559 2873 697 2911 Paulus
731 2874 872 2925 epulari
908 2886 978 2912 nos
1013 2873 1119 2912 iubet
1153 2877 1196 2913 ut
1225 2874 1414 2921 convivas,
1440 2886 1482 2912 eo
1510 2873 1614 2924 quod
1641 2886 1750 2912 verus
