1830 3147
28 1733 116 1763 ioan.
140 1735 168 1765 6.

29 1775 127 1807 Hebr.
151 1777 181 1807 2.

26 1817 158 1858 Ephesi.
181 1818 209 1849 5.

28 1859 131 1901 Ephe.
156 1861 182 1898 l,
206 1861 235 1890 4.

32 1901 46 1931 l
74 1901 161 1938 Ioan,
185 1902 213 1932 ἱ).

30 1944 121 1975 Hom.
145 1945 174 1976 3.

30 1986 131 2026 Ephe.
154 1987 183 2017 1.

29 2028 152 2060 Uoloss.
176 2028 203 2059 1.

31 2069 130 2102 Hebr.
155 2071 183 2101 1.

33 2112 48 2143 l
74 2112 145 2144 Pet.
167 2113 196 2143 1.

33 2155 48 2184 l
74 2154 147 2185 Cor.
173 2155 200 2185 1.

32 2197 50 2226 2
75 2197 148 2227 Cor.
172 2197 200 2227 5.

32 2238 121 2269 Ioan.
145 2240 173 2276 6,
197 2240 226 2276 S,

314 139 387 177 470
787 145 961 172 cyrnon.
994 146 1100 173 13ch.
1132 145 1246 174 LoND.

892 377 1032 414 Interr.
1061 379 1149 415 242.

369 439 576 478 Quomodo
605 444 715 478 sonat
744 439 887 478 Christi
916 440 961 478 de
990 453 1107 478 coena
1135 441 1354 479 institutio?

960 505 1074 556 Resp.

367 568 554 606 Dominus
591 572 720 607 noster
754 569 795 607 in
831 582 905 620 qua
941 575 1051 607 nocte
1088 570 1321 615 tradebatur,
1357 571 1501 622 accepit
1527 583 1661 621 panem
1689 574 1725 609 et

314 633 456 682 gratias
484 646 599 681 agens
628 633 734 681 (881³)
771 634 885 683 fregit
922 638 958 672 et
996 633 1114 672 dixit:
1153 635 1325 686 Accipite
1360 639 1396 673 et
1432 634 1625 682 comedite,
1653 635 1726 672 hoc

316 702 371 734 est
401 710 535 747 corpus
563 710 697 739 meum,
724 697 824 746 quod
851 709 920 747 pro
948 697 1056 734 vobis
1076 697 1253 736 traditur.
1283 698 1464 736 Similiter
1483 703 1519 736 et
1535 696 1724 749 poculum,

315 765 513 812 postquam
543 768 775 805 coenaverat,
794 760 943 798 dicens:
965 761 1092 799 Bibite
1109 774 1238 799 omnes
1256 775 1300 800 ex
1319 762 1398 800 illo.
1428 762 1504 799 Hic
1523 762 1620 799 calix
1637 761 1725 800 novi

315 825 531 862 testamenti
559 830 614 862 est
640 824 679 862 in
709 838 791 861 meo
821 825 1019 873 sanguine,
1047 826 1112 876 qui
1140 839 1207 876 pro
1238 826 1345 863 vobis
1374 833 1410 863 et
1440 826 1567 863 multis
1596 825 1724 863 fundi·

314 893 375 926 tur
403 889 441 925 in
469 889 727 926 remissionem
756 894 1010 939 peccatorum,
1040 889 1111 926 hoc
1140 890 1265 936 facite,
1293 890 1590 940 quotiescunque
1618 889 1725 927 bibe-

315 953 396 991 ritis
424 967 506 991 euin
537 954 574 992 in
606 954 676 991 mei
706 953 1114 993 commemorationem.

891 1147 1032 1185 Interr.
1061 1149 1148 1185 243.

365 1212 412 1249 In
441 1225 551 1262 quem
580 1211 742 1249 maxime
770 1213 880 1248 finem
910 1224 1026 1249 coena
1056 1210 1211 1248 Domini
1238 1211 1412 1250 instituta
1440 1215 1528 1250 est?

959 1276 1072 1327 Hesp.

365 1343 492 1380 Primo
528 1342 615 1379 loco
651 1345 692 1378 ut
730 1340 948 1390 designaret
976 1340 1088 1378 nobis
1118 1340 1422 1378 communionem
1452 1342 1528 1379 veri
1556 1342 1723 1393 eorporis

314 1413 426 1459 atque
454 1405 652 1454 sanguinis
681 1408 784 1453 (89³)
814 1405 973 1450 Christi,
999 1410 1041 1442 ut
1068 1410 1103 1442 et
1132 1405 1300 1442 omnium
1328 1406 1519 1443 fructuum
1549 1411 1585 1444 et
1601 1406 1721 1444 dono·

314 1486 398 1511 rum
428 1484 584 1522 corpore
611 1474 647 1508 et
672 1470 856 1518 sanguine
883 1469 1004 1520 ipsius
1031 1470 1143 1507 nobis
1174 1475 1493 1521 comparatorum.

889 1535 1030 1572 Interr.
1060 1537 1146 1572 244.

363 1601 477 1640 Unde
504 1601 577 1638 hoc
603 1599 766 1651 probas?

956 1663 1071 1714 Resp.

364 1732 423 1769 Ex
466 1729 667 1781 ipsissimis
703 1729 851 1766 Coenae
884 1727 1024 1774 verbis,
1057 1728 1097 1765 in
1134 1728 1273 1779 quibus
1311 1729 1383 1765 hoc
1421 1729 1517 1766 clare
1546 1729 1724 1767 cernitur.

314 1796 394 1833 Ubi
429 1795 530 1832 enim
566 1793 714 1831 iusserit
750 1806 820 1830 nos
859 1806 994 1844 corpus
1031 1806 1140 1830 suum
1177 1793 1405 1830 manducare
1440 1798 1476 1831 et
1504 1793 1726 1842 sanguinem

316 1875 425 1900 suum
453 1859 595 1903 bibere,
620 1859 648 1896 i.
676 1871 708 1896 e,
738 1857 812 1895 fide
840 1861 1020 1908 operante
1049 1857 1175 1894 cibum
1203 1862 1374 1895 nostrum
1402 1858 1442 1896 in
1470 1858 1585 1896 vitam
1606 1863 1726 1896 aeter-

317 1939 401 1963 nam
441 1938 460 1962 e
498 1936 654 1974 corpore
688 1927 724 1959 et
753 1922 938 1971 sanguine
964 1921 1081 1972 ipsius
1111 1935 1265 1967 sumere,
1297 1923 1423 1959 statim
1455 1922 1561 1960 addit
1593 1923 1726 1973 nquod

315 2002 383 2041 pro
421 1988 530 2025 vobis
565 1986 769 2030 traditur,’'
809 1985 906 2036 aqui
940 1999 1009 2036 pro
1046 1986 1154 2023 vobis
1192 1981 1402 2030 funditur,''
1430 1986 1570 2037 quibus
1600 1987 1725 2025 verbis

317 2054 530 2103 significare
559 2052 653 2092 vult,
680 2064 754 2101 quo
781 2055 950 2101 tempore
979 2051 1127 2101 corpori
1155 2054 1267 2101 atque
1295 2051 1472 2099 sanguini
1499 2051 1618 2102 ipsius
1640 2065 1726 2103 par-

317 2119 514 2170 ticipemus
550 2117 751 2167 (quoniam
787 2116 861 2153 fide
896 2129 981 2153 caro
1020 2129 1066 2153 ex
1094 2116 1213 2167 ipsius
1242 2129 1352 2154 carne
1380 2120 1415 2154 et
1444 2129 1529 2154 ossa
1557 2130 1602 2155 ex
1631 2117 1726 2155 ossi-

319 2183 390 2220 bus
425 2182 557 2233 ipsius,
584 2181 647 2218 ille
676 2184 787 2231 caput
816 2185 1002 2223 nostrum,
1030 2192 1099 2218 nos
1128 2183 1252 2217 autem
1279 2180 1448 2217 membra
1474 2180 1592 2230 ipsius
1620 2176 1727 2229 (89¹³)

319 2249 479 2293 sumus),
523 2259 565 2283 eo
601 2251 770 2296 tempore
806 2257 876 2282 nos
913 2244 1139 2295 participare
1174 2245 1287 2282 etiam
1323 2244 1369 2282 iis
1407 2244 1597 2289 omnibus,
1632 2258 1727 2296 quae

320 2310 503 2350 sacrificio
532 2323 599 2348 sno
627 2313 740 2360 atque
769 2309 967 2359 sanguinis
995 2308 1175 2347 effusione
1202 2309 1358 2360 adeptus
1387 2312 1456 2356 est,
1483 2322 1614 2361 nempe
1642 2322 1726 2347 cum

319 2376 399 2413 Deo
436 2374 796 2417 reconciliationem,
831 2377 1071 2424 peccatorum
1108 2373 1381 2419 remissionem,
1407 2373 1585 2412 iustitiam
1617 2377 1726 2424 atque

318 2440 434 2477 vitam
460 2442 662 2477 aeternam.

896 2502 1033 2541 Interr.
1063 2505 1149 2541 245.

372 2569 569 2606 Quaenam
595 2570 787 2618 praeterea
815 2579 927 2604 causa
955 2566 1028 2604 fuit
1056 2567 1202 2605 Coenae
1229 2567 1506 2605 institutionis?

970 2631 1083 2682 Resp.

313 2716 315 2719 ·
371 2697 586 2734 Admonere
621 2708 702 2733 eam
738 2699 850 2745 atque
876 2695 1035 2733 incitare
1063 2708 1133 2733 nos
1162 2708 1301 2742 omnes,
1330 2695 1395 2746 qui
1423 2688 1629 2742 credamus,
1656 2710 1725 2734 nos

321 2773 450 2798 omncs
487 2760 597 2797 simul
633 2772 768 2809 corpus
806 2758 949 2796 Christi
985 2772 1079 2803 esse,
1115 2765 1157 2796 ut
1192 2759 1355 2810 idipsum
1391 2760 1502 2796 etiam
1530 2759 1628 2798 inter
1656 2774 1726 2799 nos

320 2823 481 2862 invicem
517 2823 762 2868 declaremus,
796 2822 912 2874 inque
940 2823 1043 2860 omni
1070 2824 1309 2870 liberalitate,
1335 2823 1635 2871 mansuetudine,
1662 2838 1727 2864 co-

322 2889 463 2935 mitate,
488 2888 668 2940 patientia
695 2892 806 2939 atque
834 2887 1036 2925 dilectione
1062 2887 1102 2926 in
1130 2888 1225 2926 alios
1246 2888 1308 2926 alii
1324 2888 1377 2926 ita
1399 2888 1604 2927 sentiamus
1622 2891 1726 2941 (90³)
