1830 3147
9 292 15 300 ⁷
59 279 150 311 Ioad.
175 279 204 310 8.

60 321 78 352 1
103 321 205 352 Timo.
230 323 259 353 4.

59 364 150 396 Ioan.
173 364 224 395 20.

62 724 136 755 Esa.
159 724 212 754 46.

62 766 178 797 lerem.
203 766 253 796 32.

63 809 80 839 l
104 808 193 840 Ioan.
215 810 245 838 4.

61 850 147 882 Psal.
172 851 222 881 55.

62 893 182 925 Hebre.
206 893 255 924 13.

75 1774 90 1805 1
117 1773 192 1806 Cor.
218 1773 245 1804 1.

84 2548 196 2577 Roma.
220 2546 249 2576 1.

83 2589 157 2621 Pro.
183 2588 232 2620 19.

28 2864 34 2865 ⁷
87 2861 177 2894 Ioan,
200 2861 228 2899 1,
252 2861 281 2891 6.

344 144 418 180 412
821 150 994 178 CATECH.
1024 151 1132 178 Ecct.
1164 149 1277 177 LOND.

346 255 516 293 omnium
546 258 815 301 creaturarum,
843 254 1093 292 nihilomiuus
1123 258 1247 292 tamen
1276 256 1382 304 pater
1409 252 1671 291 tantummodo
1701 255 1758 289 cst

345 320 527 365 fidelium,
564 319 629 370 qui
667 332 750 357 eum
786 319 826 357 in
864 319 944 357 filio
982 332 1048 356 suo
1077 322 1301 369 agnoscant,
1329 318 1440 356 fidem
1468 318 1508 355 in
1537 317 1619 368 ipso
1649 330 1758 368 repo-

348 391 453 430 nant,
480 385 640 423 timeant
668 398 751 422 cum
780 389 893 435 atque
922 384 1095 433 diligant.

926 450 1065 488 Interr.
1097 452 1183 491 127.

399 515 504 554 Quid
550 515 823 553 consolationis
869 514 981 552 nobis
1026 513 1141 560 affert,
1188 514 1282 552 scire
1320 527 1389 552 nos
1426 514 1546 552 Deum
1588 516 1759 551 nostrum

347 580 646 632 omnipotentem
675 581 782 619 esse?
813 581 917 629 (46³)

995 645 1107 696 ‚Resp.

400 711 440 747 Si
478 709 551 747 fide
587 709 627 746 id
665 709 998 760 apprehendimus,
1032 714 1171 747 certam
1209 709 1413 760 accipimus
1450 707 1763 751 consolationem,

348 775 503 812 firmiter
531 769 603 811 nos
629 774 724 824 ipSO,
751 774 811 811 cui
840 787 950 811 nemo
980 773 1154 811 resistere
1180 779 1317 825 potest,
1344 773 1415 811 niti
1442 786 1564 824 posse,
1592 772 1657 823 qui
1685 785 1761 810 non

350 839 474 876 solum
507 852 575 889 pro
612 843 769 889 paterna
807 851 873 875 sua
909 838 1107 875 clementia
1137 839 1229 883 vult,
1257 838 1321 875 sed
1349 838 1461 875 etiam
1490 851 1557 888 pro
1587 837 1761 887 omnipo-

349 904 444 941 tenti
491 916 557 940 sua
600 903 769 953 potentia
813 906 937 953 potest
975 903 1062 940 dare
1108 903 1218 940 nobis
1257 902 1527 940 haereditatem
1567 906 1602 939 et
1639 901 1763 939 omni-

352 969 421 1005 bus
468 967 590 1005 modis
638 967 797 1005 ubilibet
835 971 871 1005 et
909 967 1137 1018 quandoque
1172 967 1273 1013 velit,
1311 967 1527 1011 subvenire,
1555 968 1624 1003 sub
1660 966 1764 1003 cuius

350 1033 466 1082 igitur
499 1032 692 1081 tegumine
729 1032 849 1070 securi
886 1046 1014 1070 smnus
1051 1038 1088 1072 et
1124 1032 1212 1070 laeti
1248 1032 1425 1070 omnibus
1454 1031 1635 1070 creaturis
1665 1031 1764 1069 valc-

351 1098 473 1135 dicere
499 1108 712 1148 possumus,

931 1160 1070 1198 Interr.
1102 1162 1188 1198 128.

405 1226 521 1265 Quod
558 1225 590 1263 si
627 1225 728 1262 Deus
765 1225 951 1263 Dominus
985 1231 1060 1262 tam
1098 1224 1339 1275 omnipotens
1374 1224 1529 1261 omnino
1561 1224 1670 1260 Pater
1698 1228 1766 1265 cst,

355 1304 421 1328 our
449 1290 608 1329 subinde
637 1303 726 1327 suos
754 1289 917 1340 opprimi
944 1289 1048 1333 sinit,
1076 1302 1197 1339 neque
1225 1288 1412 1326 succurrit
1437 1288 1511 1325 iis?

998 1353 1111 1403 Resp.

408 1420 607 1470 Propterea
656 1432 732 1456 non
779 1418 904 1456 minus
951 1417 1058 1466 (46¹³)
1105 1418 1344 1468 omnipotens
1395 1417 1503 1454 Pater
1554 1417 1768 1461 habebitur,

358 1484 458 1535 quod
497 1483 657 1521 subinde
694 1483 769 1520 talc
804 1482 894 1533 quid
932 1483 1018 1526 fert,
1057 1495 1132 1519 non
1169 1482 1278 1533 quasi
1315 1482 1393 1520 suis
1430 1495 1539 1532 opem
1576 1482 1671 1519 ferre
1700 1493 1769 1518 uec

362 1550 449 1587 velit
495 1562 561 1586 ncc
605 1549 736 1600 possit,
782 1548 844 1585 sed
884 1547 1041 1591 idcirco,
1090 1547 1177 1597 quia
1232 1546 1278 1584 ad
1317 1546 1482 1584 nominis
1520 1546 1579 1584 sui
1621 1545 1770 1583 laudem

360 1620 396 1652 et
433 1627 563 1651 eorum
592 1614 750 1651 salutem
780 1626 857 1650 non
884 1612 993 1650 aliter
1022 1612 1211 1650 convenit.
1268 1611 1509 1661 Quamquam
1537 1610 1636 1648 enim
1667 1611 1770 1647 carni

360 1680 467 1716 iuxta
503 1678 689 1715 carnalem
719 1690 824 1714 suam
853 1670 1171 1726 exspectationem
1201 1680 1237 1713 et
1265 1675 1509 1726 cupiditatem
1540 1674 1771 1712 contrarium

360 1757 440 1781 esse
484 1743 644 1787 videtur,
695 1741 850 1793 spiritus
896 1741 982 1778 fidei
1018 1744 1144 1778 tamen
1191 1753 1368 1791 praesens
1407 1752 1550 1790 semper
1586 1739 1771 1777 auxilium

361 1808 616 1860 deprehendit.

941 1871 1078 1908 Interr.
1112 1873 1195 1908 129.

412 1939 472 1975 An
504 1937 596 1975 satis
624 1941 692 1981 est,
723 1937 766 1974 de
794 1936 905 1973 Patre
933 1935 1095 1980 credere,
1122 1933 1438 1985 quemadmodum
1468 1934 1610 1971 dictum
1639 1935 1721 1971 est?

864 2108 873 2112 ,
1010 2065 1120 2115 Resp.

416 2133 484 2170 Est
521 2131 672 2183 quidem
709 2131 811 2177 satis,
842 2129 1044 2169 dummodo
1073 2129 1125 2166 ita
1163 2128 1404 2180 accipiamus,
1434 2133 1472 2166 ut
1500 2128 1538 2166 in
1568 2141 1651 2165 eum
1679 2142 1773 2179 quo-

363 2212 435 2249 que
477 2198 596 2235 solum
635 2210 784 2234 omnem
814 2210 917 2248 spem
945 2201 1114 2233 nostram
1143 2207 1366 2244 omnemque
1393 2194 1571 2231 fiduciam
1600 2198 1772 2232 aeternae

365 2263 509 2308 salutis,
556 2267 736 2312 tanquam
782 2261 822 2298 in
869 2273 1083 2311 supremum
1129 2262 1302 2297 nostrum
1349 2258 1504 2304 bonum,
1550 2271 1775 2309 reponamus

364 2328 518 2378 eiusque
547 2325 799 2377 omnipotenti
825 2325 1015 2376 potentiae
1044 2328 1155 2374 atque
1182 2328 1358 2374 paternae
1388 2323 1550 2360 bonitati
1577 2336 1645 2360 uos
1675 2336 1776 2360 coru·
1815 2340 1824 2343 ⁴

365 2393 571 2435 mittamus,
609 2393 712 2440 (47²2)
748 2404 841 2441 quae
867 2403 942 2428 una
972 2403 1056 2426 cum
1094 2388 1275 2426 ineffabili
1303 2388 1381 2425 eius
1411 2388 1591 2439 sapientia
1620 2387 1711 2424 adeo
1740 2401 1778 2425 se

365 2456 404 2493 in
443 2455 631 2493 creatione
669 2458 923 2492 creaturarum
960 2452 1205 2496 demonstrat,
1242 2458 1281 2490 ut
1310 2452 1452 2490 nullam
1489 2464 1636 2502 quoque
1663 2451 1775 2488 inno-

369 2520 514 2558 centiae
551 2520 710 2571 speciem
747 2518 972 2570 protendere
1007 2518 1138 2569 possit,
1174 2517 1240 2568 qui
1267 2517 1300 2555 ei
1338 2530 1415 2555 non
1445 2516 1620 2562 confidat,
1647 2516 1777 2555 adoret

368 2585 492 2635 ipsum
523 2588 559 2622 et
586 2583 712 2621 laudet
739 2583 778 2620 in
806 2586 1012 2620 aeternum.

944 2647 1083 2684 Interr.
1116 2649 1200 2684 130.

427 2712 526 2750 Quis
555 2716 611 2750 est
631 2701 825 2750 'sccundus
851 2711 950 2748 inter
978 2709 1065 2747 fidei
1093 2709 1329 2747 Christianae
1356 2707 1560 2745 articulos?

1013 2774 1126 2825 Resp.

429 2839 549 2879 Credo
578 2840 615 2878 in
644 2840 771 2878 Iesum
800 2838 1003 2884 Christum,
1028 2839 1184 2877 unicum
1211 2837 1290 2876 eius
1317 2837 1449 2881 filium,
1476 2836 1681 2877 Dominum
1710 2851 1778 2877 uo-

372 2917 503 2952 strum.
