1830 3147
1595 132 1641 170 47

104 244 181 281 ciis
199 244 406 282 examinari
434 230 616 294 oportere.
673 243 721 280 Et
750 242 948 280 constituit
973 246 1161 293 praeterea
1190 242 1284 280 alios
1317 255 1466 294 quoquc
1510 241 1642 280 Domi-

101 323 185 356 nus,
212 310 278 361 qui
313 309 431 347 totius
469 309 526 346 sui
561 308 670 345 istius
707 308 868 346 aedificii
896 321 1023 345 curam
1051 311 1190 359 pariter
1226 321 1269 345 ac
1299 307 1510 346 custodiam
1538 307 1644 345 iuxta

99 373 267 424 singulas
302 374 402 411 illius
437 378 562 424 partes
600 373 793 418 haberent,
838 373 910 410 hoc
937 377 1005 419 est,
1033 378 1246 424 susceptum
1276 373 1454 424 cuiusque
1481 386 1576 424 opus
1602 372 1643 410 in

101 439 388 489 superstruendo
424 438 679 484 observarent,
717 443 888 476 caverent
925 451 971 475 ne
1006 437 1158 475 termini
1201 451 1359 489 usquam
1387 438 1502 489 positi
1532 438 1645 475 semel

103 503 338 541 fundamenti
363 503 689 549 transcendantur,
718 502 847 541 darent
875 516 1027 554 oporam
1055 507 1096 540 ut
1123 503 1162 540 in
1191 504 1406 541 concredita
1450 503 1643 541 custodiae

101 569 267 619 ipsorum
294 574 400 620 parte
436 569 604 620 qualibet
641 569 749 606 huius
777 568 938 606 aedificii
966 568 1098 605 ordine
1128 569 1252 605 omnia
1280 581 1324 606 ac
1356 562 1645 606 decenter‘fiant

102 641 139 671 et
167 637 338 671 curarent
365 648 411 672 ne
439 634 531 685 quid
558 634 712 672 omuino
742 634 837 672 desit
865 633 911 671 ad
950 638 1180 671 structuram
1217 634 1318 671 illius
1348 634 1398 682 (B
1427 636 1486 682 3³¹)
1514 647 1644 686 perpe-

100 703 282 749 tuumque
317 699 395 736 eius
432 711 671 749 progressum
700 699 966 750 quoquomodo
1013 698 1193 750 impediat
1220 703 1283 736 aut
1311 705 1530 738 remoretur.
1585 699 1646 737 Ad

105 764 215 808 hunc,
252 764 418 814 inquam,
455 764 607 801 modum
643 765 801 815 partitus
840 770 895 802 est
924 764 1110 802 Dominus
1140 763 1331 801 Ecclesiae
1358 777 1445 801 suae
1473 764 1643 802 ministe-

102 828 211 874 rium,
238 828 427 866 adiunctis
455 829 568 866 etiam
595 829 644 866 iis
673 829 739 880 qui
767 842 970 878 egenorum
998 829 1147 880 inopiae
1176 842 1301 866 curam
1328 829 1368 866 in
1391 829 1557 867 Ecclesia
1576 830 1644 867 ha-

102 892 246 931 berent.
285 893 479 931 Quoniam
506 906 592 930 vero
621 893 806 931 eiusmodi
833 907 913 931 esse
941 893 1060 931 voluit
1087 893 1251 931 aedificii
1280 893 1392 931 huius
1420 895 1645 932 fundamen-

101 962 195 1002 tum,
213 962 254 994 ut
275 958 307 995 ei
329 971 445 1008 neque
464 958 553 995 addi
582 972 700 1009 neque
728 959 842 996 adimi
871 959 1077 1014 quidquam
1104 959 1223 1009 poss1t
1252 972 1416 1010 unquam
1438 962 1478 1007 ¹),
1506 960 1643 997 nedum

101 1028 143 1060 ut
159 1023 276 1059 ullam
295 1023 449 1060 omnino
471 1024 526 1060 vel
544 1025 791 1061 mutationem
809 1024 984 1062 admittat
1005 1025 1062 1062 vel
1079 1024 1391 1063 instaurationem
1412 1026 1577 1076 requirat
1594 1047 1646 1055 —

100 1091 155 1124 est
191 1087 290 1124 enim
324 1089 491 1138 positum
527 1101 636 1139 supra
663 1093 807 1139 petram
848 1089 963 1138 longe
998 1089 1251 1127 firmissimam
1288 1103 1408 1141 neque
1436 1091 1524 1128 ullis
1550 1096 1645 1128 tem-

101 1165 234 1203 porum
260 1157 568 1204 tempestatumve
596 1153 744 1191 iniuriis
774 1154 979 1192 obnoxiam
1010 1158 1046 1192 et
1076 1155 1142 1192 tali
1171 1161 1358 1206 praeterea
1387 1156 1561 1205 angulari
1589 1157 1645 1194 la-

99 1218 185 1268 pide
214 1218 466 1264 obfirmatum,
502 1224 541 1256 ut
570 1220 740 1270 quisquis
769 1220 815 1257 ad
843 1220 951 1257 illum
980 1221 1248 1271 quoquomodo
1270 1221 1467 1272 impingat,
1489 1223 1645 1260 commi-

103 1289 239 1321 nuatur
258 1283 412 1321 omnino
434 1286 464 1331 2)
484 1287 535 1312 '—
555 1285 668 1322 nullis
688 1285 856 1335 profecto
874 1286 1034 1336 amplius
1054 1285 1217 1323 iaciendi
1238 1286 1351 1323 ullius
1372 1287 1485 1325 etiam
1506 1287 1644 1325 funda-

102 1349 218 1386 menti
245 1349 425 1387 ministris
451 1350 492 1387 in
520 1349 662 1388 Christi
692 1349 859 1387 Ecclesia
888 1363 981 1401 opus
1011 1350 1205 1389 habemus.
1234 1351 1318 1388 Imo
1349 1365 1434 1389 vero
1458 1352 1646 1398 docemur,

103 1427 187 1451 cum
224 1414 407 1464 dignitate
442 1415 481 1452 id
519 1415 734 1466 Prophetici
768 1420 879 1466 atque
918 1415 1131 1466 Apostolici
1169 1415 1381 1462 ministerii,
1419 1429 1501 1455 cum
1530 1418 1646 1468 positi

103 1479 192 1516 item
227 1492 291 1529 per
318 1479 404 1517 illos
433 1480 671 1517 fundamenti
699 1481 914 1525 autoritate,
943 1480 1102 1531 denique
1131 1485 1166 1518 et
1196 1494 1279 1518 cum
1309 1481 1499 1519 Ecclesiae
1525 1483 1644 1520 totius

104 1545 248 1582 unitate
283 1558 462 1595 pugnare,
490 1540 630 1583 adhaec
667 1549 704 1583 et
742 1558 809 1596 pro
845 1545 1083 1583 anathemate
1119 1546 1202 1597 ipso
1242 1546 1456 1585 habendum
1493 1560 1584 1594 esse,
1614 1547 1645 1585 si

105 1610 187 1660 quis
224 1610 296 1647 sibi
330 1617 416 1661 post
452 1611 656 1661 Apostolos
690 1624 817 1661 parem
847 1624 931 1648 cum
973 1611 1048 1648 illis
1077 1612 1279 1650 tradendae
1307 1612 1422 1650 ullius
1452 1613 1644 1651 doctrinae

101 1679 321 1726 potestatem
349 1679 461 1726 atque
488 1675 728 1713 autoritatem
756 1689 931 1725 arrogare
974 1676 1106 1713 aliisve
1135 1676 1333 1714 decernere
1361 1682 1529 1717 conetur.
1568 1678 1644 1716 De-

101 1740 189 1777 inde
226 1740 275 1788 (B
304 1742 364 1788 3b)
400 1745 644 1792 posteaquam
680 1741 898 1791 Prophetici
934 1741 1009 1778 iam
1045 1745 1158 1792 atque
1195 1743 1407 1792 Apostolici
1445 1744 1643 1782 ministerii

104 1805 336 1843 functionem
363 1805 403 1843 in
430 1805 606 1856 ponendo
635 1806 758 1843 omnis
786 1819 898 1843 sanae
928 1805 1122 1844 doctrinae
1151 1807 1396 1845 fundamento
1419 1809 1643 1859 completam

102 1871 212 1920 plane
246 1883 325 1907 esse
362 1884 482 1921 neque
517 1870 678 1921 amplius
715 1870 855 1921 requiri
893 1871 932 1908 in
961 1870 1131 1908 Ecclesia
1159 1883 1268 1922 posse
1296 1872 1476 1919 videmus,
1503 1874 1643 1912 frustra

103 1948 191 1972 sane
217 1935 441 1972 miraculosa
469 1934 579 1972 etiam
608 1935 672 1971 illa
701 1934 853 1985 spiritus
884 1935 1004 1972 sancti
1033 1935 1145 1981 dona,
1173 1949 1267 1986 quae
1289 1936 1335 1974 ad
1361 1938 1644 1988 approbandam

58 2036 59 2042 ,
103 1999 340 2049 potissimum
375 1999 485 2036 initio
521 1999 732 2050 Apostolici
766 2000 869 2037 illius
907 2000 1106 2037 ministerii
1145 2000 1257 2038 fidem
1296 2001 1370 2038 vim
1408 2015 1450 2039 ac
1479 2002 1644 2052 dignita-

104 2069 180 2101 tem
215 2064 464 2115 pertinebant,
499 2065 659 2114 amplius
700 2065 740 2102 in
770 2064 940 2102 Ecclesia
968 2072 1217 2116 expectemus,
1248 2067 1352 2104 cuius
1380 2067 1526 2116 generis
1554 2068 1644 2106 olim

105 2130 253 2166 fuerunt
290 2128 484 2179 repentina
510 2128 725 2177 linguarum
770 2129 881 2175 dona,
908 2130 1112 2180 peculiares
1139 2130 1180 2168 in
1208 2130 1418 2169 visionibus
1445 2133 1644 2170 revelatio-

105 2206 183 2239 nes,
217 2192 431 2230 sanationes
467 2193 556 2231 item
592 2193 809 2243 repentinae
851 2206 893 2230 ac
934 2193 1157 2232 daemonum
1196 2196 1433 2246 expulsiones
1471 2202 1507 2234 et
1543 2211 1645 2235 mor-

103 2263 255 2295 tuorum
284 2257 557 2302 suscitationes,
585 2271 679 2307 quae
708 2258 846 2295 Paulus
876 2271 950 2295 uno
979 2259 1093 2296 verbo
1121 2262 1305 2309 δυνάμεις
1336 2266 1456 2300 vocat.
1497 2262 1642 2301 Quate-

104 2336 175 2359 nus
203 2322 303 2359 enim
329 2334 407 2359 non
435 2321 546 2359 modo
575 2335 653 2359 non
681 2326 764 2371 eget
804 2322 961 2373 amplius
992 2323 1133 2360 Christi
1160 2323 1316 2362 Domini
1343 2325 1512 2364 Ecclesia
1538 2329 1645 2379 Apob

103 2387 227 2425 stolici
261 2387 462 2424 ministerii
498 2387 692 2425 functione
727 2387 767 2424 in
806 2388 980 2438 ponendo
1010 2389 1124 2426 ullius
1153 2390 1307 2427 omnino
1337 2391 1530 2431 doctrinae
1558 2395 1645 2432 fun-

103 2452 278 2490 damento
307 2455 411 2501 (cum
438 2452 476 2489 id
505 2453 647 2503 alioqui
673 2453 713 2490 in
742 2453 937 2504 scripturis
967 2455 1106 2492 sanctis
1127 2455 1407 2495 absolutissime
1423 2460 1645 2508 praestitum

105 2518 338 2566 habeamus),
374 2518 439 2555 sed
474 2518 595 2555 modis
623 2518 734 2556 etiam
773 2519 949 2556 omnibus
977 2533 1040 2557 eos
1068 2526 1272 2567 aversetur,
1299 2523 1363 2573 qui
1390 2523 1493 2562 illam
1523 2525 1644 2564 denuo

102 2597 277 2621 revocare
303 2584 380 2621 ullo
408 2584 521 2621 modo
551 2584 679 2630 velint,
697 2605 748 2613 ——
773 2584 950 2622 hactenus
980 2599 1068 2622 sane
1097 2585 1208 2623 etiam
1236 2600 1313 2625 non
1343 2589 1454 2626 modo
1483 2603 1560 2628 non
1587 2605 1645 2629 re-

105 2649 220 2699 quirit
257 2649 415 2700 amplius
445 2649 518 2686 ulla
547 2648 729 2685 eiusmodi
758 2649 982 2686 miraculosa
1011 2649 1110 2687 dona
1139 2650 1178 2687 in
1208 2664 1274 2689 suo
1304 2653 1524 2701 ministerio,
1551 2669 1645 2706 quae

104 2714 152 2750 ad
200 2713 517 2764 comprobandam
567 2713 803 2764 potissimum
849 2714 900 2762 (B
937 2715 997 2761 4²1)
1041 2716 1254 2765 Apostolici
1300 2717 1401 2755 illius
1447 2720 1647 2758 ministerii

106 2780 339 2817 functionem
373 2779 598 2830 pertinuisse
634 2778 752 2826 novit,
789 2779 853 2817 sed
891 2784 1063 2830 suspecta
1099 2779 1212 2818 habet
1246 2781 1321 2819 iam
1357 2783 1510 2834 insuper
1546 2785 1644 2824 eius-

152 2910 174 2947 ¹)
200 2908 315 2940 Matth.
342 2908 390 2940 16.
499 2910 525 2949 2)
550 2909 667 2950 Ephes.
691 2909 720 2941 2.
767 2909 883 2941 Matth.
908 2909 957 2941 21.
1003 2909 1081 2942 Luc.
1105 2909 1155 2942 20.
1200 2910 1291 2942 Rom.
1317 2911 1345 2943 9.
1393 2912 1407 2942 1
1433 2912 1505 2946 Cor.
1531 2913 1559 2949 3.
