1830 3147
825 119 891 156 755
1357 117 1418 164 [A.
1445 117 1489 153 D.
1515 115 1626 163 1558]

98 226 164 264 ΝΟ.
189 226 269 263 132.
458 269 460 271 ¹
1081 227 1130 272 [Ex
1143 229 1212 262 Arch.
1227 230 1291 262 secr.
1305 238 1356 269 reg.
1370 229 1474 270 Regiam.
1489 229 1513 261 t.
1525 225 1618 271 p.34.]

498 346 554 383 Ad
578 346 673 384 ΜΙΝ.
699 346 903 384 ΕοοιΕεῙΔΕ
926 346 1181 384 PaurssnroAn.
1203 348 1231 392 ε)

148 467 236 505 Heri
252 468 283 514 2)
308 467 360 504 ita
384 467 426 503 ab
451 467 602 505 invicem
627 468 774 516 digressi
800 480 932 514 sumus,
957 471 1001 505 ut
1025 469 1180 505 rationes
1206 479 1248 504 ex
1273 466 1379 503 verbo
1406 465 1472 502 Dei
1496 464 1625 513 petitas

99 529 314 573 afferremus,
357 541 421 566 0111·
463 531 626 566 assentiri
658 533 736 566 tota
773 533 895 568 nostra
927 530 1141 568 conscientia
1173 541 1246 565 non
1277 529 1462 577 possimus,
1500 538 1627 574 corpus

100 591 233 628 Christi
265 591 409 628 Domini
440 592 553 640 reipsa
577 592 614 628 in
638 604 727 640 pane
751 594 815 629 aut
838 592 903 628 sub
929 605 1016 641 pane
1041 603 1168 628 coenae
1194 594 1230 627 et
1255 590 1396 637 quidem
1421 590 1469 626 sic
1494 590 1537 625 ut
1561 588 1624 624 mi-

97 652 203 689 nistri
227 652 398 697 manibus,
423 652 625 700 ubicunque
650 665 758 690 coena
782 654 972 701 peragitur,
998 655 1034 689 in
1059 653 1135 700 ipso
1161 664 1248 700 pane
1273 654 1336 688 aut
1361 651 1425 687 sub
1450 663 1539 698 pane
1564 661 1628 685 5611

77 725 160 763 ‘per
191 727 316 763 panem
347 727 408 752 ore
441 714 571 751 carnali
603 714 646 751 ab
685 715 846 751 omnibus
871 714 1133 763 percipiendum
1159 710 1359 761 porrigatur
1385 713 1458 748 sive
1483 712 1556 748 sint
1580 711 1629 759 pii

99 775 173 812 sive
197 775 296 823 impii
321 775 581 823 quoquomodo.
617 775 755 812 Horum
781 775 892 822 igitur
918 774 1139 823 singulorum
1163 775 1318 811 rationes
1345 786 1471 822 paucas
1497 786 1515 809 e
1539 772 1628 809 mul-

100 837 147 874 tis
180 850 361 885 ponemus,
393 850 464 874 non
497 850 538 874 eo
573 840 691 874 tamen
725 837 883 881 consilio,
914 839 957 873 ut
982 837 1121 884 longam
1148 837 1203 873 hic
1228 849 1267 873 ea
1292 836 1334 872 de
1359 848 1396 872 re
1421 835 1629 883 disputatio-

102 910 180 934 nem
205 898 348 935 institui
373 898 441 934 iam
466 899 688 945 postulemus
714 919 762 926 —
786 898 852 935 hoc
879 899 969 934 enim
995 898 1096 934 nobis
1119 898 1196 946 ipsa
1218 897 1355 933 itineris
1373 897 1487 933 nostri
1505 895 1631 932 accele-

100 958 192 995 ratio
216 971 285 996 non
312 960 488 1007 permittit
513 959 588 996 11110
614 960 718 996 modo
743 980 790 988 —
807 960 867 996 sed
893 962 934 996 ut
960 959 1185 996 ostendamus
1202 971 1266 995 nos
1285 971 1354 995 non
1372 961 1502 994 temere
1518 969 1632 1005 neque

102 1019 177 1055 sine
202 1019 317 1056 causis
341 1019 571 1066 gravissimis,
597 1033 641 1056 ex
665 1020 773 1057 verbo
799 1020 867 1056 Dei
892 1021 1026 1069 petitis,
1052 1019 1215 1057 assentiri
1240 1019 1318 1055 istis
1343 1032 1415 1056 non
1438 1031 1551 1066 posse.

321 1081 459 1129 Corpus
486 1081 619 1118 Christi
644 1094 706 1118 cur
732 1082 771 1118 in
795 1094 884 1130 pane
909 1082 986 1130 ipso
1011 1085 1075 1118 aut
1101 1081 1165 1118 sub
1190 1093 1278 1129 pane
1302 1081 1415 1129 reipsa

463 1155 539 1178 6556
564 1154 635 1178 11011
661 1142 775 1190 possit
801 1143 839 1178 111
863 1155 993 1180 coenae
1017 1155 1086 1179 usu
1110 1142 1277 1179 rationes.

147 1251 291 1299 Pugnat
328 1251 411 1288 haec
445 1250 609 1287 doctrina
639 1263 719 1287 011111
743 1252 948 1288 ascensione
974 1251 1119 1295 Christi,
1145 1263 1236 1298 quae
1261 1252 1427 1294 testatur,
1453 1249 1635 1286 Christum

102 1311 293 1348 Dominum
323 1323 468 1359 corpore
502 1324 567 1348 suo
601 1324 644 1347 ex
677 1312 743 1349 hoc
775 1312 908 1348 mundo
942 1312 1058 1359 (Ioan.
1085 1312 1142 1348 13.
1171 1312 1207 1357 1)
1242 1323 1263 1346 a
1293 1310 1392 1347 nobis
1421 1310 1554 1358 (Lucae
1581 1313 1636 1347 24.

101 1375 205 1411 Aeto.
236 1375 270 1410 1.
296 1374 340 1410 11
367 1376 402 1410 et
429 1374 489 1420 22)
523 1373 705 1410 secessisse
740 1374 890 1421 ((Lucae
917 1375 973 1409 24.
1001 1375 1060 1420 51)
1092 1373 1219 1409 abiisse
1254 1373 1370 1420 (Ioan.
1405 1374 1460 1410 16.
1487 1373 1548 1420 16)
1584 1386 1638 1410 re-

103 1438 245 1483 ceptum
277 1448 353 1472 esse
387 1435 494 1481 (Mar.
520 1436 577 1479 16,
604 1435 660 1471 19.
687 1435 791 1472 Aeto.
818 1436 851 1472 1.
878 1436 934 1471 11.
962 1435 1022 1481 22)
1049 1433 1204 1470 delatum
1230 1434 1338 1470 fuisse
1365 1434 1468 1481 (Luc.
1495 1436 1551 1470 24.
1578 1436 1638 1481 51)

103 1497 140 1533 111
173 1497 285 1533 altum
322 1497 441 1543 (Aeto.
476 1497 509 1531 1.
544 1496 576 1532 9.
602 1495 689 1542 Eph.
724 1498 757 1532 4.
793 1497 829 1543 8)
865 1495 1062 1532 ascendisse
1093 1494 1217 1542 (Ephe.
1254 1497 1284 1531 4.
1313 1497 1344 1530 S.
1378 1495 1477 1531 Ioan.
1505 1496 1566 1540 17)
1600 1495 1636 1531 111

104 1557 242 1595 coelum
276 1558 391 1605 ipsum
426 1556 532 1604 (Mar.
566 1557 623 1592 16.
651 1557 707 1592 19.
734 1557 821 1593 Luc.
849 1557 906 1593 24.
934 1557 989 1592 51.
1016 1558 1120 1592 Acto.
1147 1556 1180 1592 1.
1207 1556 1262 1592 11.
1289 1556 1377 1604 Eph.
1403 1559 1437 1593 4.
1465 1557 1520 1593 10.
1546 1557 1637 1594 Heb.

104 1618 137 1655 9.
164 1619 224 1665 24)
251 1618 288 1654 in
312 1617 425 1664 gloria
452 1617 485 1664 (1
513 1616 603 1653 Tim.
630 1617 662 1652 3.
691 1617 750 1664 16)
777 1617 975 1653 consedisse
1000 1617 1037 1653 in
1063 1616 1170 1653 coelis
1198 1616 1304 1663 (Heb.
1332 1618 1363 1653 S.
1383 1618 1429 1663 1),
1456 1617 1499 1653 ad
1517 1617 1635 1655 dexte-

104 1691 178 1716 ram
203 1679 271 1716 Dei
296 1679 403 1726 (Heb.
430 1680 487 1714 10.
515 1679 589 1725 12),
615 1678 734 1714 throni
760 1678 955 1714 maiestatis
982 1677 1088 1725 (Heb.
1117 1679 1148 1714 8.
1174 1678 1224 1725 1),
1249 1681 1418 1726 perpetuo
1443 1678 1491 1715 ibi
1508 1679 1637 1724 sedere,

106 1741 212 1788 (Heb.
240 1741 298 1777 10.
323 1741 384 1787 12)
417 1740 647 1787 conspicuum
679 1751 754 1776 esse
789 1739 896 1787 (Heb.
924 1740 957 1776 9.
983 1740 1044 1786 24)
1071 1738 1168 1776 coelo
1193 1739 1366 1775 contineri
1393 1740 1490 1787 (Act.
1516 1741 1549 1777 3.
1576 1741 1636 1788 21)

104 1802 202 1839 illinc
228 1814 308 1838 eum
333 1802 508 1849 expectari
537 1800 647 1848 (Phil.
673 1801 706 1836 3.
734 1801 794 1847 20)
823 1802 843 1836 1
869 1800 965 1837 Tess.
992 1801 1024 1836 1.
1051 1801 1125 1848 10),
1151 1800 1260 1837 donec
1286 1801 1406 1838 veniat
1420 1803 1456 1849 (1
1476 1803 1556 1839 Cor.
1575 1804 1636 1850 11)

105 1863 291 1900 descendat
321 1862 363 1898 de
396 1861 492 1898 coelo
525 1863 562 1909 (1
588 1861 684 1897 Tess.
711 1863 744 1897 4.
771 1862 832 1908 16)
866 1861 910 1897 ad
942 1874 1047 1909 quem
1072 1861 1215 1898 modum
1240 1862 1338 1898 visus
1363 1865 1418 1900 cst
1441 1863 1639 1901 ascendisse

104 1926 223 1972 (Aeto.
250 1925 282 1960 1.
309 1925 370 1971 11)
404 1936 484 1960 cum
520 1923 702 1960 maiestate
736 1935 860 1970 magna
893 1923 1026 1970 (Lucae
1053 1924 1085 1960 9.
1113 1925 1173 1971 26)
1210 1936 1290 1960 cum
1322 1928 1500 1972 potestate
1525 1925 1637 1962 multa

106 1985 213 2033 (Mar.
240 1986 296 2021 13.
322 1986 383 2029 26)
418 1997 498 2021 011111
532 1983 645 2030 gloria
678 1996 742 2020 sua
781 1984 910 2031 (Math.
938 1986 995 2028 25,
1023 1985 1083 2032 31)
1120 1987 1276 2034 tempore
1301 1986 1539 2023 restitutionis
1565 2000 1637 2024 om-

106 2047 204 2083 nium
231 2047 350 2094 (Aeto.
378 2047 410 2082 3.
437 2047 514 2093 21).

153 2108 212 2144 Ita
237 2107 399 2144 Christus
425 2107 599 2143 Dominus
624 2107 862 2143 ascensionem
887 2118 987 2143 suam
1012 2106 1184 2155 corporali
1209 2108 1322 2145 carnis
1347 2121 1429 2145 suae
1453 2110 1638 2148 manduca-

106 2169 200 2206 tioni
224 2169 372 2217 opponit
397 2171 435 2205 et
460 2169 556 2216 quod
581 2169 656 2216 ipse
680 2168 828 2217 opponit
853 2181 917 2205 nos
942 2168 1129 2205 conciliare
1155 2169 1287 2206 frustra
1303 2183 1480 2208 conamur.
1506 2172 1541 2208 N
1545 2174 1638 2220 egari

103 2234 222 2267 autem
256 2243 327 2267 non
352 2233 470 2278 potest
493 2229 684 2278 corporalis
710 2229 946 2274 manducatio,
974 2242 1188 2277 quocunque
1204 2222 1353 2268 ‘tandem
1379 2233 1482 2270 modo
1508 2247 1634 2282 corpus

107 2292 253 2329 Domini
284 2292 322 2328 in
354 2305 443 2340 pane
475 2304 603 2328 coenae
635 2295 699 2328 aut
732 2291 798 2328 sub
831 2304 920 2339 pane
945 2291 1174 2340 corporaliter
1200 2305 1275 2330 esse
1298 2295 1459 2332 manibus
1485 2297 1638 2333 ministri

106 2353 282 2401 corporeis
306 2354 438 2401 porrigi
463 2355 500 2389 et
525 2365 585 2389 orc
610 2353 740 2389 carnali
766 2353 820 2389 edi
846 2353 1012 2391 dicamus.

154 2415 290 2452 Adimit
323 2415 484 2452 doctrina
508 2415 590 2452 haec
614 2415 686 2451 vim
710 2427 750 2452 ac
775 2414 983 2462 dignitatem
1017 2415 1202 2452 sacerdotii
1228 2415 1371 2453 Christi.
1419 2417 1512 2453 Nam
1538 2418 1638 2455 iuxta

107 2477 339 2514 humanitatis
364 2480 516 2521 nostrae,
541 2475 648 2513 verbo
673 2477 893 2520 coniunctae,
919 2479 1082 2513 naturam
1108 2477 1271 2513 Christus
1286 2477 1460 2514 Dominus
1477 2480 1636 2516 sacerdos

107 2540 227 2575 noster
261 2540 316 2575 est
347 2538 453 2585 (Heb.
483 2539 514 2574 5.
543 2539 578 2585 5)
605 2539 642 2574 et
667 2540 842 2585 quatenus
868 2537 1028 2574 sacerdos
1055 2541 1110 2575 est
1135 2542 1256 2575 noster
1281 2538 1316 2574 in
1342 2540 1446 2576 terris
1472 2540 1539 2576 iam
1565 2554 1637 2578 non

107 2603 173 2644 est,
207 2611 330 2647 nempe
355 2599 551 2635 humanitas
577 2599 691 2635 nostri
715 2599 880 2646 corporis.
905 2599 997 2636 Nam
1022 2600 1053 2635 si
1077 2600 1114 2635 in
1139 2603 1234 2636 terra
1259 2602 1351 2636 esset
1382 2604 1440 2645 (ne
1465 2601 1576 2638 dicam
1601 2604 1636 2640 in

106 2673 195 2709 pane
220 2662 364 2708 coenae)
390 2661 458 2696 iam
483 2659 644 2697 sacerdos
668 2672 740 2697 non
766 2663 858 2698 esset
883 2660 942 2697 ille
967 2663 1088 2698 noster
1115 2661 1221 2708 (Heb.
1249 2662 1280 2697 8.
1307 2662 1356 2709 4).

157 2723 293 2759 Adimit
328 2722 490 2760 doctrina
524 2723 606 2759 haec
640 2723 873 2771 proprietates
908 2726 1056 2760 naturae
1093 2723 1263 2759 humanae
1296 2723 1334 2759 in
1367 2723 1522 2768 Christo,
1555 2737 1641 2773 quas

108 2783 283 2831 scriptura
307 2783 445 2832 corpori
471 2783 604 2819 Christi
629 2783 757 2820 tribuit
783 2784 888 2820 etiam
913 2787 995 2832 post
1020 2785 1096 2820 eius
1120 2783 1426 2832 glorificationem:
1461 2786 1510 2822 1⁰.
1544 2787 1639 2833 quod

109 2844 158 2881 sit
194 2845 498 2893 circumscriptum
531 2857 694 2882 mensura
719 2857 783 2882 sua
807 2845 858 2882 sic
883 2848 925 2881 ut
951 2846 1156 2893 magnitudo
1187 2846 1264 2894 ipsa
1287 2847 1442 2893 corporis
1469 2847 1579 2884 videri
1606 2852 1642 2884 et

106 2905 220 2943 forma
249 2906 391 2954 agnosci
423 2905 537 2954 possit
571 2905 686 2953 (loan.
715 2906 771 2942 20.
798 2906 872 2953 20).
922 2906 972 2950 20,
998 2906 1102 2952 Quod
1136 2906 1183 2943 sit
1215 2905 1520 2953 circumscriptum
1552 2906 1641 2951 loco,

1434 2969 1504 3003 48*
