1830 3147
1640 88 1686 126 71

147 204 258 244 nobis
294 208 330 243 et
365 205 404 242 in
440 206 520 241 tota
555 202 723 241 Ecclesia
759 205 936 254 perpetuo
974 213 1038 251 per
1075 199 1252 251 Spiritum
1282 202 1452 237 sanctum
1483 210 1589 235 suum
1619 197 1687 234 ad·

146 283 281 320 augere
308 268 437 308 velit.’'

198 338 234 374 3.
291 332 497 371 nVultisne
533 332 621 370 huic
659 333 732 384 ipsi
760 331 1005 370 fundamento
1033 330 1224 368 Ecclesiae
1259 329 1342 374 Dei,
1368 328 1469 380 quod
1496 328 1569 366 iam
1597 341 1684 379 pro-

146 400 235 438 fessi
271 400 373 443 cstis,
410 398 531 436 modis
566 399 742 436 omnibus
779 410 845 449 pro
883 410 1028 434 summa
1067 395 1164 433 virili
1192 399 1313 433 vestra
1348 395 1386 432 in
1417 398 1538 434 vestro
1568 394 1684 431 Mini-

146 463 258 502 sterio
301 462 486 506 insistere,
529 467 631 513 septa
673 462 775 500 illius
821 474 1005 512 nusquam
1041 460 1316 504 transcendere,
1351 459 1445 498 illud
1495 459 1617 497 solum
1651 463 1688 497 et

147 529 318 567 doctrina
355 532 391 566 et
419 528 494 566 vita
523 534 643 565 vestra
671 540 900 578 promovere,
928 525 1015 563 huic
1043 525 1114 563 soli
1141 530 1393 576 superstruere
1428 538 1493 575 per
1527 524 1687 573 gratiam

151 593 220 631 Dei
255 605 388 630 aurum
421 605 588 641 gemmas
624 596 689 630 aut
731 596 940 641 argentum,
974 591 1079 640 ligna
1122 603 1208 628 vero
1245 603 1290 628 ae
1325 590 1480 641 stipulas
1514 590 1591 628 illis
1628 603 1690 628 su-

148 661 375 708 perstructas
413 669 482 707 pro
527 656 714 694 donorum
759 661 967 694 vestrorum
1010 668 1186 693 mensura
1230 654 1277 692 ab
1323 667 1414 692 auro
1455 658 1611 704 argento
1647 668 1692 692 ac

147 721 305 771 gemmis
342 720 551 759 discernere
573 719 615 770 ¹),
642 726 677 759 et
714 727 790 759 tam
818 720 857 758 in
883 721 967 758 aliis
995 733 1163 770 arguere,
1190 732 1302 771 quam
1327 719 1369 758 in
1397 720 1503 758 vobis
1531 720 1634 772 ipsis,
1662 720 1691 758 si

149 799 243 837 quae
269 785 608 836 deprehendantur,
636 786 847 835 arguendas
873 785 1050 836 praebere
1078 798 1123 823 ex
1152 784 1379 833 ver-(33)bo
1407 784 1530 823 Dei”?

203 850 446 901 Respondent
473 850 602 888 electi:
634 867 652 885 u
666 850 861 895 Volumus,
888 854 937 894 et,
965 853 1150 901 quatenus
1179 849 1333 901 spiritus
1360 849 1632 901 Prophetarum
1652 851 1692 889 in

152 913 292 951 Christi
319 913 488 951 Ecclesia
515 913 712 964 Prophetis
740 913 831 964 ipsis
859 912 1019 951 subiecti
1046 917 1134 951 sunt
1154 912 1199 961 ²),
1225 926 1247 950 a
1274 912 1452 952 iratribus
1474 913 1535 951 hic
1555 914 1693 952 uostris

150 978 339 1017 sublevari
366 991 509 1029 semper
534 978 808 1030 postulamuS.''

201 1046 239 1082 4.
296 1043 595 1092 uAgnoscitisne
629 1042 668 1080 id
703 1056 784 1081 esse
820 1042 937 1081 debiti
972 1046 1084 1094 atque
1119 1042 1230 1081 officii
1266 1043 1394 1088 vestri,
1430 1047 1471 1082 ut
1503 1044 1543 1082 in
1571 1048 1694 1083 vestro

151 1106 361 1144 ministerio
404 1106 605 1158 inculpate,
649 1107 774 1158 quoad
816 1107 895 1145 eius
930 1107 1012 1145 fieri
1047 1111 1181 1159 potest,
1217 1112 1254 1146 et
1289 1108 1371 1146 sine
1406 1109 1696 1159 reprehensione

151 1171 249 1210 iusta
284 1171 361 1209 ulla
398 1171 596 1210 versemini
640 1172 854 1223 nullamque
892 1172 1005 1210 ullius
1033 1171 1248 1210 offendiculi
1275 1174 1524 1219 occasionem,
1550 1178 1628 1213 tam
1656 1175 1696 1213 in

146 1235 339 1282 doctrina,
367 1249 479 1287 quam
505 1235 546 1274 in·
575 1236 651 1274 vita
671 1240 805 1281 vestra,
821 1236 996 1288 cuiquam
1015 1237 1169 1275 omnino
1191 1237 1285 1275 detis
1303 1240 1349 1287 ³).
1378 1238 1442 1284 Et,
1460 1239 1581 1277 sicubi
1601 1240 1698 1278 forte

155 1299 281 1338 debito
327 1299 522 1351 officioque
568 1305 690 1338 vestro
737 1300 807 1338 hac
842 1301 881 1339 in
919 1306 1024 1352 parte
1058 1301 1199 1347 desitis,
1235 1307 1298 1341 aut
1335 1303 1478 1354 aliquid
1514 1303 1697 1342 eiusmodi

152 1365 212 1413 (ut
240 1378 369 1403 omnes
397 1378 526 1403 sumus
554 1365 742 1414 homines)
772 1366 988 1416 designetis,
1014 1367 1115 1405 unde
1134 1367 1399 1406 offendiculum
1419 1368 1571 1419 aliquod
1594 1370 1698 1407 nasci

152 1430 285 1481 possit,
321 1430 483 1468 vultisne
520 1443 585 1468 vos
620 1430 724 1481 ipsos
751 1431 939 1469 fraternae
976 1432 1202 1470 correctioni
1238 1432 1430 1471 Ecclesiae
1457 1433 1562 1472 iuxta
1591 1447 1698 1472 usum

155 1493 373 1545 disciplinae
416 1494 717 1540 Ecclesiasticae‚
761 1495 915 1546 perinde
959 1502 1072 1547 atque
1107 1497 1243 1548 reliqui
1277 1510 1408 1536 omnes
1451 1499 1492 1537 in
1528 1499 1699 1538 Ecclesia

153 1559 300 1603 fratres,
336 1558 531 1603 subiicere,
565 1564 607 1597 ut
644 1560 850 1598 secundum
880 1561 984 1598 verbi
1011 1561 1144 1599 Divini
1179 1563 1464 1615 praescriptum,
1493 1564 1524 1602 si
1552 1564 1604 1603 ita
1633 1578 1692 1603 res

154 1623 330 1674 postulet,
367 1624 578 1673 arguamini
614 1637 658 1662 ac
691 1625 1028 1675 reprehcmlamini,
1068 1625 1229 1678 denique
1264 1633 1301 1666 et
1337 1628 1544 1667 ministerio
1575 1635 1696 1668 vestro

154 1687 420 1734 destituamini,
448 1688 480 1726 si
505 1688 546 1726 id
566 1688 720 1726 omnino
740 1689 931 1727 Ecclesiae
949 1689 1088 1728 iudicio
1110 1690 1312 1730 videamini
1331 1694 1595 1732 commeruisse
1614 1695 1697 1743 ⁴)''?

204 1754 448 1806 Respondent
475 1755 604 1793 electi:
636 1772 655 1789 a
669 1755 719 1793 Et
748 1755 916 1793 debitum
945 1755 1182 1808 officiumque
1209 1762 1382 1796 nostrum
1401 1760 1642 1809 agnoscimus
1662 1765 1698 1799 ct

152 1818 374 1870 disciplinae
413 1818 700 1857 Ecclesiasticae
736 1819 888 1858 subesse
915 1820 1101 1868 volumus,
1126 1825 1182 1868 ut,
1208 1822 1274 1873 qui
1300 1835 1370 1861 nos
1399 1836 1475 1862 non
1502 1823 1702 1870 Dominos,

153 1885 240 1932 (34)
287 1884 350 1922 sed
389 1883 589 1923 Ministros
625 1885 818 1924 Ecclesiae
854 1891 891 1924 et
927 1886 1080 1937 quidem
1116 1887 1287 1926 homines
1321 1888 1435 1927 etiam
1468 1902 1549 1928 esse
1583 1892 1698 1942 profi-

154 1953 311 1995 teamur,
338 1949 416 2001 qui,
451 1951 614 2002 peccatis
650 1964 794 2002 semper
829 1950 998 1999 obnoxii,
1034 1965 1178 2004 semper
1212 1953 1324 1992 etiam
1352 1954 1500 1993 illorum
1527 1955 1702 1995 remediis

157 2014 373 2064 egeamu3.''

205 2077 403 2116 Absolutis
439 2077 542 2116 hisee
577 2078 828 2118 Ecclesiastae
865 2080 1229 2130 interrogationibus
1265 2087 1302 2121 et
1336 2083 1541 2122 electorum
1580 2084 1698 2123 Mini-

156 2146 320 2181 strorum
348 2143 669 2194 responsionibus,
695 2145 807 2184 vertit
834 2158 964 2184 rursus
990 2146 1201 2186 orationem
1237 2161 1343 2186 suam
1377 2148 1623 2188 Ecclesiastes
1651 2150 1697 2189 ad

155 2207 277 2258 ipsam
304 2207 526 2255 Ecclesiam,
552 2212 589 2246 et
616 2208 689 2247 ait:
1269 2203 1271 2206 ⁸

210 2273 450 2311 “Audivistis
480 2273 549 2311 viri
576 2274 729 2312 fratres!
758 2274 961 2312 electorum
989 2275 1150 2314 istorum
1177 2277 1334 2315 fratrum
1357 2277 1402 2316 de
1429 2279 1624 2318 vocatione
1641 2280 1700 2332 ip-

157 2350 285 2375 sorum
311 2337 580 2376 testimonium.
610 2338 821 2376 Audivistis
848 2339 973 2384 etiam,
1000 2344 1042 2378 ut
1070 2341 1146 2379 sint
1175 2341 1295 2379 affecti
1321 2343 1444 2392 gratia
1471 2343 1626 2382 Domini
1652 2346 1699 2384 ad

156 2402 375 2440 obeundum
401 2415 512 2441 suum
539 2401 789 2441 ministerium
821 2403 863 2442 in
900 2409 1030 2443 nostra
1057 2405 1128 2444 hac
1154 2406 1336 2446 Ecclesia.
1366 2408 1473 2447 Haec
1500 2423 1586 2448 vero
1616 2424 1700 2448 cum

158 2467 234 2506 sint
269 2468 409 2507 nostris
445 2468 615 2506 omnium
643 2468 786 2508 viribus
812 2469 967 2517 maiora,
995 2484 1115 2522 neque
1143 2472 1223 2510 sine
1250 2473 1431 2524 peculiari
1460 2475 1561 2514 dono
1588 2481 1699 2528 atque

157 2533 298 2572 auxilio
327 2533 397 2572 Dei
423 2534 604 2586 praestari
630 2534 707 2572 ullo
735 2535 847 2573 modo
875 2537 1034 2588 possint,
1060 2537 1176 2575 Illum
1204 2544 1289 2577 ante
1325 2540 1451 2578 omnia
1471 2541 1701 2589 invocemus,

157 2599 223 2649 qui
250 2612 289 2637 se
307 2599 418 2637 nobis
437 2612 556 2650 usque
573 2598 620 2636 ad
641 2600 778 2638 saeculi
799 2602 1162 2641 consummationem
1181 2617 1324 2656 semper
1347 2605 1560 2652 affuturum,
1579 2621 1700 2659 neque

159 2675 228 2700 nos
256 2676 421 2714 unquam
447 2663 488 2702 in
516 2663 655 2702 nostris
684 2665 969 2705 necessitatibus
998 2667 1231 2707 deserturum
1257 2682 1349 2716 csse,
1377 2684 1461 2710 vere
1479 2673 1610 2723 procul
1631 2673 1701 2711 du-

161 2727 224 2766 bio
252 2728 438 2780 promisit,
464 2728 512 2767 ad
541 2729 643 2767 hunc
669 2730 842 2770 modum:
872 2733 917 2780 ⁵).

203 2831 228 2871 ¹)
253 2831 271 2862 1
294 2831 368 2864 Cor.
391 2831 421 2864 3.
507 2833 533 2872 2)
559 2832 575 2864 1
599 2832 673 2866 Cor.
699 2834 749 2867 14.
835 2835 862 2875 ³)
887 2835 904 2867 1
929 2835 1011 2869 Tim.
1035 2836 1064 2876 3,
1089 2836 1152 2870 Tit.
1178 2836 1207 2872 1.
1283 2839 1313 2878 ⁴)
1337 2839 1353 2871 1
1377 2839 1460 2875 Tim,
1486 2841 1513 2874 5.
1537 2841 1606 2875 Gal.
1631 2842 1659 2874 2.

203 2887 232 2927 ⁵)
254 2887 344 2920 Ioan.
369 2888 418 2920 14.
