1830 3147
176 89 237 137 [A.
266 89 309 124 D.
338 89 450 136 1553]
912 89 980 128 678

177 198 292 241 licuit,
318 197 459 234 tametsi
483 197 613 245 pluries
640 197 853 244 promiserit,
879 210 915 234 se
940 198 1060 235 literas
1086 204 1168 235 tuas
1185 198 1227 235 ad
1246 211 1300 235 me
1317 199 1608 236 transmissurum
1626 211 1713 236 esse.

179 260 280 304 Vale,
306 260 360 296 vir
385 259 626 306 integerrime!
655 262 691 296 et
715 271 771 295 me
789 258 934 305 collegis
959 258 1032 295 tuis
1060 259 1234 304 omnibus,
1259 259 1419 308 inprimis
1444 272 1529 296 vero
1547 260 1592 295 D.
1610 259 1716 296 Pelli-

179 334 265 357 cano
292 321 404 363 Patri,
431 319 645 363 Bibliandro,
671 319 853 363 Gualtero,
871 319 1038 364 Gesnero,
1057 319 1327 367 diligentissime
1352 332 1483 368 quaeso
1500 318 1716 356 commenda.

181 381 326 429 Raptim
351 381 507 418 Londini
534 381 554 419 7
580 380 680 416 Iunii
708 381 812 416 1553.

227 443 311 479 Non
336 442 439 479 licuit
464 441 630 489 relegere.
689 442 817 479 Parces
841 440 954 487 igitur
979 439 1091 477 sicubi
1115 440 1205 477 male
1230 441 1317 489 quid
1342 443 1397 478 est
1422 441 1604 489 scriptum.

837 502 936 538 Tuus
962 513 1044 538 vere
1069 504 1106 538 et
1131 514 1173 538 ex
1198 502 1314 539 animo
1340 504 1496 550 quantus
1522 506 1577 538 est

962 562 1130 599 Ioannss
1155 562 1175 598 a
1199 563 1320 600 LAsco
1345 576 1391 599 m.
1416 575 1469 611 pr.

228 623 271 658 D.
299 622 456 667 Calvino,
482 624 512 659 si
537 623 678 671 quando
703 623 770 659 tibi
795 623 1016 660 commodum
1042 623 1160 668 fuerit,
1186 637 1251 661 nos
1276 624 1488 666 commenda,
1515 626 1552 660 et
1576 627 1716 660 nostras

179 683 230 720 illi
265 684 319 720 hic
354 683 548 730 tragaedias
574 697 740 732 exponas,
767 696 919 732 oresque
944 683 1045 720 illum
1071 684 1187 720 verbis
1213 685 1310 728 meis,
1337 698 1380 721 ne
1405 684 1492 732 quid
1517 687 1649 720 temere
1673 683 1716 720 de

178 744 278 781 nobis
309 744 440 789 credat,
473 745 503 781 si
536 745 623 793 quid
656 745 749 793 apud
774 745 875 782 illum
901 745 943 782 de
968 745 1068 783 nobis
1093 749 1292 794 spargatur,
1317 746 1427 783 donec
1452 758 1472 782 a
1496 758 1551 782 me
1576 757 1714 781 causam

182 819 319 843 omnem
345 809 548 854 cognoscat.

221 931 245 969 ¹)
270 929 406 961 Obierat
439 940 479 962 m.
503 930 639 972 August.
664 930 755 962 1552.
801 931 828 970 2)
852 929 1015 961 Secundus
1039 929 1170 972 nuptias
1193 941 1265 961 cum
1289 930 1465 962 catharina
1488 931 1562 962 iniit
1584 931 1624 962 29
1649 931 1717 963 [an.

178 985 270 1018 1553.
294 985 344 1018 Cf.
367 985 413 1017 M.
437 985 532 1017 Micr.
554 986 599 1016 ad
620 986 766 1028 Bullinq.
790 997 836 1026 ep.
860 986 1005 1017 PARKER
1028 987 1098 1018 Soc.
1122 998 1151 1018 o.
1175 986 1197 1018 l.
1221 987 1265 1018 ΙΙ.
1289 987 1363 1019 581.
1407 987 1433 1027 ³)
1457 988 1508 1020 Se.
1531 987 1632 1018 Mich.
1655 987 1719 1018 An·

175 1041 246 1082 gelo
270 1042 390 1073 Florio.
415 1041 464 1074 Cf.
488 1042 630 1080 Sinum,
654 1054 683 1075 o.
706 1042 726 1074 1.
751 1042 777 1074 Ι.
801 1042 872 1080 347,
896 1053 926 1075 V.
949 1042 1017 1074 eius
1040 1042 1165 1074 litteras
1189 1043 1275 1085 culp.
1304 1044 1412 1075 confit.
1435 1043 1478 1076 ib.
1495 1054 1570 1085 app.
1586 1042 1628 1074 II.
1646 1043 1719 1075 388.

176 1099 203 1137 ²)
229 1098 279 1129 Cf.
310 1098 348 1129 de
376 1098 425 1129 his
455 1098 685 1130 controversiis
719 1099 869 1130 CALVINI
899 1099 944 1129 acl
966 1099 1129 1140 Pereqrin.
1154 1099 1240 1131 Eccl.
1263 1110 1309 1140 ep.
1352 1100 1510 1137 Bonam,
1535 1099 1657 1130 Leltres
1679 1099 1718 1130 de

181 1153 302 1185 (chlvitz.
327 1154 352 1185 Ι.
376 1153 448 1186 351.
492 1154 518 1194 5)
544 1154 715 1186 Gualterus
730 1154 905 1186 Delocnns.
939 1154 966 1194 ⁶)
985 1154 1097 1186 Gerd.:
1122 1154 1312 1196 impuynarl.
1352 1155 1378 1194 ⁷)
1393 1154 1539 1195 Respicit
1561 1156 1717 1186 secretam

177 1209 375 1249 missionem,
396 1221 491 1251 quam
513 1210 546 1241 in
562 1210 700 1252 gratiam
724 1211 877 1242 foederat.
900 1222 1000 1252 germ.
1023 1210 1125 1253 princ.
1149 1211 1337 1243 sustinebat.
1375 1212 1402 1247 s)
1427 1211 1508 1242 Cum
1532 1209 1716 1247 catharina,

178 1264 245 1296 filia
266 1266 344 1307 Reg.
368 1266 507 1304 Ferdin„
530 1265 628 1297 vidua
650 1266 703 1299 Fr.
726 1266 745 1297 -ἶι
767 1267 913 1298 Mantua.

179 1459 244 1496 ΝΟ.
269 1458 327 1495 92.
1293 1457 1341 1505 [Ex
1357 1461 1503 1494 11113111.
1516 1462 1571 1502 fleg.
1590 1459 1713 1505 Reginum]

732 1552 789 1588 Ad
817 1553 952 1589 Ducam
977 1552 1174 1588 Pizussmr..

226 1655 355 1703 Accepi
388 1654 527 1690 litteras
552 1653 774 1690 celsitudinis
800 1658 883 1690 tuae
907 1653 1028 1690 missas
1053 1665 1113 1700 per
1139 1652 1254 1689 virum
1279 1652 1511 1690 clarissimum
1536 1653 1581 1690 D.
1607 1653 1715 1690 Joan-

177 1729 256 1753 nem
288 1717 309 1752 a
345 1716 511 1760 Werdeu,
545 1715 677 1763 Regiae
710 1714 910 1752 Maiestatis
945 1714 1114 1751 Poloniae
1141 1715 1284 1751 Domini
1308 1715 1377 1751 mei
1402 1717 1439 1751 et
1477 1718 1560 1751 tuae
1584 1715 1716 1763 pariter

179 1779 408 1815 Celsitudinis
434 1779 488 1814 hic
514 1781 697 1821 oratorem,
732 1790 795 1826 pro
822 1776 951 1824 quibus
976 1777 1139 1824 ingentes
1165 1777 1297 1824 gratias
1321 1790 1387 1824 ago
1405 1790 1539 1813 summa
1556 1789 1637 1813 cnm
1655 1777 1715 1814 ob-

179 1841 365 1876 servantia·
382 1839 594 1876 Celsitudini
619 1842 713 1875 tuae.
762 1838 977 1875 Attulerunt
1003 1838 1094 1874 enim
1120 1838 1205 1874 mihi
1229 1838 1264 1874 in
1292 1838 1505 1875 tristissimis
1542 1839 1636 1875 hisee
1661 1839 1716 1875 hic

181 1902 397 1949 temporibus
430 1900 669 1938 incredibilem
702 1899 991 1943 consolationem,
1024 1900 1229 1947 praesertim
1263 1900 1359 1947 quod
1385 1903 1457 1936 tam
1492 1899 1656 1936 clementi
1680 1900 1716 1936 in

181 1977 236 2000 me
261 1963 377 2000 animo
402 1964 470 2000 mei
495 1963 693 1999 meminisse
718 1965 781 1998 tua
807 1961 989 1998 celsitudo
1015 1961 1192 2009 dignetur,
1219 1962 1253 1998 id
1279 1962 1375 2009 quod
1400 1975 1464 2009 ego
1479 1962 1631 2009 quidem,
1650 1962 1719 1998 etsi

179 2038 250 2062 non
275 2038 353 2061 sum
378 2025 590 2073 promeritus
615 2037 784 2069 unquam,
811 2023 1005 2059 Dominum
1031 2023 1148 2059 Deum
1165 2036 1281 2059 meum
1299 2030 1416 2060 tamen
1434 2023 1581 2071 supplex
1598 2023 1717 2068 orabo,

179 2089 222 2122 ut
247 2098 321 2122 eam
347 2088 430 2122 tuae
456 2085 677 2122 celsitudinis
702 2085 739 2120 in
764 2096 819 2120 me
844 2083 1110 2131 propensionem
1137 2083 1268 2119 Divina
1293 2096 1356 2120 sua
1372 2084 1486 2131 gratia
1502 2083 1556 2119 illi
1572 2096 1716 2131 pensare

181 2148 280 2185 velit.
313 2149 395 2184 Non
422 2148 554 2184 attinet
578 2150 697 2184 autem
722 2145 846 2183 multis
873 2150 1029 2182 nostram
1055 2145 1109 2182 hic
1134 2145 1370 2182 calamitatem
1395 2145 1584 2193 deplorare,
1611 2158 1716 2192 quam

180 2223 297 2246 secum
339 2222 432 2246 mors
473 2209 660 2245 immatura
703 2207 811 2255 Regis
848 2208 952 2243 istius
984 2207 1039 2243 hic
1072 2207 1186 2243 nostri
1215 2209 1242 2254 ¹)
1275 2207 1402 2244 attulit
1434 2207 1478 2243 de
1509 2220 1579 2254 qua
1616 2212 1715 2243 tuam

179 2271 425 2308 celsitudinem
468 2283 540 2307 non
572 2269 697 2306 dubito
722 2269 926 2318 iampridem
951 2268 1102 2312 audisse,
1123 2269 1183 2305 sed
1208 2272 1307 2316 puto,
1334 2270 1448 2304 Deum
1475 2268 1627 2305 voluisse
1652 2281 1717 2306 nos

180 2345 332 2376 monere,
370 2345 414 2368 ne
447 2331 483 2368 in
516 2330 592 2367 ullo
627 2330 770 2367 omnino
804 2330 946 2366 homine
971 2342 1067 2377 spem
1093 2333 1249 2366 nostram
1274 2329 1506 2376 fiduciamque
1531 2329 1716 2366 collocare-

181 2406 268 2430 mus.
304 2394 417 2430 Erant
443 2406 525 2429 sane
551 2396 671 2428 tantae
696 2392 733 2428 in
758 2392 857 2438 Rege
882 2391 944 2428 illo
970 2391 1081 2435 dotes,
1107 2396 1149 2427 ut
1175 2404 1277 2427 nemo
1303 2403 1375 2427 non
1389 2391 1539 2427 maxima
1556 2403 1717 2438 quaeque

181 2456 224 2492 de
258 2469 298 2493 eo
331 2455 396 2492 sibi
435 2455 471 2490 in
505 2467 610 2491 causa
650 2453 873 2502 potissimum
899 2452 1079 2500 religionis
1105 2452 1264 2500 polliceri
1289 2456 1419 2500 posset,
1445 2456 1482 2488 et
1506 2465 1631 2499 magna
1655 2452 1716 2488 ho-

179 2517 312 2553 minum
339 2529 419 2565 pars
444 2517 480 2552 in
505 2516 581 2563 ipso
607 2527 702 2562 spem
728 2515 800 2550 fere
825 2527 961 2550 omnem
988 2513 1245 2550 conservandae
1271 2526 1373 2550 verae
1397 2513 1578 2560 religionis
1594 2513 1644 2549 ita
1661 2525 1714 2548 re-

178 2579 341 2626 ponebat,
375 2582 418 2614 ut
453 2577 532 2625 plus
565 2589 679 2624 aequo
713 2576 870 2612 securior
894 2588 969 2612 esse
995 2575 1251 2622 quodammodo
1279 2575 1470 2618 videretur.
1519 2574 1606 2610 Eam
1632 2587 1715 2611 vero

179 2639 285 2675 talem
320 2638 547 2675 securitatem
581 2637 768 2674 retundere
800 2636 915 2672 voluit
941 2636 1115 2672 Dominus
1143 2636 1239 2672 Deus
1265 2638 1302 2672 et
1327 2635 1431 2672 corda
1469 2635 1648 2671 hominum
1672 2635 1715 2672 ad

180 2713 216 2736 se
254 2699 368 2735 solmn
401 2711 576 2736 revocare.
625 2698 684 2734 Ita
716 2710 781 2744 ego
814 2708 897 2733 sane
926 2702 1076 2732 mortem
1102 2695 1320 2732 Sanctissimi
1358 2695 1467 2742 Regis
1500 2695 1715 2742 interpretor

179 2765 226 2805 et,
258 2761 457 2808 posthabita
491 2760 585 2796 omni
618 2761 652 2795 in
687 2758 884 2795 hominibus
911 2758 1047 2802 fiducia,
1084 2771 1104 2794 a
1140 2758 1292 2795 Domino
1319 2757 1395 2793 Deo
1421 2756 1496 2792 solo
1521 2759 1558 2792 et
1584 2756 1715 2793 Divina

180 2823 256 2859 eius
289 2821 448 2869 potentia
479 2821 781 2857 conservationem
815 2818 990 2855 Ecclesiae
1023 2831 1107 2854 snae
1148 2820 1184 2855 et
1220 2830 1321 2855 verae
1345 2816 1526 2864 religionis
1551 2819 1714 2865 expecto.

182 2882 285 2931 Quod
317 2893 421 2931 porro
452 2880 495 2918 ad
526 2893 581 2918 Ine
613 2881 753 2925 attinet,
785 2879 954 2928 Princeps
988 2878 1254 2916 Illustrissime!
1289 2890 1360 2914 non
1393 2877 1494 2914 video
1520 2877 1633 2915 ullum
1653 2878 1714 2929 ‚hic
