1830 3147
235 137 296 185 [A.
323 136 368 174 D.
393 134 505 183 1547]
962 131 1032 167 610

277 247 302 286 ¹)
325 245 374 278 De
399 243 615 277 moderatione
641 241 698 274 illa
729 251 761 275 v,
793 251 874 284 quae
902 241 937 273 in
969 239 1106 273 introitu
1138 239 1179 273 dc
1199 240 1351 283 Epitoma
1374 240 1477 276 doctr.
1498 240 1586 273 Ecel.
1609 240 1769 274 Phr.=Or.

233 302 407 345 disputavi.
450 301 478 341 2)
512 299 685 332 Praedium
717 298 978 341 Abbingwerum,
1008 307 1109 339 prope
1137 296 1337 340 Loppersum
1371 297 1479 332 situm.
1524 296 1551 337 ³)
1574 296 1637 328 Per
1659 296 1766 329 iocum

233 359 275 392 ad
296 357 509 399 Hardenberg
531 357 637 399 ipsum
659 355 783 394 scribit,
805 365 838 387 se
861 354 901 386 de
923 353 1089 388 Hardenb.
1111 353 1217 394 nullas
1239 354 1403 397 hucusque
1426 353 1589 397 accepisse
1611 352 1767 395 epistolas

233 417 266 448 et
287 415 322 447 in
344 415 407 447 fine
429 414 520 447 addit
542 424 575 446 se
596 413 742 456 plaustra
764 411 975 454 epistolarum
997 412 1190 454 exspectare.

232 595 299 635 ΝΟ.
324 597 381 633 41,
1165 593 1244 641 [Bihl.
1260 595 1337 631 Prem.
1353 594 1387 630 el.
1400 595 1436 630 Vl.
1452 595 1509 628 440.
1525 595 1542 626 G
1553 594 1616 630 erd.
1629 589 1676 629 llb.
1693 589 1768 637 632]

780 687 840 724 Ad
865 687 1219 724 HARDENBERGIUM.

279 785 476 831 Postquam
517 782 634 819 relatu
674 781 896 830 quorundam
937 781 1067 830 accepi,
1108 782 1146 817 te
1186 791 1281 817 nunc
1321 779 1482 816 Bremam
1522 778 1567 816 ad
1592 778 1765 822 Comitem

231 846 535 893 Christophorum,
567 843 616 880 mi
647 843 800 880 Domine
833 842 998 880 Alberte!
1034 841 1182 886 venisse,
1216 840 1340 877 multis
1364 840 1407 877 dc
1431 839 1546 877 causis
1571 839 1686 876 visum
1711 842 1767 876 est

230 920 323 944 meas
354 907 397 943 ad
425 909 462 943 te
495 906 577 942 dare
609 905 742 942 literas.
791 905 841 941 Et
872 905 1023 953 primum
1049 904 1192 952 quidem
1217 903 1255 943 in
1280 915 1386 940 causa
1411 903 1491 947 fuit,
1517 914 1580 940 cur
1607 903 1635 950 ¹)
1661 902 1705 945 ad
1729 903 1767 938 te

229 970 427 1013 scriberem,
452 968 583 1005 veteris
607 967 708 1004 amici
734 967 789 1003 tui
807 968 837 1015 2)
863 967 1064 1011 necessitas,
1090 966 1153 1014 qui
1178 978 1313 1002 mecum
1340 965 1478 1014 saepius
1503 965 1578 1012 egit
1601 976 1662 1012 per
1686 964 1765 1001 lite-

229 1044 295 1075 ras,
331 1033 375 1067 ut
409 1030 520 1078 ipsius
552 1029 694 1065 nomine
725 1028 769 1065 ad
794 1030 831 1065 te
856 1028 1043 1066 scriberem
1068 1030 1105 1064 et
1129 1029 1284 1064 mentem
1308 1029 1407 1063 tuam
1431 1026 1518 1074 quid
1542 1025 1765 1074 potissimum

227 1092 295 1139 ipsi
328 1102 485 1127 censeres
510 1089 720 1133 faciendum,
746 1088 952 1136 expiscarer.
1003 1088 1092 1124 Cum
1118 1087 1213 1124 enim
1236 1087 1367 1123 feceras
1390 1086 1445 1122 illi
1470 1098 1565 1134 spem
1590 1085 1766 1128 adventus

228 1153 294 1196 tui,
320 1152 447 1188 mirum
472 1151 509 1187 in
535 1150 677 1187 modum
702 1150 859 1197 angitur,
884 1149 970 1197 quid
995 1148 1218 1197 potissimum
1244 1147 1438 1192 obstiterit,
1464 1147 1660 1195 quominus,
1686 1158 1764 1195 pro-

227 1214 341 1249 missis
365 1213 508 1249 steteris
532 1214 569 1248 et
593 1212 704 1259 ipsius
729 1211 915 1258 negocium
941 1213 1005 1247 tua
1030 1222 1134 1258 opera
1158 1209 1330 1246 hactenus
1353 1208 1582 1257 promoveris.

274 1270 384 1306 Aliud
409 1272 484 1306 erat
508 1269 545 1305 in
571 1281 676 1306 causa
700 1268 896 1305 Ministerii
919 1268 1000 1312 mei,
1025 1268 1083 1304 uti
1107 1267 1244 1315 saepius
1259 1279 1303 1303 ex
1321 1266 1434 1303 literis
1451 1266 1538 1302 meis
1554 1264 1766 1302 intellexisti

230 1332 367 1380 [ratio]
407 1332 509 1375 ⁴Cum
543 1331 636 1367 enim
671 1330 814 1366 videam.
842 1330 934 1377 (Deo
967 1330 1018 1365 ita
1051 1328 1287 1376 gubernante)
1319 1340 1374 1364 me
1402 1330 1548 1376 propter
1582 1327 1763 1369 adversam

227 1393 468 1431 valetudinem
493 1393 574 1428 huic
598 1391 737 1428 muneri
749 1409 750 1412 ¹
761 1391 960 1429 satisfacere
977 1403 1050 1427 non
1066 1402 1178 1438 posse,
1197 1391 1234 1426 et
1250 1392 1293 1425 tu
1308 1401 1370 1437 per
1388 1389 1588 1437 Principem
1606 1390 1764 1425 nostram

227 1456 270 1492 ad
294 1456 359 1492 hoc
385 1457 533 1491 vocatus
557 1454 615 1498 sis,
641 1465 739 1500 rogo,
763 1455 807 1489 ut
831 1465 892 1500 per
917 1464 997 1490 eum
1022 1452 1137 1500 ipsum
1162 1450 1340 1494 nuntium,
1367 1450 1430 1497 qui
1456 1450 1522 1486 tibi
1545 1450 1606 1486 has
1623 1449 1765 1486 nomine

227 1529 304 1552 meo
329 1516 452 1553 reddet
474 1516 606 1559 literaS,
633 1514 787 1551 animum
806 1515 909 1549 tuum
927 1511 1013 1560 quid
1030 1513 1144 1549 facere
1161 1511 1391 1550 constitueris
1406 1511 1508 1548 nobis
1524 1511 1668 1554 indices,
1683 1499 1766 1555 ,Res

227 1578 333 1622 enim,
365 1580 408 1614 ut
436 1578 554 1621 ,fatear
585 1577 750 1624 ingenue,
783 1587 916 1611 moram
950 1586 1018 1610 non
1052 1574 1202 1622 patitur.
1252 1574 1344 1610 Nam
1376 1586 1448 1610 non
1472 1572 1681 1617 humanum,
1702 1571 1762 1608 sed

227 1641 295 1677 Dei
319 1640 554 1676 ministerium
587 1641 652 1675 est.
701 1638 757 1674 Tu
782 1637 916 1684 itaque,
941 1636 989 1671 mi
1013 1635 1262 1677 humanissime
1286 1635 1453 1673 Alberte!
1480 1648 1587 1683 quam
1610 1634 1763 1683 primurn

225 1702 438 1738 sententiam
473 1703 572 1737 tuam
605 1699 706 1737 nobis
738 1697 932 1747 perscribas
967 1699 1004 1734 et
1038 1710 1149 1734 meam
1182 1697 1245 1735 hac
1281 1697 1319 1734 in
1334 1698 1442 1745 [parte
1463 1696 1664 1743 molestiam
1689 1695 1764 1732 tuis

227 1763 341 1800 literis
367 1761 541 1799 subleves,

276 1827 462 1863 Caeterum
488 1823 649 1861 intellexi
675 1834 818 1870 quoque
843 1824 881 1859 te
906 1821 1130 1869 Brunsuigae
1154 1820 1253 1869 apud,
1271 1820 1503 1871 clarissimum
1520 1820 1764 1858 Melanchtho-

228 1903 308 1928 nem
333 1893 495 1925 nostrum
521 1887 630 1923 fuisse
657 1887 686 1934 3)
712 1888 748 1923 et
773 1898 853 1922 cum
879 1897 920 1921 eo
946 1884 988 1921 de
1013 1883 1118 1921 rebus
1144 1883 1268 1921 multis
1293 1885 1330 1920 et
1354 1882 1521 1931 gravibus
1558 1882 1765 1927 contulisse,

230 1951 326 2000 quod
360 1950 524 1998 equidem
557 1948 708 1985 libenter
741 1947 861 1992 audio,
894 1948 1019 1994 estque
1051 1946 1136 1983 mihi
1170 1958 1226 1983 res
1258 1946 1341 1983 haec
1379 1947 1432 1982 ita
1456 1947 1558 1993 grata
1581 1944 1766 1984 utyverbis

227 2013 397 2061 consequi
421 2025 493 2049 non
516 2011 662 2048 valeam.
711 2009 850 2045 Vellem
875 2010 1005 2053 tamen,
1030 2008 1178 2045 Alberte
1202 2007 1251 2044 mi
1265 2007 1341 2045 lut
1365 2019 1445 2044 cum
1469 2019 1542 2049 non
1565 2008 1617 2048 ita
1641 2006 1766 2056 procul

229 2075 321 2110 absis
343 2086 366 2110 a
389 2073 568 2120 Philippo,
593 2072 637 2107 ad
661 2070 764 2107 illum
789 2069 932 2107 nomine
956 2082 1034 2106 meo
1059 2069 1192 2105 iterum
1209 2081 1384 2113 excurras,
1401 2081 1442 2112 ac
1465 2068 1521 2107 illi
1537 2068 1566 2104 si
1584 2067 1766 2113 commode

228 2136 303 2172 ficri
336 2136 457 2183 posset
489 2132 710 2181 persuadeas,
743 2133 787 2167 ut
819 2131 887 2168 huc
918 2130 962 2167 ad
994 2143 1059 2167 nos
1091 2129 1277 2179 paululum
1310 2129 1535 2173 concederetz
1570 2129 1645 2166 fieri
1671 2129 1763 2166 enim

228 2209 329 2246 posse
353 2199 396 2232 ut
420 2195 487 2243 ipsi
512 2197 549 2231 et
574 2193 726 2231 familiae
750 2192 861 2241 ipsius
886 2192 924 2228 in
948 2191 1013 2229 hoc
1040 2191 1145 2228 exilio
1171 2194 1208 2228 et
1235 2204 1354 2238 rerum
1389 2191 1545 2237 omnium
1578 2189 1763 2238 perturba·
1784 2225 1787 2227 s

229 2259 328 2295 tione
351 2257 571 2295 consulatur.
620 2256 709 2302 Ego,
734 2255 764 2291 si
791 2253 1049 2302 quodammodo
1073 2266 1135 2302 per
1159 2253 1400 2289 valetudinem
1427 2251 1599 2296 licuisset,
1624 2251 1698 2299 ipse
1723 2250 1765 2286 li-

229 2320 352 2356 benter
382 2318 427 2355 ad
458 2331 537 2354 eum
569 2316 826 2359 concessissem,
859 2317 904 2351 ut
937 2315 1048 2363 ipsius
1080 2314 1281 2351 dulcissimo
1307 2315 1499 2362 conspectu
1524 2314 1561 2350 et
1586 2312 1765 2359 colloquio

227 2392 282 2417 mc
315 2392 535 2425 recreassem,
566 2378 650 2426 quia
683 2390 768 2414 vero
802 2376 950 2424 ipsemet
975 2388 1070 2424 spem
1095 2375 1250 2424 aliquam
1275 2375 1405 2413 fecerat
1430 2374 1532 2411 nobis
1556 2386 1618 2422 per
1642 2373 1765 2409 literas

227 2441 402 2478 adventus
425 2440 494 2476 huc
519 2439 586 2483 sui,
611 2437 830 2486 persuadeas,
856 2436 904 2472 mi
930 2435 1058 2472 frater!
1084 2436 1228 2480 homini,
1246 2438 1291 2472 ,te
1315 2434 1470 2484 multum
1489 2447 1561 2478 oro,
1579 2435 1622 2470 ut
1639 2433 1685 2481 ad-
1699 2444 1763 2469 nos

229 2503 361 2547 veniat,
396 2501 492 2548 quod
517 2503 554 2537 te
578 2513 641 2548 pro
667 2501 730 2535 tua
754 2499 791 2535 in
816 2510 871 2535 me
896 2497 1117 2535 humanitate
1141 2499 1178 2534 et
1203 2497 1458 2548 inp-Ecclesiam
1485 2495 1619 2531 Christi
1637 2494 1762 2540 ⁴singu-

227 2563 292 2600 lari
324 2564 442 2600 studio
475 2563 653 2599 facturum
676 2560 771 2597 haud
795 2559 931 2596 dubito.
981 2559 1071 2595 Rem
1097 2571 1179 2594 sane
1204 2560 1242 2594 te
1266 2557 1407 2605 dignam
1440 2558 1476 2593 et
1510 2554 1670 2592 omnibus
1696 2553 1763 2601 piis

226 2624 517 2672 pernecessariam
550 2622 678 2671 oppido
713 2622 884 2658 facturus.
934 2620 1037 2666 Quod
1059 2619 1248 2667 ,reliquum
1273 2621 1338 2663 est,
1356 2618 1469 2654 *Deus
1493 2618 1593 2664 pater
1618 2614 1764 2663 Domini

227 2686 341 2722 nostri
366 2687 450 2722 Iesu
476 2685 610 2722 Christi
634 2685 820 2721 conservet
845 2684 882 2719 te
907 2681 1106 2718 diutissime
1130 2683 1275 2729 propter
1292 2679 1470 2716 Ecclesiae
1486 2675 1763 2718 aedificationem

227 2747 448 2784 incolumem.
475 2746 575 2784 Vale.
602 2745 732 2782 Emdae
756 2743 954 2781 Frisiorum
981 2744 1001 2782 7
1028 2742 1084 2778 die
1107 2741 1353 2791 mensisylunii
1369 2741 1474 2776 Anno
1494 2736 1640 2773 Domini
1658 2736 1762 2775 1547.

880 2805 1078 2842 IOHANNES
1102 2803 1124 2840 ὸ.
1147 2803 1284 2846 1111000,
1310 2813 1416 2839 manu
1440 2798 1622 2846 languida.

269 2893 295 2933 1)
329 2889 426 2923 Gerd.
453 2902 530 2923 cum.
574 2889 601 2930 2)
629 2887 775 2922 Drusilla
803 2885 994 2932 {Syssin‘ghe.
1037 2889 1065 2928 ³)
1100 2883 1178 2920 Post
1201 2886 1323 2919 cladem
1347 2884 1432 2927 apud
1455 2883 1610 2916 Lochavii
1633 2891 1763 2925 campos

226 2948 263 2981 ab
288 2948 436 2980 Electore
460 2947 615 2980 Saxoniac
639 2948 819 2988 susceptam
842 2945 921 2979 Mel.
945 2944 1145 2985 Wittebcrga
1168 2942 1381 2983 Brunsvigam
1404 2941 1621 2981 confugeretis
