1830 3147
303 454 1335 536 DEMINI-

386 626 655 668 STRIS
715 624 1260 668 ECCLESIAE

527 712 1119 755 PEREGRINO-

606 798 799 840 RUM
854 797 1045 839 LON-

708 883 939 925 DINI.

108 1153 326 1192 PRIMUM
355 1154 524 1192 omnium
551 1153 804 1203 agnoscimus,
834 1152 1070 1191 Maiestatem
1099 1153 1255 1201 Regiam
1285 1166 1364 1190 csse
1391 1153 1431 1190 in
1467 1158 1596 1191 nostra

59 1232 207 1270 quoque
247 1219 427 1264 Ecclesia,
463 1218 776 1270 quemadmodum
814 1223 850 1255 et
877 1218 917 1255 in
944 1218 1027 1255 aliis
1057 1218 1232 1255 omnibus
1263 1218 1479 1267 Regnorum
1509 1232 1597 1255 suo·

60 1297 143 1321 rum
182 1284 375 1328 Ecclesiis,
412 1297 599 1322 summum
627 1283 780 1321 omnino
807 1283 848 1320 in
876 1283 985 1320 terris
1013 1296 1056 1320 ac
1083 1282 1204 1320 modis
1232 1282 1406 1320 omnibus
1434 1284 1599 1334 praecel-

61 1350 196 1387 lentem
229 1349 296 1386 Dci
327 1348 558 1394 Ministrum‚
595 1348 696 1399 quod
725 1348 769 1385 ad
799 1362 908 1386 usum
937 1348 1054 1397 gladii
1082 1349 1229 1391 attinet.
1264 1348 1324 1385 cui
1350 1361 1420 1386 nos
1448 1361 1596 1386 omnem

61 1418 227 1451 nostram
272 1415 312 1450 in
359 1413 525 1451 Domino
569 1413 679 1450 fidem
715 1413 987 1450 subiectionem
1023 1417 1134 1463 atque
1172 1412 1423 1450 obedientiam
1466 1412 1599 1449 debere

64 1478 216 1515 omnino
245 1479 474 1528 profitemur.
529 1477 674 1515 Deinde
711 1489 798 1515 vcro
829 1476 1007 1514 habemus
1036 1477 1130 1514 duos
1156 1477 1375 1528 praecipuos
1404 1476 1442 1514 in
1471 1481 1600 1514 nostra

63 1542 232 1580 Ecclesia
268 1541 511 1593 peculiarium
544 1541 807 1579 Ministrorum
835 1541 1005 1586 ordines,
1039 1541 1197 1579 alterum
1227 1541 1437 1585 Seniorum,
1473 1540 1538 1592 qui
1565 1545 1600 1578 et

65 1606 278 1656 Presbyteri
321 1607 396 1643 iam
442 1605 532 1643 olim
579 1605 722 1643 Graeca
760 1618 850 1643 voce
897 1605 949 1643 ita
986 1611 1163 1656 usurpata
1200 1609 1404 1649 vocantur,
1439 1605 1597 1643 alterum

54 1676 188 1721 'autem
226 1671 493 1716 Diamuorum,
529 1671 593 1722 qui
629 1684 830 1720 egenorum
867 1670 1016 1721 inopiae
1044 1683 1168 1709 curam
1199 1671 1349 1709 habent.
1403 1671 1449 1708 In
1477 1670 1601 1721 priore

64 1749 175 1787 porro
214 1735 411 1773 Seniorum
448 1734 590 1779 ordine,
626 1735 698 1773 aliz·
734 1739 821 1772 sunt
857 1747 997 1780 rursus,
1037 1735 1102 1785 qui
1138 1735 1176 1773 in
1214 1735 1326 1772 verbo
1366 1738 1402 1772 et
1430 1734 1602 1772 doctrina

64 1801 238 1838 laborant
274 1801 388 1851 inque
424 1799 577 1851 publico
616 1799 718 1837 verbi
755 1805 789 1837 et
826 1801 1154 1838 Sacramentorum
1194 1800 1401 1838 ministerio
1449 1813 1602 1837 versan-

66 1866 243 1915 tur—(C
272 1867 329 1913 la)
357 1869 468 1916 atque
496 1865 535 1902 hi
562 1865 602 1903 in
630 1865 824 1916 scripturis
852 1865 1030 1917 Episcopi
1059 1866 1232 1904 Pastores
1260 1870 1295 1903 ct
1325 1864 1509 1902 Doctores
1533 1878 1599 1901 vo-

67 1931 399 1978 cantur')—.alic'
427 1943 526 1976 vero,
553 1930 622 1967 etsi
650 1930 722 1981 ipsi
748 1943 824 1968 non
854 1931 1064 1980 funguntur
1084 1930 1235 1981 publico
1265 1930 1369 1968 verbi
1396 1943 1438 1968 ac
1468 1931 1601 1967 Sacra-

67 1998 277 2032 mentorum
313 1994 534 2038 ministerio,
569 1994 673 2031 verbi
709 1998 835 2032 tamen
866 1994 1051 2032 Ministris
1077 2000 1256 2046 perpetuo
1285 1994 1437 2032 interim
1465 1997 1603 2032 adsunt

69 2060 172 2098 omui
217 2072 327 2110 opera
369 2059 492 2097 studio
538 2059 699 2097 concilio
735 2063 847 2110 atque
883 2060 1022 2097 auxilio
1061 2073 1150 2104 suo,
1184 2065 1220 2098 et
1254 2073 1377 2098 curam
1418 2060 1605 2097 sustinent

68 2122 184 2161 totius
221 2122 410 2159 Ecclesiae
447 2135 519 2160 una
549 2135 631 2160 cum
668 2122 772 2160 verbi
802 2122 1002 2166 Mhnistris,
1027 2127 1069 2160 ut
1096 2123 1136 2161 in
1166 2124 1269 2161 omni
1296 2123 1433 2174 pietate
1462 2122 1604 2160 sancti-

71 2187 198 2224 monia
231 2199 321 2237 pace
357 2187 486 2224 ordine
522 2191 634 2237 atque
671 2187 867 2225 honestate
894 2188 998 2226 iuxta
1028 2189 1182 2226 verbum
1212 2188 1282 2226 Dei
1309 2188 1538 2238 gubernetur
1567 2193 1603 2226 et

73 2256 323 2296 conservetur,
358 2264 432 2302 quo
469 2251 580 2289 etiam
618 2252 768 2290 nomine
805 2265 825 2289 a
862 2252 978 2290 Paulo
1016 2252 1317 2291 Gubernationes
1347 2256 1529 2290 vocantur
1557 2253 1604 2299 ⁵³).

73 2316 260 2354 Universo
297 2321 419 2354 autem
457 2315 543 2353 huic
581 2316 779 2354 Senior-um
816 2316 940 2353 ordini
976 2321 1120 2367 praeest
1151 2331 1257 2362 unus,
1284 2330 1329 2354 ex
1357 2318 1505 2354 illorum
1536 2330 1606 2354 nu-

74 2394 176 2419 mero
214 2381 259 2418 ad
296 2381 333 2418 id
371 2381 524 2424 electus,
561 2385 601 2418 ut
629 2381 707 2418 cius
735 2381 935 2418 autoritate
963 2381 1149 2419 unanimis
1177 2382 1289 2419 simul
1318 2382 1486 2419 omnium
1515 2395 1607 2419 cou-

75 2459 204 2484 sensus
240 2446 278 2484 in
315 2446 426 2484 rebus
464 2446 638 2483 omnibus
674 2446 896 2492 retineatur,
935 2446 1040 2497 isque
1077 2459 1140 2497 per
1178 2446 1412 2484 Maiestatem
1451 2447 1607 2496 Regiam

75 2511 393 2562 Sapei-intendens
419 2511 459 2548 in
487 2511 700 2562 Diplomatc
728 2510 846 2560 Regio
877 2516 1042 2549 vocatur.
1082 2510 1150 2548 Est
1177 2515 1302 2549 autem
1330 2511 1403 2549 hoc
1423 2511 1605 2549 duntaxat

75 2576 228 2614 nominc
263 2576 344 2614 aliis
382 2576 560 2627 superior,
587 2575 688 2626 quod
715 2576 797 2626 plus
827 2576 966 2614 laboris
994 2589 1038 2614 ac
1065 2589 1175 2614 curae
1203 2577 1384 2615 sustineat
1411 2577 1496 2614 aliis
1525 2589 1606 2613 om-

76 2641 198 2685 nibus.
235 2654 311 2679 non
347 2646 493 2679 tantum
529 2640 570 2678 in
605 2639 850 2689 gubernanda
878 2640 1047 2678 Ecclesia
1075 2645 1172 2687 tota,
1213 2641 1344 2679 sedin
1373 2640 1605 2679 defendenda

71 2706 136 2745 illa
163 2705 275 2743 etiam
303 2705 478 2743 adversus
507 2709 661 2742 conatus
690 2717 818 2743 omnes
846 2705 1015 2743 omnium
1042 2704 1341 2743 adversariorum
1370 2709 1406 2743 et
1433 2706 1605 2743 unanimi

76 2770 243 2808 omnium
280 2783 463 2808 consensu
499 2770 538 2808 in
567 2769 758 2808 doctrinae
787 2769 1051 2808 controversiis
1079 2771 1287 2810 retinendo,
1344 2771 1538 2809 Caeterum
1570 2770 1608 2809 in

124 2912 148 2950 ¹)
172 2913 240 2943 Act.
263 2912 313 2943 20.
357 2912 474 2954 Philip.
499 2913 526 2944 1.
571 2913 633 2944 Tit.
659 2914 685 2944 1.
732 2913 748 2944 1
773 2913 854 2944 Tim.
879 2915 906 2945 5.
1161 2915 1188 2952 ²)
1213 2914 1229 2945 1
1254 2913 1327 2946 (lor.
1352 2913 1401 2947 12.

1414 2969 1461 3006 4*
