1830 3147
95 714 207 745 Roma.
233 712 281 743 13.

94 974 196 1016 Ephe.
218 974 250 1004 4.

94 1016 208 1047 zacha.
231 1015 261 1046 8.

93 1058 214 1089 Psalm.
241 1058 291 1089 15.

94 1101 169 1132 Pro.
197 1100 246 1138 10,
274 1100 325 1131 11.

96 1143 185 1174 Gala.
210 1142 239 1174 6.

95 1185 184 1215 Pete.
210 1186 240 1216 4.

96 1228 112 1258 1
141 1227 214 1258 Cor.
240 1226 290 1257 13.

95 1535 196 1567 Exod.
220 1536 271 1567 22.

98 1578 213 1609 Leviti.
237 1579 286 1610 18.

95 1620 228 1651 Prover.
248 1621 277 1652 6.

96 1662 186 1694 Ioan.
213 1662 262 1693 18.

95 1704 191 1735 Dent.
219 1705 270 1736 18.

99 1746 229 1777 Prover.
250 1747 300 1778 19.

97 1788 192 1821 Deut.
215 1790 243 1826 1,
268 1789 316 1821 16.

96 2654 188 2685 Rom.
212 2652 241 2685 7.

96 2696 217 2726 Mathe.
242 2696 271 2726 5.

96 2738 191 2769 Dent.
218 2737 268 2767 10.

93 2779 194 2820 Ephe.
216 2780 248 2810 4.

95 2821 214 2852 Colosi.
238 2822 267 2852 3.

377 140 449 176 386
852 146 1028 174 estnon.
1060 146 1166 174 EGCL.
1197 145 1312 175 LoND.

971 509 1109 548 Interr.
1139 511 1199 547 68.

436 574 538 612 Quid
570 578 625 612 est
655 587 796 611 nonum
825 574 1093 624 praeceptum?

1032 638 1144 688 Resp.

434 703 495 741 Ne
522 701 736 740 testificeris
764 701 861 740 falso
892 707 1023 739 contra
1052 701 1266 752 proximum
1294 706 1414 742 tuum.

972 768 1112 806 Interr.
1142 770 1202 805 69.

435 832 639 872 Quomodo
668 832 891 871 observatur
917 832 1010 870 illud
1039 833 1303 883 praeceptum?

1029 896 1141 947 Resp.

434 962 562 999 Quum
589 961 628 998 in
657 962 762 999 omni
789 961 887 999 vitae
915 960 1083 1010 agendae
1112 961 1270 1005 ratione,
1297 961 1525 1007 actionibus,
1545 961 1667 999 verbis
1687 965 1796 1013 atque

382 1025 557 1076 operibus
591 1025 671 1063 sine
698 1026 774 1063 ulla
802 1027 906 1074 (26³)
935 1026 1173 1063 simulalione
1201 1026 1393 1063 veritatem
1431 1026 1627 1063 laudamus
1655 1029 1691 1063 et
1718 1026 1796 1063 elo-

382 1090 544 1141 quimur,
571 1103 728 1141 eamque
756 1090 861 1128 omni
888 1090 962 1127 fide
989 1094 1026 1127 et
1054 1090 1263 1140 diligentia,
1293 1095 1474 1141 quantum
1503 1103 1572 1141 pro
1601 1086 1797 1128 vocatione

381 1154 505 1201 liceat,
540 1157 701 1200 tuemur,
735 1154 907 1204 proximo
937 1157 1068 1192 nostro
1097 1154 1276 1192 adsumus
1304 1154 1345 1191 in
1371 1153 1625 1204 promovendo
1655 1153 1798 1190 honore

381 1218 501 1269 ipsius
538 1221 650 1269 atque
687 1218 800 1264 fama,
836 1222 873 1256 et
909 1230 1020 1255 omne
1050 1217 1211 1256 dedecus
1239 1218 1330 1264 eius,
1358 1217 1464 1268 quasi
1492 1221 1661 1255 nostrum
1691 1220 1800 1263 esset,

383 1285 508 1332 tegere
535 1280 656 1332 parati
685 1292 828 1319 sumus,

968 1346 1108 1385 Interr.
1139 1348 1198 1386 70.

435 1411 643 1450 Quomodo
673 1410 837 1448 violatur
863 1415 1100 1461 praeceptum
1131 1411 1230 1448 hoc?

1033 1475 1144 1526 Rcsp.

438 1542 567 1580 Quum
596 1543 726 1578 contra
754 1540 967 1590 proximum
997 1544 1167 1578 nostrum
1191 1540 1405 1584 mentimur,
1428 1540 1523 1576 falso
1543 1539 1800 1585 testificamur,

382 1606 463 1656 sive·
496 1606 569 1644 tale
611 1604 702 1656 quid
738 1605 816 1642 ullo
854 1605 966 1642 modo
994 1605 1245 1656 permittimus
1274 1604 1331 1642 vel
1358 1605 1524 1655 patimur
1563 1604 1659 1653 (sive
1685 1605 1798 1642 iudex

381 1671 522 1717 sedeas,
557 1669 634 1708 sive
660 1668 866 1707 advocatus
894 1669 957 1715 sis,
984 1669 1233 1720 proloquutor
1262 1669 1339 1706 sive
1375 1669 1514 1717 testis),
1541 1673 1577 1707 et
1604 1669 1798 1707 veritatem

381 1736 615 1773 occultamus
644 1733 899 1780 simulatione,
925 1747 1038 1785 prava
1067 1735 1294 1785 suspicione,
1322 1734 1573 1780 incusatione,
1600 1733 1799 1779 calumnia,

381 1801 439 1839 vel
466 1800 571 1838 omni
598 1799 713 1837 noxia
741 1798 935 1837 reticentia
963 1803 1026 1837 aut
1064 1799 1344 1846 vociferatione,
1373 1798 1510 1850 quibus
1539 1799 1644 1847 (261³)
1672 1799 1710 1836 in
1738 1798 1796 1836 iu-

382 1865 481 1903 dicio
508 1865 567 1903 vel
593 1863 685 1902 alibi
705 1862 828 1900 honor
846 1863 979 1914 ipsius,
999 1869 1110 1915 caput
1131 1877 1173 1902 ac
1192 1877 1328 1902 nomen
1351 1863 1614 1901 detrimentum
1638 1866 1797 1914 caperet.

968 1994 1105 2031 Interr.
1136 1995 1195 2033 71.

432 2058 537 2097 Quid
567 2063 623 2098 est
652 2059 838 2097 decimum
868 2060 1133 2109 praeceptum?

1035 2123 1147 2173 Resp.

432 2189 492 2227 Ne
531 2188 777 2239 concupiscas
806 2187 958 2225 domum
988 2187 1154 2237 proximi
1183 2187 1250 2234 tui,
1277 2200 1398 2238 neque
1426 2199 1581 2224 uxorem
1609 2185 1702 2232 eius,
1728 2198 1794 2222 ne-

379 2267 450 2305 que
478 2267 625 2292 servum
654 2253 745 2298 eius,
771 2266 893 2303 neque
919 2252 1095 2290 ancillam
1124 2252 1216 2298 eius,
1242 2265 1363 2303 neque
1394 2252 1524 2289 bovem
1553 2250 1646 2297 eius,
1674 2262 1794 2301 neque

379 2319 526 2356 asinum
563 2317 656 2363 eius,
691 2329 812 2368 neque
849 2329 980 2365 agrum
1016 2315 1147 2366 ipsius,
1183 2316 1277 2354 nihil
1307 2315 1467 2366 denique
1502 2314 1600 2365 quod
1630 2313 1792 2364 proximi

378 2384 435 2421 tui
462 2387 517 2422 est
547 2381 802 2433 concupisces.
1707 2379 1709 2382 “

968 2446 1107 2485 Interr.
1137 2447 1196 2486 72.

432 2512 637 2551 Quomodo
663 2514 899 2562 praeceptum
929 2509 1027 2547 illud
1055 2510 1299 2548 observatur?

1028 2575 1140 2626 Resp.

433 2642 563 2680 Hocce
598 2644 795 2693 praecepto
830 2639 974 2690 reliqua
1012 2640 1138 2677 omnia
1175 2642 1370 2690 praecepta
1406 2635 1543 2688 prioris
1571 2639 1608 2673 et
1636 2635 1790 2674 alterius

381 2707 532 2745 tabulae
578 2707 816 2744 declarantur
859 2709 895 2742 et
941 2705 1189 2755 explicantur.
1245 2703 1490 2747 observatur,
1526 2702 1628 2749 (27³)
1674 2714 1790 2752 quum

379 2771 529 2822 penitus
566 2784 692 2808 amore
729 2770 798 2807 Dei
834 2772 870 2806 et
905 2768 1067 2819 proximi
1104 2768 1224 2806 nostri
1253 2766 1423 2818 praediti,
1450 2766 1491 2803 in
1520 2765 1630 2802 corde
1659 2769 1788 2802 nostro

379 2835 491 2873 liberi
528 2838 563 2873 et
600 2835 707 2873 vacui
736 2847 862 2871 sumus
890 2833 938 2870 ab
966 2832 1070 2870 omni
1096 2846 1211 2883 prava
1240 2830 1557 2881 concupiscentia,
1584 2841 1789 2879 numquam

380 2899 525 2954 aliquid
573 2899 755 2950 cupimus,
800 2898 1008 2947 cogitamus
1055 2898 1112 2934 vel
1157 2897 1196 2934 in
1241 2896 1406 2934 animum
1451 2894 1679 2941 inducimus,
1714 2893 1788 2931 nisi
