1830 3147
1561 130 1606 166 81

69 241 132 279 hic
177 240 374 293 dispersae,
407 244 449 279 ut
482 253 549 292 pro
586 240 666 279 cius
701 239 963 290 magnitudine
1005 239 1051 278 ad
1097 254 1215 279 unum
1259 241 1418 292 aliquem
1458 242 1600 277 certum

68 304 194 343 locum
220 305 392 343 iuventus
419 304 535 342 totius
562 303 753 342 Ecclesiae
779 316 856 342 non
891 303 1000 341 facile
1037 305 1235 342 convenire
1266 304 1399 355 possit,
1424 303 1504 341 fieri
1523 316 1601 341 non

70 372 195 420 potest
230 370 353 414 etiam,
388 373 428 407 ut
463 368 503 407 in
540 369 699 419 singulis
736 369 875 407 nostris
912 367 1103 412 Ecclesiis,
1130 368 1279 406 scholae
1306 368 1509 419 peculiares
1538 371 1602 406 aut

70 430 324 481 ludimagistri
352 430 572 469 habeantur.
628 431 706 469 Qui
732 434 856 469 tamen
885 429 930 467 ad
969 430 1178 468 docendum
1217 435 1303 468 sunt
1338 430 1416 481 apti
1452 430 1491 467 in
1528 430 1602 467 Ec-

73 494 196 540 clesia,
230 495 273 532 hi'
305 508 381 540 eos,
415 495 479 546 qui
514 495 554 532 in
590 495 727 533 vicinia
753 494 904 532 illorum
931 499 1138 540 morantur,
1166 495 1356 532 Ecclesiae
1382 507 1518 545 pueros
1546 495 1605 531 in-

72 559 246 606 stituunt,
278 563 389 611 atque
423 560 470 598 ad
506 560 644 611 templa
672 563 799 609 nostra
840 559 971 597 diebus
999 559 1117 603 festis,
1144 559 1380 610 potissimum
1409 565 1531 598 autem
1559 559 1605 597 ad

75 623 301 662 Catechismi
337 624 624 676 explicationem
652 629 688 663 et
715 623 1031 662 examinationem
1060 623 1264 667 adducunt,
1291 624 1606 674 quemadmodum

72 691 201 738 postea
239 689 336 726 circa
372 702 481 726 usum
521 689 746 727 Catechismi
783 689 939 728 dicetur.
995 689 1181 726 Absoluta
1218 687 1334 737 igitur
1370 689 1444 726 iam
1471 693 1609 726 tracta-

74 751 178 790 tione
215 752 259 791 de
294 753 496 791 ordinariis
534 766 577 791 ac
604 753 765 805 publicis
796 752 984 791 Ministris
1013 756 1226 790 nostrarum
1265 752 1520 790 Ecclesiarum
1548 765 1611 790 eo-

74 829 232 868 rumque
260 818 441 856 electione
469 822 506 856 et
533 818 821 868 inauguratione
849 818 1014 869 publica,
1040 821 1155 856 restat
1182 817 1258 854 iam
1284 821 1327 855 ut
1356 817 1399 855 de
1427 817 1609 868 partibus,

77 883 261 934 simulque
287 884 397 922 etiam
426 884 563 922 ritibus
590 883 733 936 publici
760 884 799 922 in
828 882 967 921 nostris
995 881 1175 920 Ecclesiis
1205 881 1409 920 Ministerii
1431 881 1610 919 dicamus.

202 1053 276 1086 DE
297 1052 564 1086 PARTIBUS
586 1051 802 1085 PUBLICI
821 1050 1127 1085 MINISTERII
1146 1049 1211 1083 IN
1230 1049 1494 1084 EGCLESIIS

451 1107 877 1142 PEREGRINORUM
894 1105 1131 1140 LoNDlNI.
1155 1109 1243 1147 (57).

131 1258 307 1297 Quatuor
341 1260 429 1295 sunt
455 1256 683 1308 {praecipuae
710 1259 835 1307 partes
862 1255 979 1293 totius
1009 1253 1215 1292 Minister-ii
1241 1252 1384 1304 publici
1410 1251 1450 1289 in
1478 1249 1618 1288 nostris

82 1323 272 1369 Ecclesiis,
308 1322 348 1360 in
385 1322 523 1374 quibus
559 1335 670 1359 omne
704 1321 1014 1359 Ecclesiasticum
1051 1320 1128 1357 fere
1157 1317 1413 1357 Ministerium
1441 1320 1622 1362 versatur,

82 1401 235 1439 nempe:
272 1387 527 1426 Ministerium
568 1386 684 1430 verbi,
713 1388 1053 1431 Sacramentorum,
1082 1384 1297 1422 Mensarum
1328 1396 1392 1420 seu
1420 1383 1623 1431 eleemosy-

84 1466 217 1491 narum
253 1457 289 1490 et
323 1451 426 1490 Usus
464 1451 748 1490 Ecclesiasticae
785 1450 1029 1502 Disciplinae,
1076 1462 1170 1500 quae
1214 1447 1341 1485 omnia
1386 1458 1454 1485 suo
1491 1445 1623 1483 ordine

84 1517 235 1568 suisque
268 1517 404 1555 ritibus
441 1530 483 1555 ac
521 1517 740 1555 ceremoniis
776 1517 817 1554 in
853 1515 993 1554 nostris
1031 1514 1211 1553 Ecclesiis
1253 1514 1513 1551 observantur.
1568 1510 1624 1548 De

85 1582 223 1634 quibus
261 1581 417 1631 singulis
454 1581 565 1620 nobis
600 1582 675 1619 iam
717 1582 916 1619 dicendum
959 1580 1039 1624 erit,
1067 1583 1103 1617 et
1131 1578 1394 1630 exponendum
1431 1577 1476 1614 ad
1513 1589 1622 1627 quem

87 1647 239 1685 modum
268 1647 416 1696 singula
443 1647 702 1685 observentur.

138 1786 190 1813 DE
221 1785 346 1812 VERBI
377 1784 624 1811 MINISTERIO
654 1783 695 1810 IN
730 1783 933 1811 EchESHS
962 1782 1289 1811 PEREGRINORUM
1318 1781 1501 1809 LONDINI.

144 1969 259 2008 Verbi
297 1969 550 2008 Ministerium
586 1969 625 2007 in
653 1969 793 2007 nostris
821 1968 1001 2007 Ecclesiis
1029 1967 1177 2019 publice
1211 1967 1431 2005 observatur
1466 1966 1506 2004 in
1535 1978 1625 2003 con-

91 2034 263 2071 cionibus
299 2034 443 2072 dierum
481 2033 766 2072 Dominicorum
805 2034 1039 2084 aliorumque
1079 2032 1290 2077 Festorum,
1325 2035 1403 2069 tum
1432 2030 1627 2068 matutinis

90 2102 169 2136 tum
204 2098 483 2149 pomeridianis,
519 2098 557 2135 in
597 2098 824 2135 Catechismi
863 2097 1111 2148 explicatione
1138 2101 1249 2148 atque
1276 2095 1564 2140 examinatione,
1594 2098 1629 2131 et

91 2164 131 2201 in
159 2163 371 2214 Prophetiis
400 2163 618 2212 vulgaribus
647 2176 710 2201 seu
737 2163 899 2214 publicis
936 2163 1204 2214 scripturarum
1241 2160 1509 2198 collationibus
1538 2159 1628 2196 doc-

91 2229 285 2280 trinaeque
332 2228 372 2265 in
417 2228 666 2266 concionibus
703 2227 853 2265 habitae
890 2227 1172 2278 approbatione.
1228 2226 1283 2264 De
1320 2225 1477 2275 singulis
1513 2224 1629 2273 igitur

93 2294 175 2331 istis
202 2295 303 2342 (58),
331 2292 378 2331 ad
406 2306 516 2344 quem
547 2292 699 2330 modum
729 2292 988 2337 observentur,
1016 2291 1194 2329 dicemus.

248 2425 307 2461 De
342 2422 421 2460 ritu
458 2426 569 2470 atque
596 2421 726 2459 ordine
763 2420 971 2459 concionum
996 2419 1234 2469 popularium
1262 2417 1475 2456 Dominicis

297 2501 341 2526 ac
364 2487 482 2536 festis
508 2486 634 2524 diebus
661 2486 700 2524 in
729 2486 914 2524 Eoolesiis
943 2484 1228 2535 Pereqrinornm
1256 2483 1434 2522 Londini.

150 2618 217 2656 Est
251 2618 323 2656 hoc
359 2631 447 2656 sane
481 2617 520 2654 in
560 2615 821 2654 Ministrorum
857 2615 962 2653 verbi
1000 2619 1035 2652 et
1073 2613 1271 2652 Seniorum
1307 2612 1498 2650 Ecclesiae
1525 2616 1632 2663 pote-

98 2686 193 2721 state
232 2682 407 2734 positum,
445 2687 486 2719 ut
522 2680 729 2718 Ecclesiam
767 2680 813 2717 ad
843 2684 989 2718 coetum
1016 2679 1208 2730 publicum
1236 2682 1458 2721 convocent,
1486 2676 1632 2727 quoties

96 2746 134 2784 id
172 2747 295 2798 aliqua
331 2746 520 2783 Ecclesiae
559 2745 616 2782 vel
646 2744 845 2782 necessitas
875 2745 931 2782 vel
959 2743 1101 2794 alioqui
1137 2743 1280 2781 utilitas
1318 2742 1463 2780 videtur
1498 2744 1631 2792 postu—

98 2813 185 2850 lare.
241 2814 298 2849 Ac
333 2816 411 2849 tum
448 2811 596 2862 quidem
632 2823 774 2861 semper
814 2810 855 2848 in
894 2809 1063 2861 quolibet
1109 2813 1217 2847 coetu
1263 2809 1387 2859 aliqua
1433 2807 1579 2850 concio,
1613 2819 1632 2843 e

101 2877 295 2928 scripturis
336 2876 527 2927 desumpta
566 2875 738 2921 habetur,
774 2889 865 2927 quae
902 2875 1062 2914 maxime
1091 2874 1135 2913 ad
1159 2874 1374 2912 institutum
1402 2872 1549 2911 videtur
1576 2871 1633 2909 sa·

149 2941 205 2982 11.
359 2949 362 2952 “
1458 2940 1480 2976 6
