1830 3147
794 82 859 119 701
1321 85 1380 132 [A.
1409 84 1455 122 D.
1483 86 1594 134 1554]

59 190 252 226 etiamnum
285 188 369 224 mihi
395 187 594 224 faciendum
619 200 694 225 esse
718 191 852 236 putem,
887 190 1093 238 priusquam
1117 190 1161 227 de
1186 191 1417 229 Celsitudinis
1436 196 1518 231 tuae
1534 207 1594 232 vo-

59 249 199 286 luntate
223 249 352 286 certior
377 248 467 284 flam.
500 247 544 283 In
570 260 673 284 causa
697 249 878 295 religionis
904 263 1026 287 servus
1051 251 1231 287 hominum
1253 265 1328 290 esse
1353 266 1423 290 non
1441 267 1595 302 possum,

60 313 289 359 posteaquam
314 308 420 346 semel
444 308 568 355 iugum
601 308 705 345 huius
738 310 922 346 servitutis
954 324 1015 359 per
1049 311 1117 347 Dei
1149 313 1298 358 gratiam
1325 315 1473 358 excussi,
1498 327 1594 363 prae-

61 372 183 408 sertim
219 371 302 407 dum
336 383 376 407 ea
409 382 500 417 quae
532 369 714 413 docentur,
749 371 847 407 verbi
873 372 994 408 Divini
1027 374 1220 410 autoritate
1253 387 1325 411 non
1357 375 1460 412 video
1486 377 1596 413 solide

60 436 169 480 atque
195 430 374 469 evidenter
398 431 627 479 comprobari.
663 432 798 468 Deinde
823 433 1038 481 hypocritam
1064 434 1126 471 hac
1151 435 1188 470 in
1224 441 1324 483 parte
1362 437 1469 474 etiam
1494 450 1596 485 agere

60 507 133 530 11011
166 506 321 541 possum,
358 493 388 528 si
420 492 501 539 quis
533 504 643 528 meam
677 493 887 529 sententiam
921 495 1090 541 requirat,
1123 504 1266 543 paratus
1299 497 1441 534 interim
1474 499 1597 535 audire

59 556 147 592 alios
181 555 295 590 multo
327 553 569 597 libentissime,
606 553 757 601 denique
791 557 826 590 et
860 555 992 592 discere
1024 556 1178 600 meliora,
1213 570 1302 604 quae
1328 571 1370 595 ex
1395 559 1502 595 verbo
1528 560 1596 596 Dei

61 617 300 664 proferuntur.
350 615 447 651 Haec
485 614 650 661 quoniam
685 627 756 650 non
790 615 889 652 facile
923 630 943 652 a
976 617 1150 665 plerisque
1184 618 1266 655 ferri
1292 620 1406 664 video,
1442 624 1478 657 et
1502 621 1595 669 apud

62 680 158 712 tuam
181 688 323 723 quoque
349 675 608 711 Celsitudinem
633 675 823 712 nonnullos
848 676 884 712 id
909 690 1009 725 aegre
1034 678 1169 715 laturos
1194 692 1270 716 esse
1294 693 1415 716 vereor
1443 682 1596 728 (etiamsi

62 736 104 772 de
130 740 212 773 tuae
238 735 466 772 Celsitudinis
492 735 667 784 probitate
693 737 825 784 optima
850 750 1011 785 quaeque
1037 740 1120 774 mihi
1137 740 1336 777 indubitato
1354 742 1595 790 persuadeam)

62 797 186 844 putavi
211 797 295 833 mihi
319 797 571 844 expectandum
596 809 683 840 esse,
708 800 750 833 ut
776 797 817 833 de
842 800 924 834 tuae
951 799 1179 836 Celsitudinis
1203 801 1319 837 animo
1346 802 1408 838 hac
1436 803 1472 838 in
1497 807 1599 850 parte

64 859 193 895 certior
225 859 314 895 fiam.
364 859 486 905 Atque
521 858 586 894 1100
612 858 727 906 ipsum
752 858 863 895 adhuc
890 860 995 895 etiam
1021 864 1177 908 expecto.
1226 862 1275 898 Et
1301 863 1330 899 si
1355 864 1489 907 scirem,
1516 864 1599 900 haec

65 919 101 954 in
136 932 189 956 me
222 919 314 967 apud
348 922 444 955 tuam
484 919 740 956 Celsitudinem
775 920 856 956 ferri
881 933 994 968 posse,
1036 935 1107 957 non
1140 922 1292 959 multum
1325 924 1527 961 immorarer
1559 925 1597 961 in

64 980 281 1017 instituendo
315 980 408 1016 istuc
441 993 517 1016 meo
543 980 689 1016 itinere:
717 980 770 1015 sin
796 981 924 1024 minus,
950 986 1027 1017 tum
1052 982 1120 1018 alio
1147 983 1238 1019 forte
1262 984 1462 1031 cogitarem.
1514 986 1596 1022 Meo

65 1042 150 1078 mihi
182 1042 324 1078 interim
358 1048 475 1078 tamen
510 1041 621 1078 officio
648 1041 792 1077 functus
818 1042 973 1086 videbor,
1000 1043 1094 1090 quod
1119 1046 1201 1080 tuae
1226 1045 1436 1081 Celsitudini
1461 1046 1596 1083 detule-

65 1104 130 1140 rim
159 1116 299 1151 operam
324 1115 447 1140 meam.
489 1103 602 1139 Mitto
629 1106 712 1138 tuae
739 1102 952 1139 Celsitudiui
978 1103 1117 1139 brevem
1143 1117 1253 1140 meam
1278 1105 1530 1141 consessionem
1556 1106 1598 1142 (10

65 1166 187 1199 nostra
211 1175 291 1199 cum
318 1163 458 1198 Christo
485 1161 636 1198 Domino
663 1163 908 1199 communione
949 1166 984 1199 et
1019 1163 1061 1200 de
1094 1165 1248 1212 corporis
1273 1164 1359 1201 item
1397 1166 1528 1201 Christi
1563 1167 1599 1202 in

63 1237 171 1261 coena
203 1224 387 1260 Dominica
419 1225 619 1260 exhibitione
645 1226 687 1271 2),
713 1236 818 1270 quam
855 1224 909 1260 hic
944 1237 1038 1261 1111110
1070 1225 1183 1261 aedidi
1215 1228 1358 1273 propter
1383 1226 1596 1263 obtrectato-

66 1299 143 1322 rum
170 1285 391 1333 quorundam
416 1285 621 1329 calumnias,
648 1285 712 1332 qui
737 1286 879 1321 interim
914 1286 1102 1322 amicitiam
1135 1286 1301 1323 simulant
1335 1290 1370 1323 et
1395 1300 1458 1335 pro
1485 1288 1599 1323 fratri—

66 1347 131 1383 bus
165 1347 283 1383 haberi
308 1346 436 1383 volunt
461 1347 502 1394 3).
553 1346 766 1382 Commendo
792 1359 847 1382 me
872 1346 1006 1393 gratiae
1032 1346 1262 1383 Celsitudinis
1287 1350 1369 1383 tuae
1395 1360 1498 1394 quam
1524 1347 1600 1383 dili-

67 1408 282 1454 gentissime,
308 1411 344 1443 et
379 1408 496 1443 Deum
529 1420 603 1451 oro,
637 1411 679 1443 ut
704 1411 803 1443 tuam
841 1407 1095 1443 Celsitudinem
1127 1420 1198 1443 una
1230 1421 1309 1444 cum
1344 1407 1438 1444 illius
1474 1408 1602 1444 familia

67 1472 222 1514 natoque
256 1481 327 1504 11011
359 1469 410 1504 ita
443 1468 575 1515 pridem
611 1481 704 1504 novo
739 1468 884 1504 haerede
910 1470 940 1515 4)
975 1468 1164 1506 clementer
1199 1472 1316 1506 servet
1349 1472 1384 1506 et
1417 1470 1601 1517 gubernet.

69 1530 220 1565 Aemdae
246 1531 371 1576 quarta
396 1529 495 1564 Iunii
520 1530 626 1565 Anno
653 1530 761 1565 1554.

666 1589 938 1626 Illustrissimae
965 1589 1179 1625 Celsitudini
1204 1591 1286 1625 tuae
1311 1589 1578 1634 addictissimus,

868 1652 1033 1688 IOANNES
1057 1652 1078 1686 a
1104 1651 1238 1693 Lisco,
1267 1664 1310 1686 m.
1338 1662 1387 1696 pr.

109 1760 134 1799 ¹)
157 1759 206 1791 De
233 1760 317 1793 Guil.
344 1761 502 1802 (hapham,
525 1762 603 1793 alias
631 1762 783 1801 Fullonia,
808 1763 849 1795 cf.
872 1763 1044 1800 MEINERS,
1068 1773 1097 1793 o.
1114 1762 1134 1793 l.
1154 1761 1180 1793 I.
1204 1761 1253 1793 29.
1277 1761 1324 1792 De
1341 1760 1407 1792 eius
1425 1771 1496 1792 cum
1511 1760 1601 1792 Duce

65 1816 174 1847 Pruss.
197 1816 254 1849 rel.
276 1817 456 1855 ARN01.DT,
483 1818 728 1859 Kirchenyesch.
754 1819 877 1850 Preuss.
901 1819 938 1849 Y.
963 1819 993 1856 8,
1019 1817 1154 1850 13-17.
1192 1818 1218 1857 Ξ)
1243 1817 1292 1848 De
1319 1817 1435 1848 Christi
1457 1817 1603 1848 incarna-

64 1872 151 1903 tione
182 1883 212 1904 v.
246 1873 295 1904 ed.
326 1876 428 1905 nostr.
456 1874 491 1906 Τ.
522 1875 548 1906 Ι.
581 1875 641 1906 235
666 1886 713 1917 sq.
759 1876 785 1914 3)
811 1874 957 1917 Respicit
981 1886 1026 1913 ea,
1052 1885 1130 1915 quae
1155 1877 1266 1905 contra
1289 1884 1361 1905 eum
1383 1873 1487 1904 moliti
1511 1877 1601 1904 erant

66 1928 162 1960 aulici
187 1939 259 1960 cum
281 1929 455 1962 Lutheran.
479 1931 668 1970 fautoribus,
692 1942 722 1963 v.
746 1931 830 1963 infra
854 1934 964 1963 annot.
987 1931 1020 1962 in
1042 1931 1102 1972 Ep.
1126 1930 1197 1962 103.
1229 1931 1257 1970 ⁴)
1281 1931 1358 1961 Mox
1380 1932 1486 1961 tamen
1510 1929 1602 1961 obiit.

820 2135 850 2171 B
1178 2134 1227 2183 [Ex
1244 2136 1389 2171 Arch.Serr,
1403 2136 1461 2176 [teg.
1477 2133 1602 2181 Region]

619 2259 678 2296 Ad
703 2260 761 2296 Du
767 2270 843 2295 CEM
867 2258 1065 2294 Pnussm.

120 2375 365 2413 Illustrissime
400 2379 592 2427 Princeps!
644 2380 734 2415 Post
760 2380 907 2427 scriptas
932 2378 1068 2414 litteras
1093 2376 1199 2412 allata
1224 2378 1276 2411 est
1302 2375 1383 2410 mihi
1409 2374 1602 2421 disputatio

74 2436 193 2473 habita
223 2450 334 2485 nuper
360 2438 395 2474 in
422 2440 551 2486 Anglia
576 2441 643 2476 iam
669 2444 750 2487 post
776 2453 890 2476 meum
915 2439 1048 2475 abitum
1074 2438 1110 2473 in
1135 2449 1237 2472 causa
1262 2435 1534 2471 Sacramentaria
1562 2436 1603 2481 ¹).

71 2497 174 2533 Hanc
199 2498 308 2546 igitur
333 2502 415 2536 tuae
442 2501 663 2544 Celsitudini,
690 2514 769 2537 eum
795 2501 889 2537 aliud
914 2513 1007 2536 nunc
1033 2499 1075 2535 ad
1099 2510 1238 2533 manum
1265 2509 1334 2532 non
1353 2500 1454 2539 esset,
1484 2496 1602 2533 mitto.

74 2554 283 2602 Quanquam
301 2560 419 2593 autem
437 2571 510 2593 eam
528 2558 600 2594 illie
617 2558 815 2595 libertatem
834 2559 1034 2606 permissam
1053 2569 1120 2592 non
1140 2568 1213 2592 esse
1230 2554 1330 2590 video
1351 2555 1479 2590 nostris
1497 2566 1601 2600 quam

73 2613 272 2651 Christiana
304 2616 436 2663 alioqui
468 2617 661 2664 disputatio
688 2618 861 2664 poscebat,
888 2620 1003 2652 tamen
1029 2628 1072 2651 ne
1097 2617 1237 2650 tantum
1264 2613 1403 2660 quidem
1428 2612 1604 2649 libertatis

75 2674 175 2709 nobis
209 2679 264 2711 est
297 2689 499 2713 concessum
532 2678 623 2724 apud
657 2691 715 2714 eos
741 2679 803 2725 qui
829 2676 1127 2725 Euangelicissimi
1153 2675 1268 2711 haberi
1294 2673 1429 2716 volunt,
1454 2673 1497 2709 ad
1522 2673 1601 2710 doc-

77 2734 189 2771 trinae
221 2745 362 2774 nostrae
396 2739 693 2787 approbationem,
727 2742 900 2786 quantum
934 2738 1218 2774 antichristianae
1244 2735 1438 2784 tyrannidis
1473 2747 1600 2783 propu-

73 2799 239 2841 gnatores
272 2800 402 2836 nostris
436 2800 547 2836 adhuc
579 2800 615 2836 111
647 2800 777 2847 Anglia
808 2801 1051 2848 permiserunt.
1111 2799 1208 2834 Haec
1246 2801 1299 2834 est
1324 2797 1457 2834 scilicet·
1482 2797 1601 2833 Eccle-

72 2855 198 2893 siarum
237 2861 431 2904 restitutio,
471 2864 511 2896 ut.
548 2861 640 2908 quod
679 2863 783 2897 semel
819 2862 989 2897 tuendum
1025 2860 1250 2907 suscepimus,
1286 2859 1318 2894 id
1345 2871 1388 2894 ne
1413 2859 1603 2894 examinari
