1830 3147
189 124 235 162 16

187 235 297 272 nobis
326 237 361 272 et
388 233 468 282 igni
495 231 795 271 interdicendum
824 246 903 271 esse
929 236 1073 285 putent.
1113 237 1303 272 Accusant
1331 247 1400 273 nos
1429 235 1466 272 in
1497 234 1574 272 suis
1603 235 1722 272 farra-

186 300 319 350 ginum
348 298 586 344 centonibus,
612 297 710 349 quod
742 297 931 336 Ecclesias
957 299 1232 350 perturbemus.
1263 299 1338 337 Sed
1366 300 1397 337 si
1415 313 1609 338 accusasse
1628 313 1725 338 nova

187 368 433 418 suspectaque
470 364 646 414 dogmata
683 365 738 412 (et
766 363 916 415 quidem
945 364 1024 402 sine
1054 365 1233 403 conviciis
1262 369 1326 403 aut
1352 365 1591 417 praeiudiciis
1620 365 1723 413 ullis)

185 435 241 470 est
267 430 506 482 perturbasse
533 429 755 476 Ecclesiam,
781 443 858 467 non
886 430 1191 478 immerito-sane
1218 430 1318 481 Papa
1346 436 1525 482 utrosque
1552 443 1621 469 nos
1641 433 1723 468 tur·

186 496 316 533 barum
355 494 558 532 accusabit.
613 495 654 531 Si
689 508 808 545 usque
845 494 937 532 adeo
974 495 1049 532 illis
1085 495 1323 533 intolerabile
1361 496 1519 541 videtur,
1547 496 1724 545 dogmata

183 561 351 612 ipsorum
379 559 558 603 accusari,
587 564 627 597 ut
654 573 723 597 nos
751 559 799 597 ad
827 560 930 597 nulla
960 560 1146 611 colloquia
1177 560 1290 598 velint
1317 560 1524 606 admittere,
1552 561 1662 598 facile
1689 564 1725 598 et

184 637 255 662 nos
289 623 330 661 in
369 624 581 662 universum
617 636 746 661 omnes
783 623 829 661 ad
858 624 1016 661 eundem
1045 624 1196 662 modum
1226 624 1368 663 arcebit
1396 625 1496 677 Papa
1524 626 1570 663 ab
1600 626 1724 663 omni-

186 678 257 727 bus
305 688 517 740 colloquiis,
555 688 641 727 dum
679 693 827 740 recepta
863 689 1085 739 iampridem
1121 703 1259 739 magno
1296 691 1502 728 multorum
1539 704 1725 729 consensu

183 754 301 805 ipsius
345 754 522 803 dogmata
549 767 781 792 accusamus.
838 753 878 790 Si
907 767 992 791 vero
1022 754 1061 791 id
1089 754 1129 792 in
1157 764 1261 806 parte
1289 756 1500 805 tyrannidis
1529 756 1725 794 Antichri-

186 820 305 857 stinae
333 818 521 871 ponimus,
552 831 614 856 cur
643 819 754 856 nobis
782 818 822 855 id
851 818 971 869 ipsum
1001 832 1238 870 usurpamus,
1266 820 1368 870 quod
1396 820 1435 858 in
1465 821 1564 871 Papa
1594 834 1723 858 omnes

185 884 416 922 unanimiter
445 883 696 921 damnamus?
724 882 867 921 Dicunt
896 884 1057 921 Catones
1086 884 1217 928 nostri,
1245 897 1282 921 se
1309 884 1351 921 in
1379 884 1566 935 Papistica
1593 888 1725 934 tyran-

185 948 272 987 nide
300 947 511 985 accusanda
540 948 644 998 sequi
674 947 882 985 doctrinam
913 948 1017 986 verbi
1044 948 1126 987 Dei.
1155 948 1314 1000 Pate-(y
1333 949 1479 996 21³)mur
1506 948 1546 986 id
1573 949 1723 1000 quidem

185 1027 265 1052 esse
301 1026 440 1059 verum,
475 1026 563 1050 nam
600 1016 636 1050 et
672 1026 741 1050 nos
778 1013 934 1050 eandem
971 1014 1020 1050 ob
1059 1027 1206 1051 causam
1246 1013 1460 1065 Papisnrum
1497 1027 1728 1058 accusamus,

188 1078 251 1116 sed
287 1082 323 1115 et
358 1077 399 1114 in
433 1076 656 1114 accusandis
692 1076 857 1127 ipsorum
886 1076 1073 1126 dogmatis
1102 1076 1140 1114 id
1168 1077 1290 1128 ipsum
1319 1090 1388 1115 nos
1416 1078 1537 1115 facere
1564 1078 1723 1114 affirma-

185 1156 281 1181 mus.
336 1141 489 1191 Negant
524 1140 580 1177 illi
619 1141 773 1178 verbum
812 1140 882 1178 Dei
917 1154 937 1178 a
974 1141 1085 1179 nobis
1124 1145 1232 1188 stare,
1269 1146 1305 1179 et
1341 1141 1499 1193 proinde
1526 1142 1725 1191 indignum

185 1221 275 1254 esse,
311 1211 352 1245 ut
388 1206 434 1244 ad
473 1207 701 1257 colloquium
739 1206 994 1245 admittamur.
1047 1207 1102 1244 At
1131 1220 1215 1244 vero
1245 1207 1291 1244 ad
1320 1220 1404 1244 eum
1431 1207 1542 1258 plane
1571 1207 1723 1244 modum

185 1273 298 1311 etiam
331 1272 432 1322 Papa
469 1285 489 1308 a
525 1272 636 1309 nobis
671 1271 841 1322 utrisque
878 1271 1030 1309 verbum
1062 1271 1131 1309 Dei
1160 1276 1258 1309 stare
1287 1276 1408 1321 negat,
1436 1276 1546 1323 atque
1575 1272 1623 1309 ob
1652 1272 1724 1309 hoc

184 1337 422 1388 potissimum
460 1349 541 1381 nos,
570 1340 609 1373 ut
639 1336 867 1380 seductores,
895 1350 915 1374 a
945 1335 1115 1373 conciliis
1144 1341 1255 1374 arcet.
1313 1336 1418 1374 Quid
1447 1338 1553 1374 vero!
1582 1336 1620 1374 id
1650 1336 1722 1374 sibi

187 1401 417 1451 arrogabunt
447 1402 607 1438 Catones
636 1401 768 1443 nostri,
796 1401 896 1451 quod
923 1400 1072 1451 ipsimet
1099 1401 1137 1438 in
1167 1401 1266 1451 Papa
1293 1401 1500 1438 accusant?
1544 1400 1721 1439 Querun-

185 1470 246 1504 tur
274 1479 312 1504 se
340 1466 533 1503 haereseos
562 1479 581 1502 a
614 1461 711 1516 Papa
740 1479 816 1503 non
844 1465 992 1503 auditos
1022 1465 1204 1510 damnari,
1234 1468 1268 1503 et
1297 1465 1446 1503 interim
1476 1465 1624 1516 ipsimet
1653 1478 1722 1502 nos

186 1544 263 1569 non
301 1530 448 1568 auditos
479 1530 743 1568 condemnant.
799 1529 872 1567 Sed
901 1530 1044 1576 dicunt,
1072 1529 1282 1567 doctrinam
1311 1534 1478 1568 nostram
1505 1530 1723 1567 iamdudum

186 1597 389 1634 multorum
427 1596 682 1633 Conciliorum
723 1595 876 1633 calculis
907 1595 1118 1633 damnatam
1148 1608 1238 1640 esse,
1266 1601 1301 1633 et
1328 1595 1486 1646 proinde
1514 1596 1617 1634 nulla
1645 1609 1724 1633 am-

184 1662 283 1714 plius
312 1674 420 1711 egere
447 1661 736 1699 examinatione.
766 1660 902 1698 Itidem
934 1674 1019 1698 vero
1048 1664 1084 1698 et
1112 1660 1289 1699 adversus
1317 1661 1484 1712 ipsorum
1513 1661 1723 1699 doctrinam

186 1728 329 1778 profert
366 1727 479 1777 Papa,
515 1727 580 1777 qui
615 1731 651 1764 et
678 1726 928 1764 Vercellensis
958 1730 992 1764 et
1022 1726 1254 1764 Turonensis
1283 1731 1318 1764 et
1346 1726 1506 1777 plurium
1535 1726 1727 1764 Romano-

185 1806 270 1832 rum
306 1796 341 1830 et
378 1793 423 1829 ad
461 1797 668 1830 extremum
701 1792 1001 1829 Constantiensis
1039 1792 1295 1829 Conciliorum
1334 1792 1491 1830 decretis
1526 1792 1724 1829 transsub-

188 1858 468 1896 stantiationem
496 1871 600 1895 suam
631 1858 925 1908 comprobatam,
952 1862 988 1896 et
1015 1857 1173 1908 proinde
1202 1858 1386 1895 Catonum
1407 1870 1556 1908 quoque
1575 1861 1725 1895 nostro-

188 1936 272 1961 rum
299 1923 509 1961 doctrinam
537 1923 692 1974 perinde
720 1927 830 1973 atque
858 1927 1040 1968 nostram,
1068 1923 1282 1960 damnatam
1310 1935 1389 1960 esse
1416 1923 1594 1961 ostendit.
1634 1923 1725 1960 Cae-

188 1992 309 2026 terum
338 1987 588 2025 Alexandrini
617 1992 746 2025 contra
776 2000 845 2025 nos
874 1987 1034 2024 Concilii
1062 1987 1301 2025 autoritatem
1329 1987 1399 2024 sub
1431 1987 1571 2036 Cyrillo
1600 1987 1725 2038 profe-

189 2060 290 2099 runt,
318 2053 488 2104 Cyril-(y
517 2053 730 2103 3³)lumque
758 2053 953 2091 doctrinae
981 2066 1068 2091 suae
1095 2056 1413 2103 propugnatorem
1442 2053 1598 2091 faciunt.
1642 2052 1725 2089 Nos

190 2130 277 2155 vero
312 2117 350 2154 id
388 2115 634 2154 vanissimum
661 2129 740 2154 esse
769 2116 941 2155 dicimus.
970 2120 1005 2154 et
1034 2116 1243 2153 doctrinam
1270 2116 1448 2167 ipsorum,
1478 2128 1560 2153 cum
1587 2115 1634 2153 ab
1663 2128 1727 2153 eo-

190 2181 275 2219 dem
309 2182 391 2233 ipso
430 2181 571 2232 Cyrillo
608 2181 767 2219 infinitis
807 2182 913 2226 locis,
950 2186 1028 2219 tum
1057 2194 1143 2219 vero
1173 2182 1283 2219 etiam
1312 2181 1358 2218 ab
1387 2182 1564 2218 omnibus
1594 2180 1725 2218 ortho-

193 2247 301 2285 doxis
338 2247 547 2298 primaevae
582 2251 668 2297 post
703 2248 908 2298 Apostolos
935 2247 1127 2284 Ecclesiae
1155 2247 1343 2292 Patribus,
1371 2246 1549 2284 continua
1579 2259 1727 2284 succes-

192 2313 297 2351 sione
331 2312 558 2350 unanimiter
586 2317 841 2363 oppugnatam
870 2326 948 2350 esse
975 2314 1212 2359 affirmamus,
1239 2312 1277 2350 id
1306 2312 1408 2363 quod
1436 2311 1539 2350 brevi
1565 2324 1630 2362 per
1658 2310 1729 2348 Dei

191 2378 364 2428 gratiam,
401 2391 478 2415 non
514 2377 684 2428 equidem
713 2378 851 2415 nostris
880 2378 943 2415 sed
971 2378 1216 2429 ipsorummet
1242 2381 1415 2415 autorum
1445 2376 1580 2422 verbis,
1608 2389 1726 2426 neque

192 2442 315 2481 verbis
342 2442 462 2479 solum
491 2444 556 2490 (ne
581 2442 798 2479 detruncata
828 2442 944 2479 videri
969 2443 1147 2493 possint),
1175 2442 1238 2480 sed
1266 2441 1387 2493 plenis
1406 2441 1558 2478 illorum
1578 2444 1726 2478 senten-

193 2507 257 2545 tiis
291 2518 334 2544 ac
370 2505 583 2543 rationibus
621 2505 975 2552 demonstrabimus,
1001 2528 1052 2535 -—
1081 2507 1178 2544 unde
1208 2506 1355 2544 demum
1383 2504 1494 2542 facile
1521 2504 1729 2555 apparebit,

195 2584 266 2622 qua
302 2569 376 2607 fide
414 2569 575 2607 Catones
611 2569 675 2607 isti
711 2569 918 2618 sartagines
958 2583 1041 2607 suas
1077 2570 1230 2608 Patrum
1258 2568 1483 2607 testimoniis
1510 2567 1729 2605 infarciant.

195 2637 421 2685 Agnoscunt
448 2633 597 2683 quidem
627 2637 779 2678 veteres,
805 2633 944 2671 Panem
967 2647 1102 2671 coenae
1122 2647 1201 2672 esse
1221 2646 1354 2684 corpus
1374 2632 1528 2678 Christi,
1543 2636 1728 2682 quatenus

195 2700 337 2752 alioqui
373 2698 539 2749 corporis
577 2711 713 2736 nomen
750 2699 788 2735 in
820 2699 942 2736 verbis
972 2698 1112 2736 Christi
1137 2694 1296 2736 Domini
1324 2698 1368 2736 de
1396 2711 1490 2748 pane
1517 2696 1726 2749 praedicari

197 2767 344 2804 docent.
372 2764 478 2802 Idem
506 2776 593 2801 vero
621 2767 658 2801 et
684 2776 753 2801 nos
781 2763 942 2801 libenter
970 2777 1042 2801 una
1072 2777 1156 2802 cum
1183 2765 1258 2802 illis
1286 2763 1538 2813 agnoscimus,
1564 2763 1641 2800 imo
1670 2762 1727 2799 di-

197 2834 293 2869 serte
328 2829 558 2881 profitemur,
592 2830 669 2865 tam
707 2840 790 2865 vere
826 2828 964 2865 Panem
1002 2841 1138 2866 coenae
1166 2842 1244 2867 esse
1273 2840 1406 2879 corpus
1435 2826 1587 2872 Christi,
1615 2839 1727 2877 qnam

198 2907 282 2934 vere
311 2893 481 2931 Christus
510 2891 693 2929 Dominus
723 2891 812 2928 alibi
843 2904 989 2929 carnem
1019 2905 1120 2930 suam
1153 2893 1275 2930 cibum
1307 2896 1475 2929 nostrum
1505 2903 1583 2928 esse
1610 2893 1725 2927 testa-
