1830 3147
70 331 162 363 Rom.
185 332 216 362 4.

71 374 87 405 1
113 373 187 405 Cur.
211 372 260 410 10,
285 372 335 404 12.

75 415 150 447 Luc.
173 416 223 447 22.

70 457 157 489 Esai.
182 458 231 490 53.

75 763 193 795 Matth.
216 762 267 794 28.

76 806 216 837 Ioannis.
240 806 268 838 (3.

80 1289 245 1331 Ephesios.
268 1289 298 1320 3.

80 1332 245 1373 Ephesios.
271 1332 298 1363 1.

79 1374 221 1405 Galatas.
245 1374 273 1410 3,
290 1375 319 1406 4.

82 1417 94 1446 l
124 1417 210 1448 loun.
234 1416 263 1447 2.

77 1459 210 1490 Roman.
234 1458 263 1489 3.

76 1500 245 1541 Ephesios.
270 1500 298 1533 1.

78 1542 178 1574 Hebr.
204 1543 231 1574 l.

81 1585 96 1615 l
123 1584 269 1616 Corinth.
294 1584 323 1618 1.

84 1627 97 1658 Ι.
123 1627 268 1658 Corinth.
294 1628 322 1660 5,

78 1669 167 1703 Ioau.
190 1669 220 1708 6,
243 1670 272 1702 8.

78 1931 157 1964 Luc.
180 1931 231 1964 22.

80 1975 96 2005 1
122 1974 268 2005 Corinth.
296 1974 343 2007 ll.

79 2017 212 2049 Roman.
236 2017 265 2050 6.

81 2456 250 2499 Ephesios.
273 2459 300 2489 5.

84 2499 98 2530 l
124 2500 247 2531 Corint.
272 2499 321 2533 lO.

80 2541 221 2573 Ioannis.
246 2542 295 2573 13.

79 2584 98 2614 2
123 2583 269 2616 Corinth.
291 2584 322 2620 ὃ.

80 2625 97 2657 1
123 2626 221 2659 Petri.
244 2627 273 2660 52.

355 135 428 171 530
884 140 977 167 car.
1006 139 1113 167 Ech.
1143 139 1241 167 nuo.

407 309 572 347 Primum
600 308 752 360 quidem
779 308 820 346 in
848 321 945 353 eum,
971 310 1026 353 ut,
1052 307 1229 345 omnibus
1251 307 1427 345 fidelibus
1446 307 1585 345 virtute
1604 307 1766 359 Spiritus

358 372 486 410 Sancti
504 376 671 417 testetur,
684 372 890 414 confirmet,
907 374 1019 421 atque
1031 370 1219 420 obsignat,
1231 371 1431 408 salutarem
1451 371 1616 421 corporis
1633 376 1668 408 et
1680 383 1766 407 san-

356 437 482 486 guinis
520 436 661 474 Christi
697 435 1015 481 communionem,
1045 447 1129 472 cum
1157 435 1334 473 omnibus
1361 434 1548 472 fructibus
1575 447 1618 472 ac
1646 434 1768 479 donis,

358 516 453 554 quae
474 501 641 553 corporis
661 501 719 539 sui
733 501 937 547 oblatione,
957 499 1227 551 sanguinisque
1237 499 1415 539 effusione
1432 500 1543 539 nobis
1554 499 1767 551 acquisivit.

996 564 1047 604 Q.
1077 567 1138 604 66.

409 630 523 670 Unde
549 631 587 669 id
615 631 781 683 probas?

1042 693 1089 732 R.

411 760 467 798 Ex
498 760 622 798 verbis
653 760 812 797 Coenae.
844 759 936 796 Cum
968 757 1067 795 enim
1095 757 1235 808 inquit.
1263 757 1447 795 comedite
1476 770 1611 809 corpus
1632 770 1771 804 meum,

359 830 394 863 et
422 825 541 863 bibite
569 838 693 862 meum
722 823 960 872 sanguinem,
987 822 1061 859 hoc
1088 825 1161 868 est,
1190 835 1272 860 cum
1304 822 1457 860 mandat
1485 822 1610 867 nobis,
1639 826 1677 860 ut
1705 835 1771 873 per

359 890 470 928 fidem
506 903 575 928 nos
614 901 769 940 corpore
806 900 874 926 suo
909 892 946 925 ct
983 887 1167 936 sanguine
1198 900 1394 938 pascamus
1423 887 1470 925 ad
1505 887 1621 925 vitam
1650 891 1769 925 aeter-

361 969 460 1000 nam,
488 953 610 992 addit:
643 953 755 991 Quod
786 965 853 1004 pro
883 952 991 990 vobis
1019 951 1143 990 (latur.
1198 951 1315 990 Item:
1345 951 1460 990 Quod
1489 964 1556 1002 pro
1587 951 1695 990 vobis
1715 951 1770 990 cf-

362 1018 535 1056 funditur
561 1017 600 1056 in
628 1017 888 1056 remissionem
915 1020 1169 1068 peccatorum.

997 1080 1048 1119 Q.
1079 1082 1142 1121 67.

414 1146 518 1186 Quid
545 1145 633 1184 inde
658 1144 844 1197 percipis?

1037 1209 1093 1248 R.

414 1276 607 1316 Quoniam
645 1274 813 1326 corporis
849 1273 939 1320 cius,
976 1277 1012 1311 et
1049 1272 1247 1322 sanguinis
1285 1273 1486 1324 participes
1514 1286 1656 1318 sumus,
1685 1285 1769 1311 caro

363 1341 408 1380 de
437 1354 547 1379 carne
574 1340 666 1384 eius,
693 1344 729 1377 et
757 1352 843 1376 ossa
871 1351 915 1376 ex
945 1338 1108 1382 ossibus,
1135 1337 1167 1374 is
1196 1337 1318 1388 Caput
1346 1341 1529 1382 nostrum,
1546 1343 1581 1375 et
1600 1351 1669 1375 nos
1692 1337 1771 1375 eius

363 1407 531 1444 membra
554 1419 618 1457 per
645 1405 770 1450 fidem,
796 1403 971 1452 intelligo
1000 1415 1069 1440 nos
1098 1415 1262 1453 quoque,
1291 1402 1458 1439 omnium
1487 1416 1581 1453 quae
1609 1402 1771 1454 quidem,

364 1471 550 1508 offerendo
581 1482 714 1520 corpus
743 1481 865 1514 snum,
893 1467 1191 1517 sanguinemque
1217 1466 1499 1517 profundendo,
1529 1467 1772 1517 comparavit,

367 1536 478 1573 simul
515 1548 595 1572 csse
630 1533 844 1585 participeS,
871 1532 998 1583 qualia
1027 1535 1115 1570 sunt
1142 1531 1401 1569 reconciliatio
1431 1544 1515 1569 cnm
1545 1531 1623 1569 Deo
1652 1532 1773 1579 Patre,

364 1600 538 1640 remissio
564 1602 817 1651 peccatorum,
843 1596 994 1635 iusticia
1022 1600 1058 1634 et
1084 1596 1160 1634 vita
1189 1604 1352 1636 aeterna.

417 1793 612 1832 Quorsum
638 1795 827 1844 praeterea
853 1791 1026 1830 instituta
1053 1791 1135 1829 est?

415 1924 469 1962 Ut
506 1922 639 1960 mortis
678 1920 819 1959 Christi
855 1919 1074 1958 memoriam
1112 1922 1289 1970 perpetuo
1320 1921 1528 1963 conservet,
1556 1930 1699 1968 nosque
1725 1918 1773 1955 ad

364 1988 638 2039 gratitudinem
685 1999 767 2024 cum
815 1985 926 2023 laude
962 1988 998 2022 et
1034 1984 1241 2034 gratiarum
1283 1983 1444 2028 actione,
1481 1982 1644 2020 Domino
1685 1982 1773 2020 Iesu

366 2054 531 2098 Christo,
574 2065 642 2104 pro
677 2051 793 2090 tantis
830 2051 908 2088 eius
954 2050 992 2088 in
1031 2063 1100 2087 nos
1141 2048 1345 2093 beneficiis,
1382 2051 1635 2099 peccatorum,
1678 2060 1773 2099 quae

367 2118 538 2156 Christus
575 2117 615 2154 in
643 2128 753 2153 cruce
780 2114 948 2166 pertulit,
984 2112 1291 2159 mortificatione,
1320 2112 1490 2163 vitaeque
1517 2111 1775 2159 renovatione,

365 2181 643 2228 declarandam,
672 2181 856 2218 hortetur.

416 2311 590 2349 Etiamne
618 2309 709 2361 quid
738 2307 838 2347 aliud
868 2308 993 2346 Coena
1023 2306 1177 2345 Domini
1204 2306 1364 2344 monet?

416 2441 514 2478 Sane
543 2438 708 2490 quidem.
739 2437 794 2475 Ut
823 2440 991 2474 mutuam
1018 2436 1117 2474 inter
1145 2448 1229 2480 nos,
1255 2434 1360 2473 iuxta
1389 2433 1531 2473 Christi
1549 2433 1772 2485 exemplum,

365 2504 588 2544 charitatem
625 2514 877 2546 exerceamus,
913 2505 948 2539 et
984 2500 1244 2538 ministremus
1282 2499 1456 2545 invi-cem,
1491 2502 1619 2549 utque,
1646 2511 1771 2537 caere-

363 2569 502 2607 moniis
532 2567 673 2606 Christi
701 2570 737 2605 et
766 2565 998 2603 confessioni
1024 2565 1183 2603 firmiter
1210 2564 1491 2609 adhaereamus,
1517 2563 1565 2600 ab
1595 2563 1770 2601 omnibus

364 2634 476 2672 sectis
504 2632 685 2683 falsisque
713 2630 880 2668 cultibus
908 2642 978 2667 nos
1007 2632 1236 2681 separantes.
1265 2628 1473 2673 Postremo,
1500 2631 1541 2664 ut
1568 2626 1614 2664 ad
1637 2627 1772 2674 crucis,

364 2698 624 2750 passionisque
644 2709 752 2744 onus,
778 2708 854 2733 non
882 2694 1011 2741 invite,
1037 2694 1235 2746 patienter,
1262 2698 1298 2732 et
1317 2705 1401 2730 cum
1421 2692 1632 2730 constantia
1648 2692 1771 2733 feren-

364 2761 467 2809 dum,
494 2774 564 2801 nos
590 2773 865 2814 praeparemus.
1325 2760 1336 2772 ²
