1830 3147
1577 107 1647 147 137

117 218 334 257 distinctam
361 232 452 266 esse,
480 219 532 256 ita
558 230 644 270 pars
672 232 839 271 quaeque
867 217 1058 257 Ecclesiae
1084 231 1149 270 per
1179 232 1263 258 suas
1286 218 1382 257 vices
1398 216 1649 256 admonitioni

118 283 206 321 huic
239 284 368 322 adesse
401 284 575 329 iubetur„
600 287 651 323 ut.
689 283 754 334 qui
790 284 829 321 in
865 297 907 321 ea
946 283 1134 321 Ecclesiae
1170 288 1274 334 parte
1312 287 1519 329 censentur,
1555 294 1650 333 quae

119 347 248 387 adesse
283 348 444 393 iubetur,
477 352 513 385 et
548 347 843 385 admonitionem
880 348 999 398 ipsam
1034 348 1190 386 audiant
1226 351 1262 386 et
1299 348 1453 386 nomina
1501 346 1651 385 demum

121 424 186 450 sua
214 425 342 450 omnes
368 412 410 449 in
437 424 576 449 novum
606 412 819 462 catalogum
848 412 1036 450 conscribi
1065 412 1205 450 sinant.
1234 414 1348 461 (188)

172 476 480 515 Admonitionem
516 489 628 528 porro
665 476 756 516 facit
794 476 970 516 Minister
1005 482 1069 516 aut
1097 477 1296 517 Seniorum
1324 477 1459 531 aliquis
1486 477 1527 516 in
1556 477 1655 516 hanc

120 543 356 582 sententiam.

174 608 339 646 Primum
373 612 547 646 monetur
583 609 766 655 Ecclesia,
801 613 843 648 ut
872 610 1030 662 quisque
1058 609 1106 648 sit
1135 609 1296 659 diligens
1326 610 1424 648 circa
1453 610 1510 648 sui
1538 611 1657 662 ipsius

121 672 394 723 probationem,
432 673 748 724 quemadmodum
787 675 906 712 nostri
942 674 1117 725 probatio
1153 674 1190 712 in
1228 674 1348 726 prima
1399 675 1657 713 admonitione

123 736 221 774 circa
257 737 403 775 Coenae
445 737 771 776 denunciationem
806 739 992 790 explicata
1030 738 1200 784 habetur,
1236 743 1363 790 utque,
1400 740 1582 778 collocata
1616 740 1657 778 in

124 800 314 839 Christum
350 802 454 839 omni
490 803 639 847 fiducia,
675 809 827 854 peccata
855 804 1012 855 quisque
1041 817 1108 842 sua
1137 808 1317 853 agnoscat
1345 817 1389 842 ac
1417 804 1597 856 deploret,
1624 808 1660 843 et

123 865 163 904 in
191 866 317 904 animo
345 879 413 904 suo
440 871 626 918 proponat
653 868 787 905 seriam
817 869 915 906 vitae
943 881 1031 906 suae
1058 867 1369 907 emendationem.

176 930 321 968 Deinde
363 937 564 969 monentur
609 945 738 969 omnes
784 932 831 970 ad
860 933 1206 971 reconciliationem
1245 946 1329 970 cum
1365 932 1548 984 proximis
1585 933 1662 971 suis

125 995 202 1033 sive
237 1009 300 1033 eos
335 995 407 1047 ipsi
441 997 641 1043 laeserunt,
680 997 757 1034 sive
792 997 904 1034 etiam
940 998 987 1035 ab
1016 997 1108 1048 ipsis
1137 997 1213 1035 sint
1240 997 1342 1036 laesi.
1409 998 1461 1035 Ut
1489 997 1663 1036 videlicet

126 1060 164 1098 et
192 1061 336 1098 veniam
364 1061 411 1099 ab
438 1061 484 1098 iis
512 1075 606 1112 quos
632 1062 820 1100 laeserunt
848 1067 988 1113 petant,
1014 1062 1148 1114 positis
1174 1062 1332 1114 privatis
1360 1061 1553 1101 affectibus
1581 1075 1662 1100 om-

127 1125 250 1169 nibus,
285 1125 322 1163 et
356 1126 431 1163 illis
469 1126 580 1164 etiam
617 1127 833 1165 condonent
870 1128 1017 1179 culpam
1044 1127 1225 1179 ipsorum,
1252 1141 1274 1165 a
1302 1128 1441 1179 quibus
1471 1128 1544 1166 sibi
1571 1127 1663 1165 laesi

128 1203 207 1228 esse
235 1189 423 1229 videntur.

178 1255 372 1293 Postremo
408 1260 608 1294 monentur
636 1269 766 1295 omnes
794 1257 839 1295 de
867 1257 1104 1296 observando
1131 1258 1333 1308 diligenter
1360 1259 1459 1296 inter
1488 1271 1568 1296 sese
1595 1270 1664 1296 usu

129 1320 415 1359 Ecclesiasticae
442 1321 674 1372 disciplinae.
729 1323 874 1374 Nempe
901 1328 942 1361 ut
971 1323 1002 1361 si
1030 1323 1113 1374 quis
1141 1324 1296 1362 fratrem
1323 1337 1432 1362 suum
1460 1336 1537 1362 non
1566 1328 1667 1361 recto

129 1386 222 1438 pede
264 1386 436 1424 incedere
480 1387 615 1433 videat,
668 1388 746 1425 sive
789 1388 828 1425 in
873 1388 1000 1433 verbo,
1046 1389 1122 1426 sive
1158 1389 1198 1426 in
1236 1389 1333 1427 vitae
1371 1389 1670 1432 conversatione,

130 1451 237 1489 illum
263 1465 309 1490 ex
346 1452 458 1490 verbo
495 1451 565 1489 Dei
601 1452 813 1499 admoneat,
848 1457 896 1497 et,
941 1453 972 1491 si
1017 1453 1295 1492 admonitiones
1343 1467 1428 1492 suas
1477 1454 1669 1492 contemni

132 1515 266 1561 videat,
292 1516 430 1564 gradus
459 1516 761 1554 admonitionum
798 1532 818 1555 a
856 1517 1004 1555 Christo
1032 1519 1284 1570 praescriptos
1312 1519 1497 1558 observet.
1570 1519 1669 1557 Qui·
1706 1506 1716 1512 “

134 1583 204 1620 bus
241 1583 272 1620 si
308 1596 346 1620 se
373 1582 466 1620 nihil
503 1582 627 1619 adhuc
661 1584 842 1633 proficere
877 1596 987 1633 posse
1025 1583 1134 1630 videt,
1163 1588 1206 1621 ut
1231 1583 1446 1622 istiusmodi
1477 1587 1670 1634 contemp-

134 1651 231 1685 tores
275 1647 709 1696 admo-(189)nitionum
754 1647 802 1684 ad
840 1647 1039 1685 Ministros
1077 1654 1112 1685 et
1149 1648 1322 1685 Seniores
1366 1648 1557 1686 Ecclesiae
1602 1648 1670 1686 ad-

133 1714 239 1751 ferat.
295 1712 381 1751 Hoc
417 1713 517 1750 enim
553 1726 633 1750 esse
670 1713 832 1750 officium
869 1713 1036 1750 omnium
1073 1714 1114 1750 in
1151 1713 1332 1760 Ecclesia,
1370 1713 1401 1751 si
1429 1713 1476 1750 ad
1505 1713 1669 1751 Coenam

134 1777 289 1815 Domini
315 1778 470 1827 indigne
505 1777 679 1815 accedere
709 1778 843 1816 nolint.
899 1777 961 1824 Et,
989 1778 1053 1829 qui
1083 1778 1151 1815 hac
1179 1779 1219 1816 in
1247 1785 1352 1830 parte
1381 1778 1670 1828 negligentiores

134 1844 286 1889 fuerint,
322 1848 363 1881 ut
400 1844 545 1893 culpam
584 1843 645 1881 liic
673 1856 777 1880 suam
806 1848 1027 1892 agnoscant,
1066 1844 1313 1895 deincepsque
1349 1845 1402 1882 ita
1439 1844 1671 1893 negligentes

133 1922 214 1947 esse
241 1922 318 1946 non
343 1913 513 1959 pergant.

187 1974 302 2011 Facta
327 1973 541 2011 istiusmodi
568 1973 840 2020 admonitione,
867 1974 1045 2012 iubentur
1074 1975 1140 2025 qui
1168 1974 1306 2012 adsunt
1334 1974 1467 2012 ordine
1495 1987 1561 2011 suo
1590 1987 1671 2011 om-

136 2053 201 2078 nes
240 2039 285 2077 ad
324 2039 521 2077 Ministros
558 2043 594 2076 et
631 2039 803 2076 Seniores
842 2039 1045 2086 Ecclesiae,
1081 2039 1144 2077 alii
1171 2045 1257 2091 post
1284 2040 1391 2085 alios,
1418 2039 1604 2084 accedere,
1629 2042 1672 2077 ut

138 2104 290 2142 nomina
317 2104 500 2148 omnium,
527 2103 591 2154 qui
620 2105 766 2142 Coenae
792 2104 1014 2143 Dominicae
1034 2105 1259 2156 participare
1283 2105 1428 2149 volunt,
1456 2104 1578 2141 denuo
1606 2103 1672 2141 ad·

140 2173 327 2207 notentur.
380 2169 443 2206 Ibi
480 2181 565 2206 vero
604 2169 777 2206 Seniores
814 2170 984 2219 singulos
1020 2170 1236 2214 observant,
1263 2174 1299 2207 et
1327 2182 1420 2219 quos
1448 2173 1511 2206 aut
1540 2168 1672 2206 admo-

139 2233 282 2272 nitione
317 2233 454 2283 aliqua,
481 2237 544 2270 aut
573 2233 843 2278 consolatione,
869 2239 934 2271 aut
961 2234 1071 2271 etiam
1101 2234 1391 2284 reprehensione
1416 2246 1508 2284 opus
1538 2233 1676 2270 habere

140 2300 294 2343 norunt,
330 2310 392 2334 eos
427 2296 595 2335 modeste
631 2298 876 2347 ac'graviter
911 2298 1127 2343 admonent,
1164 2298 1417 2342 consolantur,
1452 2302 1516 2335 aut
1550 2310 1675 2348 repre-

142 2362 322 2404 hendunt.
359 2375 479 2412 neque
514 2361 615 2412 prius
644 2374 781 2399 nomen
819 2362 997 2413 cuiusque
1026 2363 1240 2408 adnotatur,
1269 2375 1381 2412 quam
1409 2375 1473 2413 per
1501 2361 1676 2400 Seniores

141 2441 269 2466 omnes
296 2428 535 2478 approbetur.
591 2426 740 2465 Quodsi
768 2427 852 2478 quis
889 2428 1034 2478 privata
1071 2441 1186 2478 eaque
1222 2427 1392 2476 longiore
1419 2427 1677 2465 admonitione

142 2507 237 2544 opus
275 2492 411 2530 habere
448 2493 629 2536 videatur,
664 2497 728 2530 aut
763 2493 902 2530 alicubi
930 2493 1073 2544 alioqui
1101 2494 1140 2530 in
1169 2492 1341 2530 doctrina
1368 2493 1421 2530 ita
1449 2493 1609 2539 haereat,
1636 2497 1678 2531 ut

143 2557 271 2609 paucis
308 2557 445 2594 instrui
481 2570 557 2594 non
593 2556 724 2607 possit,
758 2560 839 2594 tum
869 2557 956 2595 huic
983 2557 1051 2595 tali
1078 2562 1224 2607 tempus
1253 2557 1511 2603 constituitur,
1537 2560 1581 2595 ut
1608 2557 1678 2594 ali-

144 2635 253 2672 quem
293 2621 554 2659 Ministrorum
584 2626 647 2658 aut
677 2621 874 2659 Saniorum
903 2627 988 2659 ante
1017 2622 1164 2659 Coenae
1191 2621 1558 2658 administrationem
1588 2633 1678 2658 con·

143 2686 280 2732 veniat,
306 2691 370 2724 aut
397 2687 508 2724 simul
534 2686 581 2724 ad
609 2699 738 2724 omnes
769 2686 965 2725 Ministros
994 2695 1028 2725 et
1057 2686 1230 2724 Seniores
1255 2686 1293 2723 in
1325 2686 1492 2724 coetibus
1510 2686 1679 2736 ipsorum

146 2755 311 2795 vocatur,
338 2750 521 2801 siquidem
549 2750 587 2787 id
616 2751 726 2797 (190)
754 2763 811 2787 res
838 2750 1026 2800 postulare
1054 2749 1212 2787 videtur.

196 2815 370 2852 Seniores
406 2820 529 2852 autem
567 2815 757 2852 Ecclesiae
785 2815 929 2853 saednli
958 2820 1044 2853 sunt
1070 2819 1150 2852 toto
1180 2814 1322 2852 interea
1349 2817 1514 2865 tempore
1542 2813 1578 2851 in
1621 2813 1681 2851 in-

146 2879 336 2929 quirendis
372 2884 408 2917 et
436 2879 704 2930 componendis
731 2879 771 2917 in
798 2884 876 2918 tota
904 2879 1074 2920 Ecclesia
1102 2878 1269 2919 dissidiis
1305 2882 1342 2917 et
1366 2879 1407 2917 in
1437 2878 1683 2929 corripiendis
