1830 3147
167 148 239 183 252

166 261 202 296 et
231 256 461 295 commodius
489 269 568 294 esse
595 255 749 302 iudicat,
775 255 874 293 idem
902 254 974 292 sibi
1003 267 1151 304 quoque
1177 255 1304 293 eadem
1334 255 1443 302 (578)
1471 268 1582 306 opera
1609 269 1696 305 gra-

164 321 240 361 tius
277 335 356 359 esse
392 324 563 364 testatur,
600 334 676 358 non
705 319 1032 358 commendaturus
1060 319 1202 371 alioqui
1230 320 1445 370 societatem
1473 320 1577 359 illam
1607 334 1697 358 0011·

166 386 325 436 iugalem
363 398 450 436 prae
485 385 590 423 omni
626 385 843 423 solitudinis
880 397 1026 433 genere,
1063 383 1094 421 51
1130 396 1207 421 11011
1240 384 1297 421 1111
1324 383 1467 433 gratior
1496 384 1609 422 etiam
1636 397 1699 422 ac-

168 449 380 501 ceptiorque
406 449 552 487 fuisset.
582 448 725 487 Deinde
751 449 849 486 idem
876 447 1030 499 probari
1067 447 1177 485 etiam
1217 448 1296 498 lege
1323 449 1400 494 illa,
1427 462 1502 486 non
1531 437 1696 486 humano

166 519 312 554 tantum
349 514 478 564 generi
514 514 584 552 sub
611 515 819 565 primorum
848 517 1042 564 parentum
1071 518 1287 551 nostrorum
1315 515 1486 565 persona,
1523 515 1588 552 sed
1615 528 1695 552 om-

166 581 279 620 nibus
323 580 434 618 etiam
471 579 725 618 animantibus
766 579 871 616 data:
921 577 1177 629 “progignite,
1213 578 1526 630 multiplicemini,
1561 578 1700 629 replete

166 645 344 683 terram''.
373 645 579 690 Nimirum,
606 648 746 696 quanto
776 643 960 693 gratiores
987 649 1066 681 tum
1097 643 1174 681 Deo
1203 649 1289 682 ante
1316 649 1509 695 peccatum
1535 644 1575 682 in
1602 645 1700 682 lum-

173 710 232 748 bis
268 714 465 761 parentum
494 714 708 747 nostrorum
738 722 896 754 eramus,
925 708 991 759 qui
1019 721 1120 746 1111110
1148 708 1243 747 nihil
1272 709 1414 759 alioqui
1443 723 1573 747 sumus
1599 709 1702 747 aliud

166 776 206 814 in
242 775 353 813 nobis
380 775 483 826 ipsis,
510 788 622 826 quam
649 773 727 812 irae
756 778 791 811 et
821 773 951 812 mortis
978 774 1060 819 filii,
1088 779 1193 812 tanto
1223 788 1311 812 sane
1339 774 1417 812 Deo
1446 775 1592 824 gratius
1620 788 1701 812 esse

169 838 348 890 oportuit,
374 838 468 876 illud
496 838 594 875 vitae
622 842 772 875 nostrae
798 850 916 887 genus
944 850 1030 888 prae
1058 837 1141 875 aliis
1169 837 1358 884 omnibus,
1385 837 1485 889 quod
1514 842 1591 876 tum
1609 838 1703 889 ipse,

167 917 245 942 non
273 903 436 940 humano
463 907 610 940 tantum
638 901 676 940 in
704 901 836 953 primis
865 901 1004 939 nostris
1032 901 1264 952 parentibus,
1292 901 1353 940 sed
1386 902 1558 940 universo
1587 901 1696 940 etiam

166 967 415 1006 animantium
451 966 619 1004 omnium
654 966 783 1016 generi
808 966 1010 1017 praecepit,
1038 970 1074 1004 et
1101 965 1152 1003 ita
1181 967 1382 1017 praecepit,
1409 971 1450 1004 ut
1478 966 1553 1004 vim
1581 966 1700 1017 ipsam

166 1031 427 1084 progignendi,
461 1031 577 1069 veluti
605 1029 754 1068 divinae
784 1044 871 1068 suae
900 1030 1051 1068 virtutis
1079 1034 1223 1081 partem
1249 1031 1449 1082 quandam,
1479 1030 1639 1081 denique
1667 1037 1702 1068 et

167 1097 337 1136 affectum
382 1095 429 1134 ad
455 1095 755 1147 progignendum
784 1095 1007 1147 peculiarem
1034 1117 1085 1124 —
1112 1099 1254 1133 rectum
1283 1094 1447 1139 interim,
1475 1108 1551 1132 non
1579 1100 1698 1132 autem

167 1175 304 1212 vagum
332 1165 396 1198 aut
422 1161 587 1209 exlegem
615 1182 665 1189 —
691 1164 845 1198 naturae
874 1164 1021 1198 nostrae
1048 1160 1226 1197 inseverit
1246 1163 1358 1210 atque
1378 1159 1618 1210 impresserit,
1638 1158 1702 1210 qui

166 1227 308 1278 alioqui
335 1229 427 1264 tunc
454 1225 631 1275 imaginis
660 1225 992 1276 similitudinisque
1019 1238 1105 1262 511110
1133 1230 1260 1262 nostra
1287 1225 1452 1275 ipsorum
1483 1228 1614 1261 natura
1644 1223 1697 1272 (in

166 1291 297 1343 primis
343 1289 482 1328 nostris
526 1289 764 1341 parentibus)
802 1289 1004 1341 participes
1041 1289 1163 1327 adhuc
1200 1302 1358 1327 eramus.
1397 1291 1507 1337 (579)
1562 1288 1697 1338 Neque

168 1370 256 1395 vero
300 1356 388 1394 huic
432 1355 611 1394 mandato
655 1355 859 1406 quidquam
898 1359 952 1392 est
987 1350 1208 1404 derogatum
1253 1367 1317 1405 per
1362 1359 1517 1392 naturae
1554 1357 1703 1391 nostrae

170 1421 417 1473 corruptelam
451 1424 536 1472 post
571 1424 777 1471 peccatum,
804 1418 1120 1471 quemadmodum
1147 1419 1316 1471 plerique
1344 1418 1544 1456 somniant.
1602 1419 1703 1455 Con·

169 1489 340 1525 firmatur
376 1485 475 1523 enim
515 1484 635 1523 denuo
673 1484 744 1521 hoc
772 1484 907 1535 ipsum,
935 1487 971 1521 et
1001 1483 1175 1521 universo
1204 1497 1354 1521 rursum
1382 1482 1548 1520 humano
1576 1482 1704 1531 generi

169 1551 209 1590 in
246 1550 358 1588 Noah
395 1553 431 1588 et
465 1549 554 1587 filiis
589 1549 668 1587 eius
704 1547 973 1600 praescribitur
1009 1553 1095 1599 post
1131 1547 1327 1593 diluvium,
1356 1560 1439 1585 cum
1466 1547 1541 1585 111111
1569 1551 1704 1585 natura

171 1620 301 1655 nostra
326 1615 367 1652 in
395 1614 470 1652 illis
497 1613 609 1652 etiam
637 1614 748 1665 plane
776 1618 951 1664 corrupta
979 1617 1087 1651 esset.
1143 1613 1237 1650 Esse
1266 1612 1382 1662 igitur
1409 1611 1705 1657 matrimonium,

171 1681 283 1720 etiam
311 1680 350 1718 in
378 1684 553 1731 corrupta
581 1680 656 1717 iam
685 1684 816 1717 natura
845 1683 985 1723 nostra,
1009 1677 1106 1715 vitae
1126 1682 1274 1715 nostrae
1294 1691 1413 1727 genus
1432 1678 1600 1715 omnium
1618 1691 1705 1726 gra-

171 1746 356 1784 tissimum
385 1744 477 1791 Deo,
503 1744 657 1795 perinde
685 1749 796 1795 atque
822 1743 931 1781 initio
961 1747 1110 1780 nostrae
1139 1743 1336 1780 creationis
1364 1747 1443 1780 erat
1469 1764 1520 1771 —
1547 1741 1648 1793 quod
1663 1742 1702 1779 in

173 1825 212 1850 se
227 1809 377 1862 quidem
397 1813 452 1848 est
468 1831 518 1839 —
535 1808 681 1846 0111111151
700 1808 902 1859 plurimum
920 1807 1245 1844 incommodorum
1266 1807 1304 1844 in
1327 1806 1565 1844 matrimonio
1578 1819 1702 1844 secum

173 1874 340 1914 attulerit
360 1877 516 1912 naturae
536 1877 686 1911 nostrae
706 1872 929 1923 corruptela.
960 1871 1074 1910 Quod
1096 1871 1196 1909 enim
1213 1870 1454 1908 matrimonio
1467 1884 1533 1922 per
1550 1874 1704 1908 naturae

174 1944 325 1979 nostrae
354 1938 601 1990 corruptelam
629 1936 801 1982 decessit,
823 1936 861 1974 id
882 1937 1065 1988 equidem,
1090 1939 1128 1974 ut
1147 1936 1248 1973 nulla
1269 1936 1500 1974 matrimonii
1518 1935 1625 1986 culpa
1640 1947 1703 1985 per

175 2020 214 2045 se
241 2004 408 2049 obvenit,
427 2004 477 2042 ita
499 2002 611 2041 01111111
627 2001 867 2040 matrimonio
886 2001 959 2053 ipsi
978 2001 1143 2039 adscribi
1162 2001 1266 2039 nullo
1284 2001 1395 2039 modo
1414 2004 1549 2052 potest.
1578 2000 1704 2049 (Quae

175 2071 237 2109 hic
265 2070 309 2108 de
337 2067 564 2117 virginitatis
592 2066 766 2105 laudibus
795 2066 931 2104 adduci
948 2067 1081 2110 solent,
1099 2071 1229 2117 postea
1250 2079 1316 2104 suo
1336 2066 1420 2103 loco
1438 2065 1704 2112 excutientur.)

226 2136 421 2174 Praeterea
464 2122 616 2171 docetur
663 2132 735 2169 alia
782 2145 930 2183 quoque
971 2132 1115 2169 ratione
1151 2131 1433 2169 matrimonium
1469 2143 1550 2168 esse
1585 2142 1704 2178 genus

176 2200 273 2240 vitae
301 2202 451 2237 nostrae
491 2197 582 2241 Deo,
625 2196 724 2248 quod
753 2196 791 2235 in
836 2209 873 2233 se
909 2201 975 2240 est,
1009 2195 1177 2233 omnium
1213 2195 1324 2244 longe
1358 2194 1613 2244 gratissimum
1649 2206 1706 2237 eo,

177 2265 278 2317 quod
317 2264 358 2302 in
400 2263 466 2301 illo
507 2261 627 2311 magis
666 2261 842 2302 reluceat.
886 2274 997 2312 quam
1039 2261 1077 2298 in
1124 2260 1199 2298 ullo
1236 2260 1310 2298 alio
1338 2260 1435 2298 vitae
1463 2259 1523 2297 1110
1552 2263 1707 2310 nostrae

176 2343 323 2379 genere,
361 2328 487 2378 imago
531 2326 726 2378 quaedam,
771 2339 848 2363 non
895 2326 1006 2374 (580)
1050 2325 1163 2363 modo
1208 2323 1453 2374 benignitatis
1498 2336 1585 2372 erga
1637 2335 1706 2360 nos

178 2394 339 2438 divinae,
388 2392 453 2431 sed
498 2391 608 2429 etiam
655 2390 920 2441 inconspicuae
966 2403 1194 2441 prorsusque
1243 2388 1440 2427 ineffabilis
1487 2386 1705 2426 existentiae

177 2457 309 2509 ipsius.
338 2456 666 2495 Quemadmodum
694 2454 793 2492 enim
823 2468 898 2492 11011
887 2458 1049 2531 potest
1077 2467 1153 2491 non
1173 2467 1251 2491 esse
1270 2453 1525 2502 gratissimum
1545 2450 1635 2495 Deo,
1653 2449 1707 2487 ita

179 2522 396 2561 hominibus
423 2520 646 2566 innotuisse,
672 2524 714 2558 ut
743 2533 780 2557 50
807 2505 920 2556 n0b1s
945 2519 1100 2570 ipsemet
1127 2518 1302 2569 patefecit
1319 2518 1374 2566 (id
1394 2516 1494 2568 quod
1512 2515 1652 2566 alioqui
1672 2519 1708 2552 et

178 2585 388 2625 incarnatio
416 2585 496 2636 ipsa
523 2584 594 2622 filii
622 2584 691 2622 Dei
718 2588 755 2622 et
782 2582 998 2621 institutum
1026 2587 1215 2634 praeterea
1242 2582 1289 2619 ab
1314 2581 1396 2632 ipso
1425 2579 1614 2631 publicum
1636 2579 1708 2616 Ec·

180 2650 313 2689 clesiae
339 2649 588 2687 ministerium
614 2647 906 2699 locupletissime
934 2648 1152 2694 testantur),
1180 2646 1231 2684 ita
1260 2658 1335 2684 non
1364 2648 1484 2695 potest
1502 2643 1612 2681 etiam
1626 2656 1705 2680 ma·

179 2714 398 2754 trimonium
426 2714 548 2764 ipsum
577 2726 654 2751 non
681 2725 760 2751 esse
787 2711 955 2750 omnium
983 2710 1238 2761 gratissimum
1267 2709 1462 2748 De0⁴vitae
1480 2707 1541 2745 hic
1560 2712 1708 2745 nostrae

178 2792 309 2830 genus,
345 2781 528 2829 quatenus
562 2776 603 2814 in
637 2777 704 2814 illo
740 2789 828 2827 prae
861 2775 945 2812 aliis
979 2775 1155 2813 omnibus
1195 2774 1288 2812 vitae
1323 2777 1473 2810 nostrae
1507 2771 1706 2821 generibus

178 2846 317 2893 imago,
354 2847 394 2880 ut
432 2841 571 2879 dictum
609 2846 678 2887 est,
704 2840 886 2892 quaedam
913 2843 949 2878 et
976 2839 1197 2878 existentiae
1223 2842 1258 2876 et
1286 2835 1530 2885 benignitatis
1558 2835 1706 2873 divinae

180 2922 268 2987 erga
295 2920 364 2947 nos
391 2905 511 2956 magis
539 2905 758 2957 exprimitur
786 2917 830 2943 ac
856 2904 1028 2943 refertur.
1057 2903 1264 2952 Imaginem
1285 2913 1397 2953 porro
1418 2899 1528 2938 nobis
1547 2899 1707 2944 divinae,
