<?xml version="1.0" encoding="UTF-8"?>
<!DOCTYPE html PUBLIC "-//W3C//DTD XHTML 1.0 Transitional//EN"
    "http://www.w3.org/TR/xhtml1/DTD/xhtml1-transitional.dtd">
<html xmlns="http://www.w3.org/1999/xhtml" xml:lang="en" lang="en">
 <head>
  <title>
</title>
<meta http-equiv="Content-Type" content="text/html;charset=utf-8" />
  <meta name='ocr-system' content='tesseract 3.04.00' />
  <meta name='ocr-capabilities' content='ocr_page ocr_carea ocr_par ocr_line ocrx_word'/>
</head>
<body>
  <div class='ocr_page' id='page_1' title='image "./operatameditaqua02lask_0512.png"; bbox 0 0 1830 3147; ppageno 0'>
   <div class='ocr_carea' id='block_1_1' title="bbox 343 139 1295 175">
    <p class='ocr_par' dir='ltr' id='par_1_1' title="bbox 343 139 1295 175">
     <span class='ocr_line' id='line_1_1' title="bbox 343 139 1295 175; baseline -0.004 0"><span class='ocrx_word' id='word_1_1' title='bbox 343 139 417 175; x_wconf 82' lang='lat'><strong>492</strong></span> <span class='ocrx_word' id='word_1_2' title='bbox 809 146 956 173; x_wconf 70' lang='lat' dir='ltr'><strong>Bnnvss</strong></span> <span class='ocrx_word' id='word_1_3' title='bbox 984 145 1111 172; x_wconf 76' lang='lat' dir='ltr'><strong>mum</strong></span> <span class='ocrx_word' id='word_1_4' title='bbox 1126 144 1295 173; x_wconf 67' lang='lat' dir='ltr'><strong>EXPLOR.</strong></span> 
     </span>
    </p>
   </div>
   <div class='ocr_carea' id='block_1_2' title="bbox 345 245 1756 685">
    <p class='ocr_par' dir='ltr' id='par_1_2' title="bbox 345 245 1756 685">
     <span class='ocr_line' id='line_1_2' title="bbox 345 245 1514 299; baseline -0.004 -11"><span class='ocrx_word' id='word_1_5' title='bbox 345 250 410 288; x_wconf 85' lang='lat' dir='ltr'><strong>des</strong></span> <span class='ocrx_word' id='word_1_6' title='bbox 437 248 616 288; x_wconf 82' lang='lat' dir='ltr'><strong>liehaems</strong></span> <span class='ocrx_word' id='word_1_7' title='bbox 647 248 677 297; x_wconf 89' lang='lat'><strong>¹)</strong></span> <span class='ocrx_word' id='word_1_8' title='bbox 706 248 842 299; x_wconf 83' lang='lat' dir='ltr'><strong>teghen</strong></span> <span class='ocrx_word' id='word_1_9' title='bbox 873 248 917 287; x_wconf 88' lang='lat' dir='ltr'><strong>de</strong></span> <span class='ocrx_word' id='word_1_10' title='bbox 945 248 1151 298; x_wconf 82' lang='lat' dir='ltr'><strong>bekoringe</strong></span> <span class='ocrx_word' id='word_1_11' title='bbox 1179 247 1244 286; x_wconf 88' lang='lat' dir='ltr'><strong>des</strong></span> <span class='ocrx_word' id='word_1_12' title='bbox 1272 245 1440 296; x_wconf 86' lang='lat' dir='ltr'><strong>Duyuels</strong></span> <span class='ocrx_word' id='word_1_13' title='bbox 1468 247 1514 293; x_wconf 86' lang='lat'><strong>²).</strong></span> 
     </span>
     <span class='ocr_line' id='line_1_3' title="bbox 929 313 1172 363; baseline 0.004 -13"><span class='ocrx_word' id='word_1_14' title='bbox 929 313 1083 363; x_wconf 87' lang='lat' dir='ltr'><strong>Vraghe</strong></span> <span class='ocrx_word' id='word_1_15' title='bbox 1109 315 1172 351; x_wconf 77' lang='lat'><strong>41.</strong></span> 
     </span>
     <span class='ocr_line' id='line_1_4' title="bbox 398 378 1349 429; baseline -0.003 -12"><span class='ocrx_word' id='word_1_16' title='bbox 398 379 486 417; x_wconf 87' lang='lat' dir='ltr'><strong>Wat</strong></span> <span class='ocrx_word' id='word_1_17' title='bbox 514 382 678 417; x_wconf 82' lang='lat' dir='ltr'><strong>verstaet</strong></span> <span class='ocrx_word' id='word_1_18' title='bbox 705 379 781 429; x_wconf 88' lang='lat' dir='ltr'><strong>ghy</strong></span> <span class='ocrx_word' id='word_1_19' title='bbox 810 379 858 428; x_wconf 80' lang='lat' dir='ltr'><strong>by</strong></span> <span class='ocrx_word' id='word_1_20' title='bbox 889 378 953 416; x_wconf 86' lang='lat' dir='ltr'><strong>dat</strong></span> <span class='ocrx_word' id='word_1_21' title='bbox 981 378 1099 416; x_wconf 84' lang='lat' dir='ltr'><strong>wordt</strong></span> <span class='ocrx_word' id='word_1_22' title='bbox 1127 379 1172 424; x_wconf 77' lang='lat'><strong>³),</strong></span> <span class='ocrx_word' id='word_1_23' title='bbox 1201 378 1349 415; x_wconf 83' lang='lat' dir='ltr'><strong>Amen?</strong></span> 
     </span>
     <span class='ocr_line' id='line_1_5' title="bbox 928 441 1171 480; baseline 0 -1"><span class='ocrx_word' id='word_1_24' title='bbox 928 441 1171 480; x_wconf 86' lang='lat' dir='ltr'><strong>Antwoorde.</strong></span> 
     </span>
     <span class='ocr_line' id='line_1_6' title="bbox 398 503 1756 558; baseline -0.004 -13"><span class='ocrx_word' id='word_1_25' title='bbox 398 507 471 545; x_wconf 84' lang='lat' dir='ltr'><strong>Dat</strong></span> <span class='ocrx_word' id='word_1_26' title='bbox 507 507 551 554; x_wconf 84' lang='lat' dir='ltr'><strong>is,</strong></span> <span class='ocrx_word' id='word_1_27' title='bbox 589 507 651 545; x_wconf 87' lang='lat' dir='ltr'><strong>het</strong></span> <span class='ocrx_word' id='word_1_28' title='bbox 688 520 729 558; x_wconf 86' lang='lat' dir='ltr'><strong>sy</strong></span> <span class='ocrx_word' id='word_1_29' title='bbox 764 506 844 544; x_wconf 87' lang='lat' dir='ltr'><strong>also</strong></span> <span class='ocrx_word' id='word_1_30' title='bbox 871 508 919 554; x_wconf 61' lang='grc' dir='ltr'><strong>ὁ),</strong></span> <span class='ocrx_word' id='word_1_31' title='bbox 952 519 1048 543; x_wconf 81' lang='lat' dir='ltr'><strong>waar</strong></span> <span class='ocrx_word' id='word_1_32' title='bbox 1086 506 1180 543; x_wconf 88' lang='lat' dir='ltr'><strong>door</strong></span> <span class='ocrx_word' id='word_1_33' title='bbox 1206 505 1266 543; x_wconf 85' lang='lat' dir='ltr'><strong>ick</strong></span> <span class='ocrx_word' id='word_1_34' title='bbox 1304 504 1506 555; x_wconf 74' lang='lat' dir='ltr'><strong>betuyghe,</strong></span> <span class='ocrx_word' id='word_1_35' title='bbox 1534 503 1599 541; x_wconf 84' lang='lat' dir='ltr'><strong>dat</strong></span> <span class='ocrx_word' id='word_1_36' title='bbox 1625 503 1687 541; x_wconf 89' lang='lat' dir='ltr'><strong>ick</strong></span> <span class='ocrx_word' id='word_1_37' title='bbox 1715 503 1756 541; x_wconf 90' lang='lat' dir='ltr'><strong>in</strong></span> 
     </span>
     <span class='ocr_line' id='line_1_7' title="bbox 346 569 1755 623; baseline -0.004 -12"><span class='ocrx_word' id='word_1_38' title='bbox 346 586 439 623; x_wconf 84' lang='lat' dir='ltr'><strong>myn</strong></span> <span class='ocrx_word' id='word_1_39' title='bbox 468 572 571 611; x_wconf 89' lang='lat' dir='ltr'><strong>herte</strong></span> <span class='ocrx_word' id='word_1_40' title='bbox 598 572 792 610; x_wconf 89' lang='lat' dir='ltr'><strong>door-den</strong></span> <span class='ocrx_word' id='word_1_41' title='bbox 821 571 1013 621; x_wconf 82' lang='lat' dir='ltr'><strong>heilighen</strong></span> <span class='ocrx_word' id='word_1_42' title='bbox 1043 571 1184 609; x_wconf 87' lang='lat' dir='ltr'><strong>Gheest</strong></span> <span class='ocrx_word' id='word_1_43' title='bbox 1212 570 1402 609; x_wconf 89' lang='lat' dir='ltr'><strong>versekert</strong></span> <span class='ocrx_word' id='word_1_44' title='bbox 1430 569 1514 616; x_wconf 89' lang='lat' dir='ltr'><strong>ben,</strong></span> <span class='ocrx_word' id='word_1_45' title='bbox 1534 569 1589 607; x_wconf 86' lang='lat' dir='ltr'><strong>als</strong></span> <span class='ocrx_word' id='word_1_46' title='bbox 1610 569 1675 607; x_wconf 81' lang='lat' dir='ltr'><strong>dat</strong></span> <span class='ocrx_word' id='word_1_47' title='bbox 1693 582 1755 619; x_wconf 87' lang='lat' dir='ltr'><strong>my</strong></span> 
     </span>
     <span class='ocr_line' id='line_1_8' title="bbox 347 634 1578 685; baseline -0.002 -10"><span class='ocrx_word' id='word_1_48' title='bbox 347 638 392 676; x_wconf 86' lang='lat' dir='ltr'><strong>de</strong></span> <span class='ocrx_word' id='word_1_49' title='bbox 420 636 633 677; x_wconf 87' lang='lat' dir='ltr'><strong>hemelsche</strong></span> <span class='ocrx_word' id='word_1_50' title='bbox 661 637 800 685; x_wconf 88' lang='lat' dir='ltr'><strong>Vader,</strong></span> <span class='ocrx_word' id='word_1_51' title='bbox 829 649 891 675; x_wconf 86' lang='lat' dir='ltr'><strong>om</strong></span> <span class='ocrx_word' id='word_1_52' title='bbox 921 636 1095 675; x_wconf 82' lang='lat' dir='ltr'><strong>Christ-us</strong></span> <span class='ocrx_word' id='word_1_53' title='bbox 1122 636 1232 682; x_wconf 87' lang='lat' dir='ltr'><strong>wille,</strong></span> <span class='ocrx_word' id='word_1_54' title='bbox 1258 635 1437 674; x_wconf 89' lang='lat' dir='ltr'><strong>verhoort</strong></span> <span class='ocrx_word' id='word_1_55' title='bbox 1465 634 1578 673; x_wconf 80' lang='lat' dir='ltr'><strong>heeft.</strong></span> 
     </span>
    </p>
   </div>
   <div class='ocr_carea' id='block_1_3' title="bbox 937 729 1195 733">
    <p class='ocr_par' dir='ltr' id='par_1_3' title="bbox 937 729 1195 733">
     <span class='ocr_line' id='line_1_9' title="bbox 937 729 1195 733; baseline 0 0"><span class='ocrx_word' id='word_1_56' title='bbox 937 729 1195 733; x_wconf 95' lang='lat' dir='ltr'><strong> </strong></span> 
     </span>
    </p>
   </div>
   <div class='ocr_carea' id='block_1_4' title="bbox 347 770 1763 1650">
    <p class='ocr_par' dir='ltr' id='par_1_4' title="bbox 347 770 1760 1272">
     <span class='ocr_line' id='line_1_10' title="bbox 396 770 1758 823; baseline -0.002 -11"><span class='ocrx_word' id='word_1_57' title='bbox 396 774 466 812; x_wconf 88' lang='lat' dir='ltr'><strong>Als</strong></span> <span class='ocrx_word' id='word_1_58' title='bbox 504 773 549 812; x_wconf 92' lang='lat' dir='ltr'><strong>de</strong></span> <span class='ocrx_word' id='word_1_59' title='bbox 586 772 720 823; x_wconf 83' lang='lat' dir='ltr'><strong>ghene,</strong></span> <span class='ocrx_word' id='word_1_60' title='bbox 744 772 805 810; x_wconf 90' lang='lat' dir='ltr'><strong>die</strong></span> <span class='ocrx_word' id='word_1_61' title='bbox 833 772 916 810; x_wconf 87' lang='lat' dir='ltr'><strong>hem</strong></span> <span class='ocrx_word' id='word_1_62' title='bbox 946 774 1066 809; x_wconf 87' lang='lat' dir='ltr'><strong>totter</strong></span> <span class='ocrx_word' id='word_1_63' title='bbox 1092 770 1304 820; x_wconf 80' lang='lat' dir='ltr'><strong>gemeinten</strong></span> <span class='ocrx_word' id='word_1_64' title='bbox 1332 770 1525 820; x_wconf 81' lang='lat' dir='ltr'><strong>begheuen</strong></span> <span class='ocrx_word' id='word_1_65' title='bbox 1555 771 1643 815; x_wconf 84' lang='lat' dir='ltr'><strong>wilt,</strong></span> <span class='ocrx_word' id='word_1_66' title='bbox 1671 770 1758 809; x_wconf 87' lang='lat' dir='ltr'><strong>dese</strong></span> 
     </span>
     <span class='ocr_line' id='line_1_11' title="bbox 348 834 1759 886; baseline -0.003 -10"><span class='ocrx_word' id='word_1_67' title='bbox 348 837 612 876; x_wconf 86' lang='lat' dir='ltr'><strong>hooftstucken</strong></span> <span class='ocrx_word' id='word_1_68' title='bbox 640 838 679 875; x_wconf 89' lang='lat' dir='ltr'><strong>in</strong></span> <span class='ocrx_word' id='word_1_69' title='bbox 708 837 780 875; x_wconf 89' lang='lat' dir='ltr'><strong>den</strong></span> <span class='ocrx_word' id='word_1_70' title='bbox 798 836 938 886; x_wconf 81' lang='lat' dir='ltr'><strong>grondt</strong></span> <span class='ocrx_word' id='word_1_71' title='bbox 959 835 1096 874; x_wconf 88' lang='lat' dir='ltr'><strong>bekent</strong></span> <span class='ocrx_word' id='word_1_72' title='bbox 1114 834 1210 873; x_wconf 88' lang='lat' dir='ltr'><strong>ende</strong></span> <span class='ocrx_word' id='word_1_73' title='bbox 1229 835 1385 873; x_wconf 89' lang='lat' dir='ltr'><strong>beleden</strong></span> <span class='ocrx_word' id='word_1_74' title='bbox 1406 835 1516 882; x_wconf 83' lang='lat' dir='ltr'>heeft,</span> <span class='ocrx_word' id='word_1_75' title='bbox 1539 848 1578 872; x_wconf 84' lang='lat' dir='ltr'><strong>so</strong></span> <span class='ocrx_word' id='word_1_76' title='bbox 1602 835 1759 885; x_wconf 81' lang='lat' dir='ltr'><strong>vraeght</strong></span> 
     </span>
     <span class='ocr_line' id='line_1_12' title="bbox 347 899 1758 952; baseline -0.003 -12"><span class='ocrx_word' id='word_1_77' title='bbox 347 916 431 941; x_wconf 92' lang='lat' dir='ltr'><strong>men</strong></span> <span class='ocrx_word' id='word_1_78' title='bbox 461 902 545 940; x_wconf 88' lang='lat' dir='ltr'><strong>hem</strong></span> <span class='ocrx_word' id='word_1_79' title='bbox 574 902 629 939; x_wconf 90' lang='lat' dir='ltr'><strong>oft</strong></span> <span class='ocrx_word' id='word_1_80' title='bbox 658 902 707 952; x_wconf 85' lang='lat' dir='ltr'><strong>hy</strong></span> <span class='ocrx_word' id='word_1_81' title='bbox 725 915 857 951; x_wconf 82' lang='lat' dir='ltr'><strong>ergene</strong></span> <span class='ocrx_word' id='word_1_82' title='bbox 875 901 964 938; x_wconf 89' lang='lat' dir='ltr'><strong>inne</strong></span> <span class='ocrx_word' id='word_1_83' title='bbox 983 900 1067 950; x_wconf 89' lang='lat' dir='ltr'><strong>(der</strong></span> <span class='ocrx_word' id='word_1_84' title='bbox 1083 900 1277 950; x_wconf 84' lang='lat' dir='ltr'><strong>leeringen</strong></span> <span class='ocrx_word' id='word_1_85' title='bbox 1297 899 1452 947; x_wconf 82' lang='lat' dir='ltr'><strong>haluen)</strong></span> <span class='ocrx_word' id='word_1_86' title='bbox 1468 900 1649 950; x_wconf 84' lang='lat' dir='ltr'><strong>eenighen</strong></span> <span class='ocrx_word' id='word_1_87' title='bbox 1667 904 1758 950; x_wconf 87' lang='lat' dir='ltr'><strong>twy-</strong></span> 
     </span>
     <span class='ocr_line' id='line_1_13' title="bbox 347 964 1760 1018; baseline -0.002 -13"><span class='ocrx_word' id='word_1_88' title='bbox 347 968 398 1006; x_wconf 83' lang='lat' dir='ltr'><strong>fel</strong></span> <span class='ocrx_word' id='word_1_89' title='bbox 422 968 535 1009; x_wconf 81' lang='lat' dir='ltr'><strong>heeft.</strong></span> <span class='ocrx_word' id='word_1_90' title='bbox 563 966 678 1018; x_wconf 85' lang='lat' dir='ltr'><strong>opdat</strong></span> <span class='ocrx_word' id='word_1_91' title='bbox 705 980 789 1004; x_wconf 91' lang='lat' dir='ltr'><strong>men</strong></span> <span class='ocrx_word' id='word_1_92' title='bbox 818 966 903 1004; x_wconf 91' lang='lat' dir='ltr'><strong>hem</strong></span> <span class='ocrx_word' id='word_1_93' title='bbox 929 965 1077 1015; x_wconf 81' lang='lat' dir='ltr'><strong>genoch</strong></span> <span class='ocrx_word' id='word_1_94' title='bbox 1107 964 1204 1002; x_wconf 91' lang='lat' dir='ltr'><strong>doen</strong></span> <span class='ocrx_word' id='word_1_95' title='bbox 1231 965 1358 1014; x_wconf 76' lang='lat' dir='ltr'><strong>magh.</strong></span> <span class='ocrx_word' id='word_1_96' title='bbox 1386 964 1497 1002; x_wconf 73' lang='lat' dir='ltr'><strong>Indie</strong></span> <span class='ocrx_word' id='word_1_97' title='bbox 1526 965 1575 1014; x_wconf 89' lang='lat' dir='ltr'><strong>hy</strong></span> <span class='ocrx_word' id='word_1_98' title='bbox 1604 969 1686 1014; x_wconf 87' lang='lat' dir='ltr'><strong>segt</strong></span> <span class='ocrx_word' id='word_1_99' title='bbox 1700 965 1760 1009; x_wconf 85' lang='lat' dir='ltr'><strong>Ja,</strong></span> 
     </span>
     <span class='ocr_line' id='line_1_14' title="bbox 349 1028 1759 1080; baseline -0.002 -11"><span class='ocrx_word' id='word_1_100' title='bbox 349 1044 390 1070; x_wconf 86' lang='lat' dir='ltr'><strong>so</strong></span> <span class='ocrx_word' id='word_1_101' title='bbox 429 1031 623 1069; x_wconf 88' lang='lat' dir='ltr'><strong>soektmen</strong></span> <span class='ocrx_word' id='word_1_102' title='bbox 662 1030 746 1068; x_wconf 91' lang='lat' dir='ltr'><strong>hem</strong></span> <span class='ocrx_word' id='word_1_103' title='bbox 776 1034 822 1068; x_wconf 90' lang='lat' dir='ltr'><strong>wt</strong></span> <span class='ocrx_word' id='word_1_104' title='bbox 850 1030 915 1067; x_wconf 86' lang='lat' dir='ltr'><strong>der</strong></span> <span class='ocrx_word' id='word_1_105' title='bbox 945 1028 1090 1067; x_wconf 87' lang='lat' dir='ltr'><strong>Schrift</strong></span> <span class='ocrx_word' id='word_1_106' title='bbox 1116 1033 1154 1066; x_wconf 90' lang='lat' dir='ltr'><strong>te</strong></span> <span class='ocrx_word' id='word_1_107' title='bbox 1181 1028 1357 1067; x_wconf 86' lang='lat' dir='ltr'><strong>voldoen.</strong></span> <span class='ocrx_word' id='word_1_108' title='bbox 1412 1029 1472 1066; x_wconf 70' lang='lat' dir='ltr'><strong>En</strong></span> <span class='ocrx_word' id='word_1_109' title='bbox 1498 1029 1531 1066; x_wconf 88' lang='lat' dir='ltr'><strong>is</strong></span> <span class='ocrx_word' id='word_1_110' title='bbox 1561 1029 1587 1067; x_wconf 86' lang='lat' dir='ltr'><strong>&#39;t</strong></span> <span class='ocrx_word' id='word_1_111' title='bbox 1615 1029 1679 1067; x_wconf 79' lang='lat' dir='ltr'><strong>dat</strong></span> <span class='ocrx_word' id='word_1_112' title='bbox 1711 1029 1759 1080; x_wconf 83' lang='lat' dir='ltr'><strong>hy</strong></span> 
     </span>
     <span class='ocr_line' id='line_1_15' title="bbox 348 1093 1760 1145; baseline -0.001 -12"><span class='ocrx_word' id='word_1_113' title='bbox 348 1100 477 1145; x_wconf 83' lang='lat' dir='ltr'><strong>gerust</strong></span> <span class='ocrx_word' id='word_1_114' title='bbox 504 1095 549 1141; x_wconf 82' lang='lat' dir='ltr'><strong>is,</strong></span> <span class='ocrx_word' id='word_1_115' title='bbox 576 1108 617 1132; x_wconf 91' lang='lat' dir='ltr'><strong>so</strong></span> <span class='ocrx_word' id='word_1_116' title='bbox 647 1094 893 1144; x_wconf 83' lang='lat' dir='ltr'><strong>vraeghtmen</strong></span> <span class='ocrx_word' id='word_1_117' title='bbox 923 1094 1020 1137; x_wconf 82' lang='lat' dir='ltr'><strong>hem,</strong></span> <span class='ocrx_word' id='word_1_118' title='bbox 1043 1093 1086 1130; x_wconf 88' lang='lat' dir='ltr'><strong>of</strong></span> <span class='ocrx_word' id='word_1_119' title='bbox 1111 1093 1162 1142; x_wconf 87' lang='lat' dir='ltr'><strong>hy</strong></span> <span class='ocrx_word' id='word_1_120' title='bbox 1194 1105 1285 1131; x_wconf 84' lang='lat' dir='ltr'><strong>voor</strong></span> <span class='ocrx_word' id='word_1_121' title='bbox 1313 1093 1397 1131; x_wconf 91' lang='lat' dir='ltr'><strong>hem</strong></span> <span class='ocrx_word' id='word_1_122' title='bbox 1425 1093 1638 1143; x_wconf 84' lang='lat' dir='ltr'><strong>ghenomen</strong></span> <span class='ocrx_word' id='word_1_123' title='bbox 1660 1093 1760 1132; x_wconf 86' lang='lat' dir='ltr'><strong>heeft</strong></span> 
     </span>
     <span class='ocr_line' id='line_1_16' title="bbox 351 1157 1759 1210; baseline -0.001 -12"><span class='ocrx_word' id='word_1_124' title='bbox 351 1161 399 1210; x_wconf 84' lang='lat' dir='ltr'><strong>by</strong></span> <span class='ocrx_word' id='word_1_125' title='bbox 437 1160 524 1199; x_wconf 83' lang='lat' dir='ltr'><strong>dese</strong></span> <span class='ocrx_word' id='word_1_126' title='bbox 551 1159 746 1198; x_wconf 86' lang='lat' dir='ltr'><strong>voorseide</strong></span> <span class='ocrx_word' id='word_1_127' title='bbox 773 1158 968 1207; x_wconf 78' lang='lat' dir='ltr'><strong>leeringhe</strong></span> <span class='ocrx_word' id='word_1_128' title='bbox 995 1163 1033 1196; x_wconf 91' lang='lat' dir='ltr'><strong>te</strong></span> <span class='ocrx_word' id='word_1_129' title='bbox 1060 1158 1214 1208; x_wconf 82' lang='lat' dir='ltr'><strong>blyuen,</strong></span> <span class='ocrx_word' id='word_1_130' title='bbox 1240 1157 1335 1196; x_wconf 90' lang='lat' dir='ltr'><strong>ende</strong></span> <span class='ocrx_word' id='word_1_131' title='bbox 1364 1157 1408 1196; x_wconf 86' lang='lat' dir='ltr'><strong>de</strong></span> <span class='ocrx_word' id='word_1_132' title='bbox 1437 1158 1539 1196; x_wconf 87' lang='lat' dir='ltr'><strong>werlt</strong></span> <span class='ocrx_word' id='word_1_133' title='bbox 1566 1161 1604 1196; x_wconf 92' lang='lat' dir='ltr'><strong>te</strong></span> <span class='ocrx_word' id='word_1_134' title='bbox 1632 1171 1759 1196; x_wconf 84' lang='lat' dir='ltr'><strong>versa-</strong></span> 
     </span>
     <span class='ocr_line' id='line_1_17' title="bbox 351 1222 1430 1272; baseline -0.004 -9"><span class='ocrx_word' id='word_1_135' title='bbox 351 1225 436 1270; x_wconf 87' lang='lat' dir='ltr'><strong>ken,</strong></span> <span class='ocrx_word' id='word_1_136' title='bbox 462 1224 558 1263; x_wconf 90' lang='lat' dir='ltr'><strong>ende</strong></span> <span class='ocrx_word' id='word_1_137' title='bbox 585 1238 652 1263; x_wconf 86' lang='lat' dir='ltr'><strong>een</strong></span> <span class='ocrx_word' id='word_1_138' title='bbox 679 1224 798 1262; x_wconf 86' lang='lat' dir='ltr'><strong>nieuw</strong></span> <span class='ocrx_word' id='word_1_139' title='bbox 828 1222 1054 1261; x_wconf 86' lang='lat' dir='ltr'><strong>Christelick</strong></span> <span class='ocrx_word' id='word_1_140' title='bbox 1082 1223 1192 1260; x_wconf 90' lang='lat' dir='ltr'><strong>leuen</strong></span> <span class='ocrx_word' id='word_1_141' title='bbox 1219 1226 1256 1260; x_wconf 92' lang='lat' dir='ltr'><strong>te</strong></span> <span class='ocrx_word' id='word_1_142' title='bbox 1284 1222 1430 1272; x_wconf 87' lang='lat' dir='ltr'><strong>leyden.</strong></span> 
     </span>
    </p>

    <p class='ocr_par' dir='ltr' id='par_1_5' title="bbox 351 1267 1761 1403">
     <span class='ocr_line' id='line_1_18' title="bbox 400 1267 1761 1338; baseline -0.002 -10"><span class='ocrx_word' id='word_1_143' title='bbox 400 1290 482 1327; x_wconf 86' lang='lat' dir='ltr'><strong>Ten</strong></span> <span class='ocrx_word' id='word_1_144' title='bbox 509 1289 617 1328; x_wconf 89' lang='lat' dir='ltr'><strong>einde</strong></span> <span class='ocrx_word' id='word_1_145' title='bbox 645 1288 801 1338; x_wconf 87' lang='lat' dir='ltr'><strong>vraeght</strong></span> <span class='ocrx_word' id='word_1_146' title='bbox 828 1301 916 1325; x_wconf 90' lang='lat' dir='ltr'><strong>men</strong></span> <span class='ocrx_word' id='word_1_147' title='bbox 943 1288 1028 1325; x_wconf 90' lang='lat' dir='ltr'><strong>hem</strong></span> <span class='ocrx_word' id='word_1_148' title='bbox 1046 1287 1156 1332; x_wconf 88' lang='lat' dir='ltr'><strong>oock‚</strong></span> <span class='ocrx_word' id='word_1_149' title='bbox 1175 1288 1219 1324; x_wconf 93' lang='lat' dir='ltr'><strong>of</strong></span> <span class='ocrx_word' id='word_1_150' title='bbox 1236 1287 1286 1337; x_wconf 84' lang='lat' dir='ltr'><strong>hy</strong></span> <span class='ocrx_word' id='word_1_151' title='bbox 1305 1287 1389 1324; x_wconf 88' lang='lat' dir='ltr'><strong>hem</strong></span> <span class='ocrx_word' id='word_1_152' title='bbox 1410 1287 1474 1325; x_wconf 88' lang='lat' dir='ltr'><strong>der</strong></span> <span class='ocrx_word' id='word_1_153' title='bbox 1493 1267 1761 1326; x_wconf 83' lang='lat' dir='ltr'><strong>Christelicker</strong></span> 
     </span>
     <span class='ocr_line' id='line_1_19' title="bbox 351 1352 1149 1403; baseline -0.004 -11"><span class='ocrx_word' id='word_1_154' title='bbox 351 1353 474 1393; x_wconf 84' lang='lat' dir='ltr'><strong>straffe</strong></span> <span class='ocrx_word' id='word_1_155' title='bbox 502 1353 578 1392; x_wconf 91' lang='lat' dir='ltr'><strong>wilt</strong></span> <span class='ocrx_word' id='word_1_156' title='bbox 604 1353 841 1403; x_wconf 83' lang='lat' dir='ltr'><strong>gewilliglick</strong></span> <span class='ocrx_word' id='word_1_157' title='bbox 872 1352 1149 1403; x_wconf 89' lang='lat' dir='ltr'><strong>onderwerpen.</strong></span> 
     </span>
    </p>

    <p class='ocr_par' dir='ltr' id='par_1_6' title="bbox 352 1415 1763 1598">
     <span class='ocr_line' id='line_1_20' title="bbox 404 1415 1763 1468; baseline -0.001 -12"><span class='ocrx_word' id='word_1_158' title='bbox 404 1418 568 1456; x_wconf 84' lang='lat' dir='ltr'><strong>D&#39;welck</strong></span> <span class='ocrx_word' id='word_1_159' title='bbox 597 1417 648 1468; x_wconf 87' lang='lat' dir='ltr'><strong>hy</strong></span> <span class='ocrx_word' id='word_1_160' title='bbox 676 1417 820 1468; x_wconf 71' lang='lat' dir='ltr'><strong>ghedae</strong></span> <span class='ocrx_word' id='word_1_161' title='bbox 849 1415 1046 1454; x_wconf 88' lang='lat' dir='ltr'><strong>hebbende</strong></span> <span class='ocrx_word' id='word_1_162' title='bbox 1074 1429 1114 1454; x_wconf 90' lang='lat' dir='ltr'><strong>so</strong></span> <span class='ocrx_word' id='word_1_163' title='bbox 1144 1420 1334 1454; x_wconf 81' lang='lat' dir='ltr'><strong>vermaent</strong></span> <span class='ocrx_word' id='word_1_164' title='bbox 1353 1429 1440 1454; x_wconf 88' lang='lat' dir='ltr'><strong>men</strong></span> <span class='ocrx_word' id='word_1_165' title='bbox 1459 1416 1543 1454; x_wconf 84' lang='lat' dir='ltr'><strong>hem</strong></span> <span class='ocrx_word' id='word_1_166' title='bbox 1563 1421 1620 1455; x_wconf 89' lang='lat' dir='ltr'><strong>tot</strong></span> <span class='ocrx_word' id='word_1_167' title='bbox 1640 1417 1763 1465; x_wconf 89' lang='lat' dir='ltr'><strong>vrede,</strong></span> 
     </span>
     <span class='ocr_line' id='line_1_21' title="bbox 352 1480 1762 1532; baseline -0.001 -12"><span class='ocrx_word' id='word_1_168' title='bbox 352 1483 465 1521; x_wconf 87' lang='lat' dir='ltr'><strong>liefde</strong></span> <span class='ocrx_word' id='word_1_169' title='bbox 493 1482 588 1521; x_wconf 87' lang='lat' dir='ltr'><strong>ende</strong></span> <span class='ocrx_word' id='word_1_170' title='bbox 616 1481 956 1532; x_wconf 80' lang='lat' dir='ltr'><strong>eendrachtigheyt</strong></span> <span class='ocrx_word' id='word_1_171' title='bbox 985 1481 1053 1518; x_wconf 88' lang='lat' dir='ltr'><strong>mit</strong></span> <span class='ocrx_word' id='word_1_172' title='bbox 1082 1481 1152 1518; x_wconf 84' lang='lat' dir='ltr'><strong>alle</strong></span> <span class='ocrx_word' id='word_1_173' title='bbox 1179 1480 1398 1525; x_wconf 82' lang='lat' dir='ltr'><strong>menschen,</strong></span> <span class='ocrx_word' id='word_1_174' title='bbox 1424 1481 1520 1519; x_wconf 89' lang='lat' dir='ltr'><strong>ende</strong></span> <span class='ocrx_word' id='word_1_175' title='bbox 1547 1486 1603 1519; x_wconf 88' lang='lat' dir='ltr'><strong>tot</strong></span> <span class='ocrx_word' id='word_1_176' title='bbox 1632 1481 1762 1520; x_wconf 87' lang='lat' dir='ltr'><strong>vrede-</strong></span> 
     </span>
     <span class='ocr_line' id='line_1_22' title="bbox 354 1545 1763 1598; baseline -0.001 -12"><span class='ocrx_word' id='word_1_177' title='bbox 354 1548 571 1598; x_wconf 85' lang='lat' dir='ltr'><strong>makinghe,</strong></span> <span class='ocrx_word' id='word_1_178' title='bbox 598 1546 729 1584; x_wconf 85' lang='lat' dir='ltr'><strong>indien</strong></span> <span class='ocrx_word' id='word_1_179' title='bbox 756 1547 806 1597; x_wconf 89' lang='lat' dir='ltr'><strong>hy</strong></span> <span class='ocrx_word' id='word_1_180' title='bbox 836 1546 902 1584; x_wconf 87' lang='lat' dir='ltr'><strong>mit</strong></span> <span class='ocrx_word' id='word_1_181' title='bbox 929 1545 1096 1584; x_wconf 83' lang='lat' dir='ltr'><strong>iemandt</strong></span> <span class='ocrx_word' id='word_1_182' title='bbox 1124 1545 1258 1595; x_wconf 83' lang='lat' dir='ltr'><strong>eenigh</strong></span> <span class='ocrx_word' id='word_1_183' title='bbox 1286 1550 1440 1584; x_wconf 84' lang='lat' dir='ltr'><strong>wtstaen</strong></span> <span class='ocrx_word' id='word_1_184' title='bbox 1477 1546 1576 1584; x_wconf 83' lang='lat' dir='ltr'><strong>heeft</strong></span> <span class='ocrx_word' id='word_1_185' title='bbox 1603 1548 1648 1595; x_wconf 80' lang='grc'><strong>5).</strong></span> <span class='ocrx_word' id='word_1_186' title='bbox 1677 1549 1763 1596; x_wconf 81' lang='lat'>(15)</span> 
     </span>
    </p>

    <p class='ocr_par' dir='ltr' id='par_1_7' title="bbox 998 1620 1119 1650">
     <span class='ocr_line' id='line_1_23' title="bbox 998 1620 1119 1650; baseline 0.017 -2"><span class='ocrx_word' id='word_1_187' title='bbox 998 1620 1119 1650; x_wconf 83' lang='lat' dir='ltr'><strong>FINIS.</strong></span> 
     </span>
    </p>
   </div>
   <div class='ocr_carea' id='block_1_5' title="bbox 388 1678 597 1682">
    <p class='ocr_par' dir='ltr' id='par_1_8' title="bbox 388 1678 597 1682">
     <span class='ocr_line' id='line_1_24' title="bbox 388 1678 597 1682; baseline 0 0"><span class='ocrx_word' id='word_1_188' title='bbox 388 1678 597 1682; x_wconf 95' lang='lat' dir='ltr'><strong> </strong></span> 
     </span>
    </p>
   </div>
   <div class='ocr_carea' id='block_1_6' title="bbox 335 1723 1765 2875">
    <p class='ocr_par' dir='ltr' id='par_1_9' title="bbox 400 1723 1188 1766">
     <span class='ocr_line' id='line_1_25' title="bbox 400 1723 1188 1766; baseline -0.001 -9"><span class='ocrx_word' id='word_1_189' title='bbox 400 1727 425 1766; x_wconf 86' lang='lat'><strong>¹)</strong></span> <span class='ocrx_word' id='word_1_190' title='bbox 449 1725 508 1757; x_wconf 84' lang='lat' dir='ltr'><strong>Ed.</strong></span> <span class='ocrx_word' id='word_1_191' title='bbox 533 1724 588 1756; x_wconf 84' lang='lat' dir='ltr'><strong>lat.</strong></span> <span class='ocrx_word' id='word_1_192' title='bbox 612 1724 718 1756; x_wconf 81' lang='lat' dir='ltr'>addit:</span> <span class='ocrx_word' id='word_1_193' title='bbox 743 1724 797 1756; x_wconf 78' lang='lat' dir='ltr'><strong>cui</strong></span> <span class='ocrx_word' id='word_1_194' title='bbox 811 1727 964 1765; x_wconf 70' lang='lat' dir='ltr'><strong>perpetuo</strong></span> <span class='ocrx_word' id='word_1_195' title='bbox 986 1723 1188 1756; x_wconf 70' lang='lat' dir='ltr'><strong>subiacemus.</strong></span> 
     </span>
    </p>

    <p class='ocr_par' dir='ltr' id='par_1_10' title="bbox 355 1780 1765 1933">
     <span class='ocr_line' id='line_1_26' title="bbox 397 1780 1765 1822; baseline 0 -9"><span class='ocrx_word' id='word_1_196' title='bbox 397 1783 425 1822; x_wconf 67' lang='grc'><strong>2)</strong></span> <span class='ocrx_word' id='word_1_197' title='bbox 449 1782 559 1813; x_wconf 66' lang='lat' dir='ltr'><strong>Text:</strong></span> <span class='ocrx_word' id='word_1_198' title='bbox 583 1781 733 1812; x_wconf 79' lang='lat' dir='ltr'><strong>adversus</strong></span> <span class='ocrx_word' id='word_1_199' title='bbox 755 1781 944 1811; x_wconf 76' lang='lat' dir='ltr'><strong>tentationes</strong></span> <span class='ocrx_word' id='word_1_200' title='bbox 970 1780 1106 1812; x_wconf 77' lang='lat' dir='ltr'><em>Diaboli.</em></span> <span class='ocrx_word' id='word_1_201' title='bbox 1143 1780 1298 1812; x_wconf 74' lang='lat' dir='ltr'><strong>Ed.1at.:</strong></span> <span class='ocrx_word' id='word_1_202' title='bbox 1325 1781 1483 1812; x_wconf 68' lang='lat' dir='ltr'><strong>Postreno</strong></span> <span class='ocrx_word' id='word_1_203' title='bbox 1505 1781 1655 1813; x_wconf 74' lang='lat' dir='ltr'><strong>adversas</strong></span> <span class='ocrx_word' id='word_1_204' title='bbox 1676 1782 1765 1813; x_wconf 75' lang='lat' dir='ltr'><strong>dolos</strong></span> 
     </span>
     <span class='ocr_line' id='line_1_27' title="bbox 355 1835 1765 1879; baseline 0.001 -11"><span class='ocrx_word' id='word_1_205' title='bbox 355 1849 393 1868; x_wconf 79' lang='lat' dir='ltr'><strong>ac</strong></span> <span class='ocrx_word' id='word_1_206' title='bbox 422 1836 619 1879; x_wconf 76' lang='lat' dir='ltr'><strong>tyranmdem</strong></span> <span class='ocrx_word' id='word_1_207' title='bbox 655 1836 794 1867; x_wconf 80' lang='lat' dir='ltr'><strong>Satanae</strong></span> <span class='ocrx_word' id='word_1_208' title='bbox 823 1836 966 1878; x_wconf 70' lang='lat' dir='ltr'><strong>malaque</strong></span> <span class='ocrx_word' id='word_1_209' title='bbox 996 1846 1100 1866; x_wconf 77' lang='lat' dir='ltr'><strong>omma</strong></span> <span class='ocrx_word' id='word_1_210' title='bbox 1130 1835 1217 1867; x_wconf 75' lang='lat' dir='ltr'><em>nobis</em></span> <span class='ocrx_word' id='word_1_211' title='bbox 1245 1835 1456 1877; x_wconf 73' lang='lat' dir='ltr'><strong>impendentia</strong></span> <span class='ocrx_word' id='word_1_212' title='bbox 1487 1847 1580 1877; x_wconf 76' lang='lat' dir='ltr'><strong>opera</strong></span> <span class='ocrx_word' id='word_1_213' title='bbox 1612 1837 1765 1878; x_wconf 69' lang='lat' dir='ltr'><strong>supplices</strong></span> 
     </span>
     <span class='ocr_line' id='line_1_28' title="bbox 356 1891 568 1933; baseline -0.01 -10"><span class='ocrx_word' id='word_1_214' title='bbox 356 1891 469 1933; x_wconf 79' lang='lat' dir='ltr'><strong>implor</strong></span> <span class='ocrx_word' id='word_1_215' title='bbox 470 1902 568 1923; x_wconf 74' lang='lat' dir='ltr'><strong>amus.</strong></span> 
     </span>
    </p>

    <p class='ocr_par' dir='ltr' id='par_1_11' title="bbox 399 1944 1334 1986">
     <span class='ocr_line' id='line_1_29' title="bbox 399 1944 1334 1986; baseline -0.001 -9"><span class='ocrx_word' id='word_1_216' title='bbox 399 1947 426 1986; x_wconf 83' lang='lat'><strong>³)</strong></span> <span class='ocrx_word' id='word_1_217' title='bbox 450 1945 623 1977; x_wconf 78' lang='lat' dir='ltr'><strong>Subiunxit</strong></span> <span class='ocrx_word' id='word_1_218' title='bbox 645 1945 700 1976; x_wconf 88' lang='lat' dir='ltr'><strong>lat.</strong></span> <span class='ocrx_word' id='word_1_219' title='bbox 726 1945 792 1976; x_wconf 88' lang='lat' dir='ltr'><strong>ed.:</strong></span> <span class='ocrx_word' id='word_1_220' title='bbox 817 1944 862 1975; x_wconf 82' lang='lat' dir='ltr'><strong>ad</strong></span> <span class='ocrx_word' id='word_1_221' title='bbox 872 1945 974 1985; x_wconf 79' lang='lat' dir='ltr'><strong>finem</strong></span> <span class='ocrx_word' id='word_1_222' title='bbox 995 1944 1188 1985; x_wconf 76' lang='lat' dir='ltr'><strong>precationis</strong></span> <span class='ocrx_word' id='word_1_223' title='bbox 1210 1945 1334 1977; x_wconf 74' lang='lat' dir='ltr'><strong>addita.</strong></span> 
     </span>
    </p>

    <p class='ocr_par' dir='ltr' id='par_1_12' title="bbox 356 2000 1765 2143">
     <span class='ocr_line' id='line_1_30' title="bbox 398 2000 1765 2045; baseline 0.001 -12"><span class='ocrx_word' id='word_1_224' title='bbox 398 2003 425 2042; x_wconf 81' lang='lat'><strong>⁴)</strong></span> <span class='ocrx_word' id='word_1_225' title='bbox 450 2002 574 2033; x_wconf 85' lang='lat' dir='ltr'><strong>Haecce</strong></span> <span class='ocrx_word' id='word_1_226' title='bbox 609 2001 642 2032; x_wconf 87' lang='lat' dir='ltr'><strong>in</strong></span> <span class='ocrx_word' id='word_1_227' title='bbox 676 2001 785 2032; x_wconf 76' lang='lat' dir='ltr'><strong>latinis</strong></span> <span class='ocrx_word' id='word_1_228' title='bbox 815 2000 998 2032; x_wconf 86' lang='lat' dir='ltr'><strong>adduntur:</strong></span> <span class='ocrx_word' id='word_1_229' title='bbox 1023 2000 1123 2032; x_wconf 81' lang='lat' dir='ltr'><strong>Docet</strong></span> <span class='ocrx_word' id='word_1_230' title='bbox 1145 2003 1248 2031; x_wconf 78' lang='lat' dir='ltr'><strong>autem</strong></span> <span class='ocrx_word' id='word_1_231' title='bbox 1272 2001 1372 2032; x_wconf 76' lang='lat' dir='ltr'><strong>Deum</strong></span> <span class='ocrx_word' id='word_1_232' title='bbox 1394 2002 1494 2033; x_wconf 72' lang='lat' dir='ltr'><strong>solum</strong></span> <span class='ocrx_word' id='word_1_233' title='bbox 1517 2013 1590 2040; x_wconf 79' lang='lat' dir='ltr'><strong>esse,</strong></span> <span class='ocrx_word' id='word_1_234' title='bbox 1613 2003 1668 2045; x_wconf 76' lang='lat' dir='ltr'><strong>qui</strong></span> <span class='ocrx_word' id='word_1_235' title='bbox 1689 2003 1765 2035; x_wconf 69' lang='lat' dir='ltr'><strong>haec</strong></span> 
     </span>
     <span class='ocr_line' id='line_1_31' title="bbox 356 2055 1764 2099; baseline 0.003 -13"><span class='ocrx_word' id='word_1_236' title='bbox 356 2068 434 2099; x_wconf 69' lang='lat' dir='ltr'><strong>qaae</strong></span> <span class='ocrx_word' id='word_1_237' title='bbox 455 2057 591 2097; x_wconf 77' lang='lat' dir='ltr'><strong>petimus</strong></span> <span class='ocrx_word' id='word_1_238' title='bbox 625 2057 727 2087; x_wconf 75' lang='lat' dir='ltr'><em>omnia</em></span> <span class='ocrx_word' id='word_1_239' title='bbox 762 2055 848 2086; x_wconf 72' lang='lat' dir='ltr'><strong>nobis</strong></span> <span class='ocrx_word' id='word_1_240' title='bbox 870 2055 987 2096; x_wconf 60' lang='lat' dir='ltr'><strong>tamiri</strong></span> <span class='ocrx_word' id='word_1_241' title='bbox 1007 2058 1037 2086; x_wconf 83' lang='lat' dir='ltr'><strong>et</strong></span> <span class='ocrx_word' id='word_1_242' title='bbox 1054 2055 1157 2096; x_wconf 78' lang='lat' dir='ltr'><strong>possit</strong></span> <span class='ocrx_word' id='word_1_243' title='bbox 1180 2058 1214 2086; x_wconf 83' lang='lat' dir='ltr'><strong>ut</strong></span> <span class='ocrx_word' id='word_1_244' title='bbox 1237 2056 1428 2096; x_wconf 78' lang='lat' dir='ltr'><strong>omnipotens</strong></span> <span class='ocrx_word' id='word_1_245' title='bbox 1451 2056 1605 2088; x_wconf 74' lang='lat' dir='ltr'><strong>Dominus</strong></span> <span class='ocrx_word' id='word_1_246' title='bbox 1627 2061 1657 2089; x_wconf 85' lang='lat' dir='ltr'><strong>et</strong></span> <span class='ocrx_word' id='word_1_247' title='bbox 1679 2059 1764 2098; x_wconf 76' lang='lat' dir='ltr'><strong>velit,</strong></span> 
     </span>
     <span class='ocr_line' id='line_1_32' title="bbox 356 2110 796 2143; baseline 0.005 -2"><span class='ocrx_word' id='word_1_248' title='bbox 356 2113 391 2142; x_wconf 82' lang='lat' dir='ltr'><strong>ut</strong></span> <span class='ocrx_word' id='word_1_249' title='bbox 415 2111 510 2142; x_wconf 78' lang='lat' dir='ltr'><strong>Pater</strong></span> <span class='ocrx_word' id='word_1_250' title='bbox 531 2110 796 2143; x_wconf 71' lang='lat' dir='ltr'><strong>clementissinms.</strong></span> 
     </span>
    </p>

    <p class='ocr_par' dir='ltr' id='par_1_13' title="bbox 355 2166 1765 2319">
     <span class='ocr_line' id='line_1_33' title="bbox 398 2166 1764 2208; baseline 0.003 -11"><span class='ocrx_word' id='word_1_251' title='bbox 398 2167 424 2206; x_wconf 78' lang='lat'><strong>⁵)</strong></span> <span class='ocrx_word' id='word_1_252' title='bbox 450 2167 539 2208; x_wconf 73' lang='lat' dir='ltr'><strong>Quae</strong></span> <span class='ocrx_word' id='word_1_253' title='bbox 562 2166 620 2197; x_wconf 83' lang='lat' dir='ltr'><strong>sub</strong></span> <span class='ocrx_word' id='word_1_254' title='bbox 643 2167 740 2197; x_wconf 90' lang='lat' dir='ltr'><strong>finem</strong></span> <span class='ocrx_word' id='word_1_255' title='bbox 762 2166 857 2197; x_wconf 88' lang='lat' dir='ltr'><strong>huius</strong></span> <span class='ocrx_word' id='word_1_256' title='bbox 881 2166 1160 2198; x_wconf 82' lang='lat' dir='ltr'><strong>confessiunculae</strong></span> <span class='ocrx_word' id='word_1_257' title='bbox 1183 2166 1377 2198; x_wconf 82' lang='lat' dir='ltr'><strong>addiderunt</strong></span> <span class='ocrx_word' id='word_1_258' title='bbox 1399 2167 1540 2199; x_wconf 85' lang='lat' dir='ltr'><strong>ministri</strong></span> <span class='ocrx_word' id='word_1_259' title='bbox 1564 2169 1764 2201; x_wconf 82' lang='lat' dir='ltr'><strong>Eccl.Lond.</strong></span> 
     </span>
     <span class='ocr_line' id='line_1_34' title="bbox 356 2221 1765 2265; baseline 0.002 -12"><span class='ocrx_word' id='word_1_260' title='bbox 356 2221 387 2253; x_wconf 89' lang='lat' dir='ltr'><strong>in</strong></span> <span class='ocrx_word' id='word_1_261' title='bbox 412 2222 557 2260; x_wconf 82' lang='lat' dir='ltr'><strong>„Forma</strong></span> <span class='ocrx_word' id='word_1_262' title='bbox 581 2233 617 2253; x_wconf 89' lang='lat' dir='ltr'><strong>ac</strong></span> <span class='ocrx_word' id='word_1_263' title='bbox 641 2221 778 2253; x_wconf 80' lang='lat' dir='ltr'><strong>Ratione</strong></span> <span class='ocrx_word' id='word_1_264' title='bbox 801 2222 904 2253; x_wconf 84' lang='lat' dir='ltr'><strong>Min.&#39;&#39;</strong></span> <span class='ocrx_word' id='word_1_265' title='bbox 930 2233 995 2253; x_wconf 88' lang='lat' dir='ltr'><strong>non</strong></span> <span class='ocrx_word' id='word_1_266' title='bbox 1019 2233 1055 2253; x_wconf 80' lang='lat' dir='ltr'><strong>ea</strong></span> <span class='ocrx_word' id='word_1_267' title='bbox 1079 2222 1296 2254; x_wconf 81' lang='lat' dir='ltr'><strong>concinnitate</strong></span> <span class='ocrx_word' id='word_1_268' title='bbox 1319 2223 1468 2264; x_wconf 80' lang='lat' dir='ltr'><strong>gaudent,</strong></span> <span class='ocrx_word' id='word_1_269' title='bbox 1493 2234 1591 2265; x_wconf 82' lang='lat' dir='ltr'><strong>quare</strong></span> <span class='ocrx_word' id='word_1_270' title='bbox 1613 2224 1712 2256; x_wconf 83' lang='lat' dir='ltr'><strong>latine</strong></span> <span class='ocrx_word' id='word_1_271' title='bbox 1729 2236 1765 2257; x_wconf 89' lang='lat' dir='ltr'><strong>ea</strong></span> 
     </span>
     <span class='ocr_line' id='line_1_35' title="bbox 355 2277 1120 2319; baseline 0.001 -11"><span class='ocrx_word' id='word_1_272' title='bbox 355 2277 395 2309; x_wconf 83' lang='lat' dir='ltr'><strong>ad</strong></span> <span class='ocrx_word' id='word_1_273' title='bbox 419 2277 537 2308; x_wconf 84' lang='lat' dir='ltr'><strong>calcem</strong></span> <span class='ocrx_word' id='word_1_274' title='bbox 561 2277 726 2319; x_wconf 83' lang='lat' dir='ltr'><strong>adspergo.</strong></span> <span class='ocrx_word' id='word_1_275' title='bbox 771 2277 823 2308; x_wconf 91' lang='lat' dir='ltr'><strong>Sic</strong></span> <span class='ocrx_word' id='word_1_276' title='bbox 846 2279 912 2309; x_wconf 85' lang='lat' dir='ltr'><strong>fere</strong></span> <span class='ocrx_word' id='word_1_277' title='bbox 935 2288 967 2309; x_wconf 88' lang='lat' dir='ltr'><strong>se</strong></span> <span class='ocrx_word' id='word_1_278' title='bbox 990 2277 1120 2310; x_wconf 84' lang='lat' dir='ltr'><strong>habent.</strong></span> 
     </span>
    </p>

    <p class='ocr_par' dir='ltr' id='par_1_14' title="bbox 355 2333 1764 2487">
     <span class='ocr_line' id='line_1_36' title="bbox 398 2333 1763 2376; baseline 0.002 -13"><span class='ocrx_word' id='word_1_279' title='bbox 398 2333 457 2371; x_wconf 89' lang='lat' dir='ltr'><strong>„Si</strong></span> <span class='ocrx_word' id='word_1_280' title='bbox 487 2333 558 2374; x_wconf 88' lang='lat' dir='ltr'><strong>quis</strong></span> <span class='ocrx_word' id='word_1_281' title='bbox 586 2333 739 2364; x_wconf 66' lang='lat' dir='ltr'><strong>Ecclesiis</strong></span> <span class='ocrx_word' id='word_1_282' title='bbox 767 2333 887 2364; x_wconf 83' lang='lat' dir='ltr'><strong>nostris</strong></span> <span class='ocrx_word' id='word_1_283' title='bbox 922 2333 1095 2374; x_wconf 82' lang='lat' dir='ltr'><strong>adiungere</strong></span> <span class='ocrx_word' id='word_1_284' title='bbox 1130 2344 1162 2364; x_wconf 83' lang='lat' dir='ltr'><strong>se</strong></span> <span class='ocrx_word' id='word_1_285' title='bbox 1197 2333 1276 2365; x_wconf 88' lang='lat' dir='ltr'><strong>velit</strong></span> <span class='ocrx_word' id='word_1_286' title='bbox 1298 2336 1329 2365; x_wconf 88' lang='lat' dir='ltr'><strong>et</strong></span> <span class='ocrx_word' id='word_1_287' title='bbox 1351 2334 1457 2376; x_wconf 81' lang='lat' dir='ltr'><strong>capita</strong></span> <span class='ocrx_word' id='word_1_288' title='bbox 1480 2335 1595 2366; x_wconf 81' lang='lat' dir='ltr'><strong>haecce</strong></span> <span class='ocrx_word' id='word_1_289' title='bbox 1618 2335 1763 2366; x_wconf 82' lang='lat' dir='ltr'><strong>funditus</strong></span> 
     </span>
     <span class='ocr_line' id='line_1_37' title="bbox 355 2388 1764 2432; baseline 0.002 -13"><span class='ocrx_word' id='word_1_290' title='bbox 355 2388 532 2431; x_wconf 86' lang='lat' dir='ltr'><strong>perspiciat</strong></span> <span class='ocrx_word' id='word_1_291' title='bbox 554 2390 648 2430; x_wconf 83' lang='lat' dir='ltr'><strong>atque</strong></span> <span class='ocrx_word' id='word_1_292' title='bbox 671 2389 870 2430; x_wconf 83' lang='lat' dir='ltr'><strong>profiteatur,</strong></span> <span class='ocrx_word' id='word_1_293' title='bbox 893 2391 1036 2430; x_wconf 81' lang='lat' dir='ltr'><strong>rogatur,</strong></span> <span class='ocrx_word' id='word_1_294' title='bbox 1060 2399 1100 2419; x_wconf 87' lang='lat' dir='ltr'><strong>an</strong></span> <span class='ocrx_word' id='word_1_295' title='bbox 1124 2389 1206 2420; x_wconf 82' lang='lat' dir='ltr'><strong>forte</strong></span> <span class='ocrx_word' id='word_1_296' title='bbox 1228 2388 1262 2420; x_wconf 92' lang='lat' dir='ltr'><strong>in</strong></span> <span class='ocrx_word' id='word_1_297' title='bbox 1285 2389 1392 2431; x_wconf 87' lang='lat' dir='ltr'><strong>aliqua</strong></span> <span class='ocrx_word' id='word_1_298' title='bbox 1416 2389 1581 2421; x_wconf 81' lang='lat' dir='ltr'><strong>doctrinae</strong></span> <span class='ocrx_word' id='word_1_299' title='bbox 1602 2393 1694 2432; x_wconf 86' lang='lat' dir='ltr'><strong>parte</strong></span> <span class='ocrx_word' id='word_1_300' title='bbox 1710 2391 1764 2422; x_wconf 89' lang='lat' dir='ltr'><strong>du-</strong></span> 
     </span>
     <span class='ocr_line' id='line_1_38' title="bbox 355 2443 1763 2487; baseline 0.002 -13"><span class='ocrx_word' id='word_1_301' title='bbox 355 2444 427 2474; x_wconf 87' lang='lat' dir='ltr'><strong>bius</strong></span> <span class='ocrx_word' id='word_1_302' title='bbox 449 2443 553 2474; x_wconf 82' lang='lat' dir='ltr'><strong>adhuc</strong></span> <span class='ocrx_word' id='word_1_303' title='bbox 576 2444 715 2482; x_wconf 84' lang='lat' dir='ltr'><strong>haereat,</strong></span> <span class='ocrx_word' id='word_1_304' title='bbox 739 2446 774 2474; x_wconf 88' lang='lat' dir='ltr'><strong>ut</strong></span> <span class='ocrx_word' id='word_1_305' title='bbox 798 2443 970 2485; x_wconf 84' lang='lat' dir='ltr'><strong>approbari</strong></span> <span class='ocrx_word' id='word_1_306' title='bbox 994 2444 1145 2486; x_wconf 82' lang='lat' dir='ltr'><strong>deinceps</strong></span> <span class='ocrx_word' id='word_1_307' title='bbox 1168 2444 1197 2475; x_wconf 88' lang='lat' dir='ltr'><strong>ei</strong></span> <span class='ocrx_word' id='word_1_308' title='bbox 1221 2444 1367 2475; x_wconf 85' lang='lat' dir='ltr'><strong>doctrina</strong></span> <span class='ocrx_word' id='word_1_309' title='bbox 1389 2445 1503 2486; x_wconf 81' lang='lat' dir='ltr'><strong>possit.</strong></span> <span class='ocrx_word' id='word_1_310' title='bbox 1528 2446 1650 2487; x_wconf 73' lang='lat' dir='ltr'><strong>Quodsi</strong></span> <span class='ocrx_word' id='word_1_311' title='bbox 1666 2445 1763 2477; x_wconf 87' lang='lat' dir='ltr'><strong>dubia</strong></span> 
     </span>
    </p>

    <p class='ocr_par' dir='ltr' id='par_1_15' title="bbox 335 2488 1763 2875">
     <span class='ocr_line' id='line_1_39' title="bbox 335 2488 1761 2540; baseline 0.001 -11"><span class='ocrx_word' id='word_1_312' title='bbox 335 2488 511 2540; x_wconf 58' lang='lat' dir='ltr'><strong>⁵quaedam</strong></span> <span class='ocrx_word' id='word_1_313' title='bbox 548 2500 683 2540; x_wconf 86' lang='lat' dir='ltr'><strong>profert,</strong></span> <span class='ocrx_word' id='word_1_314' title='bbox 717 2509 733 2529; x_wconf 93' lang='lat' dir='ltr'><strong>e</strong></span> <span class='ocrx_word' id='word_1_315' title='bbox 767 2499 933 2540; x_wconf 85' lang='lat' dir='ltr'><strong>Scriptura</strong></span> <span class='ocrx_word' id='word_1_316' title='bbox 967 2499 1072 2530; x_wconf 88' lang='lat' dir='ltr'><strong>ductis</strong></span> <span class='ocrx_word' id='word_1_317' title='bbox 1095 2499 1292 2540; x_wconf 81' lang='lat' dir='ltr'><strong>argumentis</strong></span> <span class='ocrx_word' id='word_1_318' title='bbox 1316 2499 1440 2530; x_wconf 84' lang='lat' dir='ltr'><strong>solvere</strong></span> <span class='ocrx_word' id='word_1_319' title='bbox 1464 2511 1499 2531; x_wconf 84' lang='lat' dir='ltr'><strong>ca</strong></span> <span class='ocrx_word' id='word_1_320' title='bbox 1523 2508 1684 2531; x_wconf 76' lang='lat' dir='ltr'><strong>conamur.</strong></span> <span class='ocrx_word' id='word_1_321' title='bbox 1728 2500 1761 2531; x_wconf 84' lang='lat' dir='ltr'><strong>Si</strong></span> 
     </span>
     <span class='ocr_line' id='line_1_40' title="bbox 356 2554 1762 2596; baseline 0.001 -11"><span class='ocrx_word' id='word_1_322' title='bbox 356 2565 431 2586; x_wconf 89' lang='lat' dir='ltr'><strong>vero</strong></span> <span class='ocrx_word' id='word_1_323' title='bbox 455 2555 580 2596; x_wconf 88' lang='lat' dir='ltr'><strong>quietus</strong></span> <span class='ocrx_word' id='word_1_324' title='bbox 603 2557 651 2585; x_wconf 85' lang='lat' dir='ltr'><strong>est</strong></span> <span class='ocrx_word' id='word_1_325' title='bbox 673 2554 706 2585; x_wconf 91' lang='lat' dir='ltr'><strong>in</strong></span> <span class='ocrx_word' id='word_1_326' title='bbox 730 2554 888 2591; x_wconf 82' lang='lat' dir='ltr'><strong>omnibus,</strong></span> <span class='ocrx_word' id='word_1_327' title='bbox 912 2554 1076 2595; x_wconf 73' lang='lat' dir='ltr'><strong>quaeritur</strong></span> <span class='ocrx_word' id='word_1_328' title='bbox 1099 2554 1137 2585; x_wconf 85' lang='lat' dir='ltr'><strong>ab</strong></span> <span class='ocrx_word' id='word_1_329' title='bbox 1160 2554 1216 2586; x_wconf 90' lang='lat' dir='ltr'><strong>illo</strong></span> <span class='ocrx_word' id='word_1_330' title='bbox 1241 2555 1390 2596; x_wconf 90' lang='lat' dir='ltr'><strong>primum,</strong></span> <span class='ocrx_word' id='word_1_331' title='bbox 1414 2555 1650 2586; x_wconf 83' lang='lat' dir='ltr'><strong>statueritnein</strong></span> <span class='ocrx_word' id='word_1_332' title='bbox 1667 2555 1762 2587; x_wconf 85' lang='lat' dir='ltr'><strong>corde</strong></span> 
     </span>
     <span class='ocr_line' id='line_1_41' title="bbox 356 2609 1762 2651; baseline 0.001 -11"><span class='ocrx_word' id='word_1_333' title='bbox 356 2620 413 2641; x_wconf 77' lang='lat' dir='ltr'><strong>suo</strong></span> <span class='ocrx_word' id='word_1_334' title='bbox 445 2609 609 2641; x_wconf 87' lang='lat' dir='ltr'><strong>doctrinae</strong></span> <span class='ocrx_word' id='word_1_335' title='bbox 639 2609 685 2640; x_wconf 87' lang='lat' dir='ltr'><strong>illi</strong></span> <span class='ocrx_word' id='word_1_336' title='bbox 710 2612 866 2651; x_wconf 84' lang='lat' dir='ltr'><strong>perpetuo</strong></span> <span class='ocrx_word' id='word_1_337' title='bbox 890 2609 1074 2647; x_wconf 83' lang='lat' dir='ltr'><strong>adhaerere,</strong></span> <span class='ocrx_word' id='word_1_338' title='bbox 1098 2620 1250 2651; x_wconf 85' lang='lat' dir='ltr'><strong>renegare</strong></span> <span class='ocrx_word' id='word_1_339' title='bbox 1273 2610 1393 2642; x_wconf 88' lang='lat' dir='ltr'><strong>mundo</strong></span> <span class='ocrx_word' id='word_1_340' title='bbox 1416 2611 1577 2651; x_wconf 83' lang='lat' dir='ltr'><strong>vitamque</strong></span> <span class='ocrx_word' id='word_1_341' title='bbox 1601 2621 1689 2642; x_wconf 79' lang='lat' dir='ltr'><strong>suam</strong></span> <span class='ocrx_word' id='word_1_342' title='bbox 1713 2611 1762 2642; x_wconf 88' lang='lat' dir='ltr'><strong>de·</strong></span> 
     </span>
     <span class='ocr_line' id='line_1_42' title="bbox 357 2665 1761 2707; baseline 0.001 -12"><span class='ocrx_word' id='word_1_343' title='bbox 357 2665 430 2696; x_wconf 88' lang='lat' dir='ltr'><strong>hinc</strong></span> <span class='ocrx_word' id='word_1_344' title='bbox 460 2665 644 2696; x_wconf 83' lang='lat' dir='ltr'><strong>Christiane</strong></span> <span class='ocrx_word' id='word_1_345' title='bbox 679 2665 857 2697; x_wconf 84' lang='lat' dir='ltr'><strong>instituere.</strong></span> <span class='ocrx_word' id='word_1_346' title='bbox 901 2665 983 2695; x_wconf 88' lang='lat' dir='ltr'><strong>Tum</strong></span> <span class='ocrx_word' id='word_1_347' title='bbox 1014 2665 1119 2702; x_wconf 85' lang='lat' dir='ltr'><strong>etiam,</strong></span> <span class='ocrx_word' id='word_1_348' title='bbox 1144 2665 1263 2696; x_wconf 85' lang='lat' dir='ltr'><strong>velitne</strong></span> <span class='ocrx_word' id='word_1_349' title='bbox 1287 2667 1400 2707; x_wconf 83' lang='lat' dir='ltr'><strong>sponte</strong></span> <span class='ocrx_word' id='word_1_350' title='bbox 1424 2675 1480 2696; x_wconf 83' lang='lat' dir='ltr'><strong>sua</strong></span> <span class='ocrx_word' id='word_1_351' title='bbox 1503 2665 1705 2697; x_wconf 78' lang='lat' dir='ltr'><strong>Christianae</strong></span> <span class='ocrx_word' id='word_1_352' title='bbox 1728 2677 1761 2697; x_wconf 88' lang='lat' dir='ltr'><strong>se</strong></span> 
     </span>
     <span class='ocr_line' id='line_1_43' title="bbox 357 2720 1763 2763; baseline 0.001 -12"><span class='ocrx_word' id='word_1_353' title='bbox 357 2720 547 2762; x_wconf 79' lang='lat' dir='ltr'><strong>disciplinae</strong></span> <span class='ocrx_word' id='word_1_354' title='bbox 571 2720 738 2751; x_wconf 87' lang='lat' dir='ltr'><strong>subiicere.</strong></span> <span class='ocrx_word' id='word_1_355' title='bbox 763 2721 852 2762; x_wconf 71' lang='lat' dir='ltr'><strong>Quae</strong></span> <span class='ocrx_word' id='word_1_356' title='bbox 876 2721 1040 2762; x_wconf 83' lang='lat' dir='ltr'><strong>professus</strong></span> <span class='ocrx_word' id='word_1_357' title='bbox 1064 2732 1081 2751; x_wconf 90' lang='lat' dir='ltr'><strong>a</strong></span> <span class='ocrx_word' id='word_1_358' title='bbox 1104 2721 1253 2752; x_wconf 86' lang='lat' dir='ltr'><strong>ministro</strong></span> <span class='ocrx_word' id='word_1_359' title='bbox 1279 2721 1407 2752; x_wconf 79' lang='lat' dir='ltr'><strong>tandem</strong></span> <span class='ocrx_word' id='word_1_360' title='bbox 1430 2721 1629 2758; x_wconf 84' lang='lat' dir='ltr'><strong>admonetur,</strong></span> <span class='ocrx_word' id='word_1_361' title='bbox 1654 2725 1688 2752; x_wconf 89' lang='lat' dir='ltr'><strong>ut</strong></span> <span class='ocrx_word' id='word_1_362' title='bbox 1710 2733 1763 2763; x_wconf 82' lang='lat' dir='ltr'><strong>pa-</strong></span> 
     </span>
     <span class='ocr_line' id='line_1_44' title="bbox 356 2766 1762 2817; baseline 0.001 -9"><span class='ocrx_word' id='word_1_363' title='bbox 356 2787 434 2813; x_wconf 86' lang='lat' dir='ltr'><strong>cem,</strong></span> <span class='ocrx_word' id='word_1_364' title='bbox 459 2766 665 2807; x_wconf 73' lang='lat' dir='ltr'><strong>dilectionem</strong></span> <span class='ocrx_word' id='word_1_365' title='bbox 688 2787 724 2807; x_wconf 88' lang='lat' dir='ltr'><strong>ac</strong></span> <span class='ocrx_word' id='word_1_366' title='bbox 748 2776 954 2808; x_wconf 83' lang='lat' dir='ltr'><strong>concordiam</strong></span> <span class='ocrx_word' id='word_1_367' title='bbox 978 2786 1050 2807; x_wconf 90' lang='lat' dir='ltr'><strong>cum</strong></span> <span class='ocrx_word' id='word_1_368' title='bbox 1073 2776 1223 2808; x_wconf 86' lang='lat' dir='ltr'><strong>omnibus</strong></span> <span class='ocrx_word' id='word_1_369' title='bbox 1245 2776 1429 2808; x_wconf 90' lang='lat' dir='ltr'><strong>hominibus</strong></span> <span class='ocrx_word' id='word_1_370' title='bbox 1452 2779 1650 2817; x_wconf 85' lang='lat' dir='ltr'><strong>promoveat,</strong></span> <span class='ocrx_word' id='word_1_371' title='bbox 1673 2778 1762 2809; x_wconf 83' lang='lat' dir='ltr'><strong>dissi-</strong></span> 
     </span>
     <span class='ocr_line' id='line_1_45' title="bbox 357 2830 1542 2875; baseline -0.001 -12"><span class='ocrx_word' id='word_1_372' title='bbox 357 2831 472 2875; x_wconf 87' lang='lat' dir='ltr'><strong>diaque</strong></span> <span class='ocrx_word' id='word_1_373' title='bbox 495 2833 666 2875; x_wconf 84' lang='lat' dir='ltr'><strong>componat</strong></span> <span class='ocrx_word' id='word_1_374' title='bbox 689 2831 807 2870; x_wconf 84' lang='lat' dir='ltr'><strong>omnia,</strong></span> <span class='ocrx_word' id='word_1_375' title='bbox 830 2831 857 2862; x_wconf 86' lang='lat' dir='ltr'><strong>si</strong></span> <span class='ocrx_word' id='word_1_376' title='bbox 880 2841 960 2872; x_wconf 83' lang='lat' dir='ltr'><strong>quae</strong></span> <span class='ocrx_word' id='word_1_377' title='bbox 984 2830 1058 2862; x_wconf 86' lang='lat' dir='ltr'><strong>ullis</strong></span> <span class='ocrx_word' id='word_1_378' title='bbox 1082 2832 1185 2863; x_wconf 91' lang='lat' dir='ltr'><strong>modis</strong></span> <span class='ocrx_word' id='word_1_379' title='bbox 1209 2842 1282 2863; x_wconf 87' lang='lat' dir='ltr'><strong>cum</strong></span> <span class='ocrx_word' id='word_1_380' title='bbox 1304 2831 1542 2874; x_wconf 44' lang='lat' dir='ltr'><strong>aliiffihabeutff&#39;</strong></span> 
     </span>
    </p>
   </div>
   <div class='ocr_carea' id='block_1_7' title="bbox 964 2957 1197 2966">
    <p class='ocr_par' dir='ltr' id='par_1_16' title="bbox 964 2957 1197 2966">
     <span class='ocr_line' id='line_1_46' title="bbox 964 2957 1197 2966; baseline -0.013 -1"><span class='ocrx_word' id='word_1_381' title='bbox 964 2959 1024 2966; x_wconf 46' lang='lat' dir='ltr'><strong>,ma-</strong></span> <span class='ocrx_word' id='word_1_382' title='bbox 1031 2959 1043 2964; x_wconf 76' lang='lat'><strong>.-</strong></span> <span class='ocrx_word' id='word_1_383' title='bbox 1050 2957 1197 2965; x_wconf 38' lang='lat' dir='ltr'><strong>...w—m—</strong></span> 
     </span>
    </p>
   </div>
  </div>
 </body>
</html>
