1830 3147
790 113 856 151 697
1003 152 1013 163 „
1309 114 1375 161 [A.
1402 113 1446 149 1).
1476 116 1585 162 1554]

64 228 91 266 ⁵)
117 226 166 257 Cf.
194 236 243 267 cp.
265 225 315 262 96,
339 223 368 257 7.
414 223 442 262 ⁶)
467 222 578 254 Petras
601 221 819 259 Medmannus,
853 221 1065 259 Coloniensis,
1089 222 1143 262 qui
1166 221 1302 263 posthac
1325 222 1425 253 officia
1450 233 1507 253 sua
1529 224 1589 253 Co-

65 281 207 312 mitissac
227 281 335 310 Annae
358 277 518 310 obtulerat
541 277 658 318 diuque
682 277 766 319 apud
791 276 952 308 Emdanos
975 276 1143 308 consulatu
1167 277 1296 308 functus
1319 280 1378 309 est.
1415 277 1465 308 Cf.
1488 277 1586 308 Ussno

65 336 158 366 Eam.
180 345 210 367 0.
233 334 254 366 l.
276 345 308 376 p.
331 333 402 365 948.
425 332 701 370 HARCKENROTH,
722 332 844 373 Ooscjr.
862 332 988 373 Oorspr.
1004 343 1036 374 p.
1051 331 1102 365 47.
1124 332 1232 369 Brito,
1249 343 1279 363 ο.
1295 331 1316 364 1.
1331 342 1364 374 p.
1379 332 1430 364 85.
1452 332 1588 363 Buram<-

64 399 173 428 EISEN,
197 401 225 421 ο.
247 389 269 422 l.
292 389 321 421 1.
343 389 398 420 VI.
421 399 452 419 n.
476 387 505 421 7.
529 387 721 419 HAMMELM.
743 398 773 418 0.
796 387 816 418 l.
841 387 932 418 1334.
955 387 1135 424 Bruma,
1158 387 1202 418 H.
1227 386 1330 419 Lusci.
1351 398 1383 428 p.
1399 386 1470 418 270.
1494 388 1521 427 ⁷)
1538 388 1590 418 Io-

63 455 160 477 annes
175 445 331 477 Albertus.
355 444 380 484 3)
394 443 497 485 Episc.
520 443 769 475 Selzwerineasis.
791 444 818 482 9)
838 443 882 474 De
899 443 1002 474 tribus
1024 442 1089 474 illis
1104 442 1211 475 Brem.
1235 442 1284 474 Cf.
1301 454 1351 484 ep.
1366 443 1407 474 96
1423 454 1454 476 n.
1469 444 1497 480 6,
1512 442 1541 481 7,
1557 443 1588 474 8.

66 631 127 666 N⁰.
152 631 208 668 99.
456 631 571 676 [Αυξοςτ.
585 634 607 665 in
621 634 689 666 Arcti.
701 634 972 674 Tig.c.=·01.v111.277.
985 635 1001 665 (i
1011 633 1077 667 ord.
1094 644 1115 666 s,
1128 644 1151 667 a.
1163 635 1216 667 n'a.
1234 634 1284 668 58¹.
1298 634 1430 668 Gothum.
1443 645 1465 667 n.
1481 634 1497 667 s.
1509 631 1585 677 aia]

377 719 436 754 Ad
461 720 739 755 BULLINGERUM
763 721 799 755 et
823 719 1039 755 'rumorosos
1063 719 1281 756 Tmnmnos.

116 807 211 843 Nihil
236 807 368 848 dubito,
404 807 528 842 fratres
555 807 590 842 in
616 807 764 842 Domino
792 806 1113 843 observandissimi!
1137 808 1221 854 quin
1244 819 1368 855 magno
1394 807 1589 855 iampridem

66 869 235 905 desiderio
269 869 450 904 teneamini
485 867 645 903 audiendi
678 866 720 903 de
745 867 844 903 nobis
868 868 1009 916 aliquid.
1044 872 1261 915 posteaquam
1288 869 1465 915 Angliam,
1491 869 1593 904 dissi-

69 929 157 976 patis
183 929 253 964 illic
278 930 406 964 nostris
429 928 607 968 Ecclesiis,
640 928 906 975 reliquissemus.
956 928 1025 964 Sed
1051 933 1086 963 et
1111 941 1172 964 vos
1197 927 1334 964 credere
1359 929 1508 964 vicissim
1534 942 1593 976 po-

68 988 182 1028 testis,
217 1000 285 1023 non
313 988 422 1022 minus
448 988 550 1022 etiam
577 985 675 1022 nobis
702 987 810 1022 fuisse
836 991 911 1022 toto
936 987 999 1022 hoc
1025 987 1156 1022 interea
1182 990 1334 1033 tempore
1357 987 1400 1023 ad
1426 999 1486 1022 vos
1511 988 1594 1023 scri-

68 1047 170 1083 bendi
203 1046 422 1089 desiderium,
460 1047 489 1082 si
522 1046 557 1082 id
592 1046 700 1083 facere
726 1046 796 1081 ullo
823 1047 922 1082 modo
949 1047 1191 1093 potuissemus.
1230 1060 1300 1083 non
1323 1047 1436 1084 solum
1472 1050 1511 1083 ut
1537 1060 1594 1083 vc-

70 1110 177 1143 stram
199 1120 261 1154 pro
286 1107 384 1143 nobis
409 1105 676 1142 sollicitudinem
701 1106 904 1147 levaremus,
929 1119 1030 1154 quam
1057 1107 1214 1154 equidem
1240 1120 1407 1144 summam
1433 1120 1508 1144 esse
1534 1120 1596 1155 pro

68 1173 182 1204 vestra
214 1169 343 1215 pietate
378 1181 446 1203 non
479 1167 688 1209 dubitamus,
719 1167 780 1203 sed
811 1172 852 1203 ut
877 1172 1010 1204 vestras
1047 1180 1165 1215 preces
1201 1169 1304 1204 etiam
1331 1173 1511 1218 vestraque
1536 1181 1594 1205 su-

68 1229 171 1276 spiria.
195 1240 272 1265 cum
303 1228 462 1274 [nostris]
492 1230 591 1263 tanto
615 1227 792 1263 ardentius
819 1229 1005 1265 coniuncta
1030 1228 1168 1270 habere,
1196 1229 1345 1276 denique
1369 1233 1404 1265 et
1427 1230 1552 1266 instrui
1576 1242 1597 1266 a

72 1291 168 1325 vobis
202 1293 237 1325 et
271 1288 466 1325 confirmari
491 1291 666 1335 praeterea
691 1289 728 1325 in
750 1289 919 1325 aerumnis
943 1301 982 1325 ac
1009 1289 1252 1325 certaminibus
1276 1291 1404 1326 nostris
1430 1291 1598 1337 potuisse·

70 1362 157 1392 mus,
194 1348 318 1397 quibus
354 1361 415 1384 nos
451 1347 620 1384 Dominus
660 1349 754 1384 Deus
790 1353 909 1385 noster
933 1350 976 1385 ad
1002 1350 1084 1385 Filii
1108 1350 1174 1392 sui,
1198 1350 1289 1397 quod
1315 1363 1428 1398 spero,
1450 1351 1595 1398 gloriam

70 1410 213 1458 probare
237 1408 393 1445 nonnihil
418 1420 644 1456 exercereque
669 1409 791 1451 voluit,
816 1408 868 1445 illi
892 1411 938 1445 sit
961 1409 1071 1457 gloria
1096 1410 1130 1445 in
1155 1410 1282 1447 secula.
1331 1412 1456 1448 Amen.
1503 1411 1598 1450 Quia

71 1482 153 1506 vero
186 1470 285 1506 nobis
316 1469 351 1506 id
384 1469 551 1505 hactenus
584 1481 654 1504 non
679 1468 790 1510 licuit,
824 1473 860 1505 et
884 1481 976 1506 nune
1002 1482 1039 1505 se
1072 1470 1170 1506 nobis
1197 1472 1348 1513 offerret,
1375 1472 1435 1519 qui
1458 1475 1597 1507 nostras

71 1532 116 1568 ad
140 1543 202 1567 vos
227 1531 344 1566 literas
368 1530 596 1576 Argentinam
623 1542 729 1577 usque
754 1531 903 1577 perferre
928 1534 1056 1577 posset,
1085 1543 1197 1579 neque
1221 1532 1469 1572 dubitaremus.
1496 1532 1597 1568 facile

69 1592 166 1629 illinc
197 1591 333 1627 demum
369 1591 472 1626 etiam
508 1593 733 1637 perventuras
764 1591 807 1626 ad
833 1604 893 1627 vos
915 1604 999 1633 esse,
1022 1593 1137 1627 facere
1162 1592 1262 1638 plane
1288 1605 1358 1629 non
1382 1593 1491 1639 potui,
1515 1594 1598 1640 quin

70 1663 133 1687 vos
156 1651 284 1699 pariter
306 1650 386 1687 istic
409 1661 526 1684 omnes
553 1661 612 1695 per
637 1662 727 1685 meas
750 1649 851 1685 hasce
885 1650 1001 1686 literas
1028 1650 1253 1687 tumultuarie
1277 1652 1424 1698 quidem,
1449 1655 1488 1688 ut
1515 1656 1597 1688 tem-

71 1724 134 1759 pus
169 1711 262 1752 tulit,
295 1710 355 1746 sed
388 1709 525 1744 interim
556 1720 600 1744 ex
632 1710 746 1745 animo
771 1709 956 1757 diligenter
978 1713 1084 1758 atque
1109 1711 1258 1747 officiose
1284 1714 1323 1747 ut
1347 1712 1467 1748 fratres
1494 1711 1599 1748 dilec-

72 1773 225 1809 tissimos
260 1771 459 1812 salutarem,
495 1770 663 1817 simulque
699 1772 802 1806 etiam
841 1783 901 1806 vos
927 1772 969 1806 de
993 1772 1100 1807 totius
1128 1772 1251 1808 Danici
1275 1773 1408 1808 itineris
1432 1785 1598 1809 successu

72 1845 112 1869 ac
144 1831 333 1869 rationibus
364 1831 524 1867 omnibus
559 1831 702 1866 facerem
737 1831 909 1871 certiores,
944 1835 982 1867 ut
1015 1833 1142 1879 pariter
1167 1832 1343 1869 nobiscum
1367 1833 1432 1869 iam
1459 1833 1595 1870 demum

71 1893 172 1929 etiam
197 1893 325 1939 gratias
352 1891 501 1927 Domino
527 1890 602 1926 Deo
628 1894 746 1926 nostro
777 1892 888 1938 agatis
925 1904 986 1939 pro
1011 1893 1140 1928 Divina
1164 1893 1271 1940 ipsius
1295 1895 1331 1929 in
1356 1906 1418 1929 nos
1445 1893 1598 1942 benigni-

73 1957 145 1989 tate
177 1956 214 1988 et
237 1951 482 1993 misericordia,
516 1952 575 1999 qui
600 1963 711 1999 neque
736 1953 771 1987 in
795 1954 966 1988 aerumnis
993 1965 1101 2000 neque
1141 1953 1176 1988 in
1200 1954 1445 1990 certaminibus
1470 1955 1598 1991 nostris

72 2013 170 2050 nobis
195 2013 304 2048 defuit
328 2024 488 2059 unquam.
513 2012 574 2047 sed
598 2012 696 2048 nobis
723 2017 882 2059 potenter
920 2014 1031 2049 astitit
1057 2015 1289 2061 virtutemque
1314 2026 1412 2050 suam
1434 2015 1596 2051 Divinam

73 2075 109 2110 in
132 2077 250 2109 nostra
273 2073 444 2108 tenuitate
468 2072 667 2109 illustravit.
717 2073 828 2110 Mitto
851 2078 968 2110 autem
992 2073 1089 2109 vobis
1115 2074 1236 2110 silvam
1262 2074 1394 2110 itineris
1419 2076 1529 2111 nostri
1554 2079 1599 2120 2),

72 2145 182 2181 usque
213 2133 295 2169 dum
327 2145 347 2168 a
381 2133 479 2180 Rege
511 2132 643 2168 Daniae
667 2133 930 2174 dimitteremur,
966 2146 1008 2169 ne
1033 2134 1144 2170 dicam
1169 2134 1447 2181 propelleremur,
1471 2136 1507 2172 in
1531 2147 1600 2183 qua

73 2194 248 2236 videbitis,
285 2193 329 2229 ad
361 2205 462 2240 quem
497 2192 634 2229 modum
667 2193 846 2229 nobiscum
880 2195 1014 2241 egerint
1046 2195 1290 2241 antagonistae
1324 2195 1435 2230 nostri
1459 2195 1494 2230 iu
1519 2196 1599 2231 doe-

73 2255 165 2291 trina
207 2254 250 2290 de
288 2254 530 2293 sacramentis,
569 2259 604 2289 et
645 2253 745 2289 facile
779 2254 992 2301 intelligetis,
1026 2255 1117 2301 quod
1153 2255 1200 2290 sit
1232 2254 1382 2301 ipsorum
1407 2255 1600 2301 ingenium.

73 2326 162 2362 quae
191 2314 374 2361 integritas
405 2317 441 2348 et
479 2312 563 2359 quid
588 2313 630 2348 ab
654 2313 723 2349 illis
749 2315 795 2349 sit
819 2315 882 2361 piis
906 2314 1064 2350 omnibus
1088 2313 1384 2361 exspectandum?
1432 2315 1600 2352 Dominus

72 2375 142 2411 illis
166 2375 336 2421 ignoscat,
361 2376 396 2408 et
422 2374 587 2420 largiatur
613 2385 672 2419 per
696 2385 792 2409 suam
817 2374 973 2421 gratiam,
998 2378 1038 2408 ut
1063 2374 1168 2409 semel
1186 2373 1372 2421 aliquando
1384 2375 1601 2421 resipiscant.

74 2434 262 2481 Reliquum
298 2434 410 2470 nostri
444 2433 574 2469 itineris
610 2433 762 2469 nondum
796 2433 939 2474 absolvi,
978 2445 1088 2480 neque
1112 2433 1291 2469 absolvere
1317 2446 1465 2480 possum,
1491 2436 1601 2472 donec

73 2496 132 2542 qui
155 2493 269 2530 adhuc
293 2493 375 2529 alibi
398 2497 479 2529 sunt
502 2493 647 2540 dispersi
671 2493 714 2528 ad
754 2506 815 2529 nos
841 2495 981 2530 veniant
1004 2495 1044 2537 ⁸).
1070 2494 1242 2529 Martinus
1269 2494 1462 2530 Micronius
1482 2502 1601 2532 noster

73 2568 152 2592 cum
180 2555 268 2590 bona
293 2554 469 2590 Ecclesiae
494 2559 633 2590 nostrae
657 2552 843 2601 dissipatae
870 2558 965 2602 parte
989 2558 1043 2589 est
1067 2553 1284 2595 Wismariae,
1309 2555 1344 2591 in
1369 2554 1508 2591 Ducatu
1525 2557 1602 2592 Me-

73 2616 272 2663 gapolitano
298 2617 349 2661 ⁴):
383 2616 442 2650 alii
466 2619 548 2650 sunt
573 2614 735 2650 Lubecae
761 2615 802 2658 5),
826 2615 885 2651 alii
911 2614 1103 2662 Hamburgi
1129 2616 1171 2659 6),
1207 2614 1270 2650 sed
1307 2615 1400 2651 brevi
1424 2616 1489 2652 huc
1515 2629 1598 2653 ven·

76 2677 145 2711 turi
169 2688 296 2712 omnes.
333 2676 407 2722 Ego
433 2679 548 2711 autem
575 2687 643 2710 non
669 2675 847 2716 constitui,
871 2688 915 2710 an
941 2676 994 2711 hic
1019 2687 1155 2710 manere
1180 2675 1365 2716 velim‚sed
1384 2678 1601 2723 exspectabo,

76 2735 186 2772 donec
218 2737 329 2772 nostri
360 2747 477 2771 omncs
514 2735 732 2777 conveniant,
764 2737 823 2783 qui
858 2736 946 2771 forte
971 2735 1026 2772 hic
1049 2747 1125 2771 meo
1149 2736 1294 2782 amplius
1318 2736 1507 2773 ministerio
1532 2750 1601 2774 nou

76 2795 239 2842 egebunt.
287 2796 493 2844 Adiungent
517 2795 606 2831 enim
631 2807 705 2832 sese
719 2794 799 2832 huic
817 2796 994 2832 Ecclesiae
1007 2797 1052 2840 ⁷).
1072 2807 1161 2842 quae
1179 2809 1259 2833 suos
1278 2796 1407 2842 alioqui
1423 2798 1599 2834 ministros

78 2855 192 2898 habet,
217 2858 265 2892 ita
292 2860 330 2892 ut
357 2869 410 2892 mc
442 2856 584 2891 liberum
611 2857 683 2891 fore
708 2868 852 2902 sperem.
