1830 3147
211 150 256 187 18

209 261 282 296 (las
309 260 534 298 sacrament
562 259 625 294 des
655 256 797 303 Altam,
816 257 869 295 sei
889 258 947 295 εἰη
999 257 1159 305 gratiam
1205 257 1382 308 consequi
1427 258 1561 309 possit.

214 325 441 364 ,S'acrament
467 325 529 361 des
559 322 723 361 W'aremz
745 324 834 361 leibs
853 324 960 361 unnd

216 392 308 428 bluts
357 390 475 427 Jhesu
533 388 682 426 Christi.
743 388 857 426 Unnd
901 389 960 426 die

218 455 425 503 Geystliche
468 454 645 501 m'esszmg]
687 454 752 490 cles
797 442 961 502 selbz'qeiz

210 521 301 557 lez‘bs
328 519 408 555 und
434 519 541 563 bluts,
569 519 684 555 cirtem
704 519 818 567 jeclen
848 517 956 554 Chri-

213 591 291 621 sten
309 583 545 631 stirnemliclz
572 596 644 620 von
663 588 790 625 molen.
836 583 954 619 Dess-

219 650 387 698 (sleiclzen
432 649 500 686 der
539 648 680 685 brauclz
717 650 781 685 (les
819 648 964 685 Sacra-

213 720 329 751 ments
355 713 444 762 (wie
472 714 543 750 das
570 714 682 760 wort)
701 726 773 749 von
797 712 955 749 Golden

212 779 456 826 almeclztz'yen
477 777 637 826 9e9eben
659 778 739 814 und
753 778 956 826 yeordnent

212 845 277 889 sei,
305 844 424 880 damit
449 843 508 879 die
537 842 757 879 sclzwaehen
774 842 955 890 yemis-sen

209 922 255 946 zu
282 909 444 958 ylauben
471 920 517 944 zu
545 907 728 956 beweyen,
747 908 865 943 darell
887 907 959 943 den

212 974 370 1021 heiligen
411 973 515 1020 yeist.
577 971 664 1009 Unel
705 971 847 1008 wz‘ewol
887 971 956 1006 wir

212 1052 283 1076 uns
319 1037 383 1085 (ob
419 1039 489 1074 das
527 1050 610 1074 war
645 1036 714 1073 leil)
751 1036 856 1072 uan
885 1035 958 1072 blut

218 1105 357 1142 Christi
389 1104 537 1142 leiblz‘ck'
570 1104 619 1139 im
650 1103 730 1139 brot
756 1103 836 1138 und
861 1103 956 1139 wez‘n

211 1170 284 1216 sei)
312 1170 413 1207 diser
440 1169 508 1206 zez't
535 1169 634 1205 m'clzt
652 1168 868 1216 vergylez‘clzet
887 1168 954 1204 Ῐια-

214 1234 294 1277 ben,
337 1245 378 1269 so
414 1234 485 1269 soll
519 1232 612 1269 cloch
649 1232 703 1268 ein
741 1232 802 1268 teil
836 1244 953 1280 qeqevz

215 1301 296 1336 dem
341 1299 488 1335 andern
536 1296 753 1334 christliche
790 1297 859 1333 lieb
896 1297 954 1342 (so

213 1365 298 1409 ferr
322 1364 431 1411 jedes
467 1363 645 1412 yewz‘ssen
683 1363 811 1399 immer
838 1362 958 1399 leiden

211 1429 309 1480 leam)
345 1429 524 1477 erzeiyew,
550 1428 630 1464 und
657 1427 758 1464 bez‘de
786 1428 857 1475 teyl
883 1426 956 1464 Got

213 1496 285 1531 den
304 1494 546 1542 almechtiyen
561 1493 703 1542 fleis-§iq
723 1492 845 1536 hitten,
865 1493 954 1529 dass

214 1572 254 1596 er
298 1571 368 1595 uns
413 1558 532 1595 durch
576 1558 702 1594 semen
748 1555 850 1594 Gez'st
884 1557 955 1594 den

212 1624 385 1661 rechtenn
413 1623 590 1661 verstaml
618 1622 825 1670 bestediqen
852 1623 949 1659 wall.

213 1691 342 1728 Amen.

318 2015 567 2052 Martinus
604 2013 806 2053 Luther.

310 2080 480 2117 Iustus
515 2079 680 2116 Ionas.

310 2143 431 2182 Phil.
471 2141 809 2182 Melanhthon.

309 2209 425 2248 And.
465 2207 727 2246 Oseandcr.

308 2274 470 2325 Steph.
507 2273 760 2324 Agricola.

1636 258 1753 298 Quod

1010 322 1150 361 iterum
1197 324 1482 361 Sacramentum
1528 323 1656 361 altaris
1706 325 1756 363 sit

1015 388 1300 426 Sacramentum
1327 388 1406 426 veri
1427 388 1593 439 eorporis
1613 392 1649 426 et
1669 402 1755 427 san-

1011 452 1138 501 guinis
1166 453 1253 490 Iesu
1282 452 1435 491 Christi.
1465 453 1514 490 Et
1542 452 1643 503 quod
1671 466 1756 491 esus

1009 516 1188 567 spiritalis
1231 517 1310 554 eius
1346 516 1463 568 ipsius
1516 517 1683 567 corporis
1722 522 1759 555 et

1008 581 1203 630 sanguinis
1232 582 1279 619 sit
1306 581 1510 632 unicuique
1540 582 1755 620 Christiano

1692 647 1754 685 Ad

1010 711 1102 749 haec
1139 711 1239 762 quod
1267 724 1355 749 usus
1381 712 1492 749 huius
1522 712 1757 750 Sacrainenti

1009 776 1182 826 (perinde
1218 779 1329 826 atque
1356 779 1488 827 ver-(ey
1519 777 1668 824 5³)bun1
1698 777 1754 827 ip-

1009 841 1110 887 sum)
1147 853 1168 877 a
1205 839 1285 878 Deo
1324 839 1479 891 Optimo
1509 839 1677 878 Maximo
1707 841 1756 877 sit

1011 905 1210 943 institutus
1247 909 1360 956 atque
1396 905 1592 942 ordinatus
1627 905 1675 943 ad
1711 917 1756 942 ex

1010 969 1180 1007 citandas
1217 969 1265 1007 ad
1292 968 1405 1006 fidem
1431 968 1602 1006 infirmas
1630 968 1755 1005 homi-

1170 1033 1419 1071 conseientias
1471 1047 1536 1084 per
1581 1032 1751 1084 spiritum

1011 1105 1194 1140 sanetum.
1247 1100 1478 1152 Quanquam
1506 1104 1630 1139 autem
1657 1101 1755 1138 inter

1009 1179 1078 1204 nos
1131 1166 1309 1204 hactenus
1355 1179 1431 1204 non
1476 1167 1586 1218 plane
1630 1167 1756 1217 potnit

1009 1230 1220 1276 convenire,
1252 1244 1343 1268 num
1380 1244 1506 1269 verum
1547 1244 1681 1282 corpus
1719 1236 1756 1270 et

1009 1309 1118 1333 verus
1174 1295 1329 1344 sanguis
1385 1295 1528 1333 Christi
1575 1297 1665 1346 pani
1720 1301 1756 1335 et

1603 1362 1756 1400 debebit

1008 1425 1257 1464 nihilominus
1298 1430 1425 1464 tamen
1471 1430 1630 1477 utraque
1665 1440 1752 1477 pars

1008 1491 1123 1529 altera
1151 1504 1240 1541 erga
1261 1491 1415 1528 alteram
1435 1491 1623 1529 declarare
1643 1491 1753 1529 Chri-

1009 1555 1167 1593 stianam
1214 1555 1446 1599 charitatem,
1490 1560 1674 1606 quatenus
1713 1556 1752 1594 id

1005 1621 1159 1658 omnino
1190 1621 1369 1672 cuiusque
1399 1621 1629 1659 conscientia
1656 1622 1753 1660 ferre

1007 1691 1141 1737 potest.
1174 1684 1226 1724 Et
1248 1690 1407 1738 utraque
1429 1700 1515 1738 pars
1536 1687 1657 1725 Deum
1672 1687 1751 1738 Op-

1006 1751 1140 1789 timum
1171 1750 1379 1790 Maximum
1406 1751 1604 1801 diligenter
1620 1765 1750 1803 preca-

1005 1816 1122 1861 bitur,
1168 1820 1208 1854 ut
1243 1816 1276 1853 is
1321 1815 1432 1854 nobis
1476 1829 1541 1867 per
1578 1816 1750 1868 spiritum

1008 1894 1116 1919 suum
1153 1894 1282 1919 verum
1310 1881 1389 1919 eius
1426 1881 1481 1919 rei
1516 1881 1749 1920 intellectum

1007 1946 1250 1984 constabilire
1269 1946 1456 1996 dignetur.
1478 1947 1611 1985 Amen.
1631 1948 1676 1997 (ιγ
1689 1949 1748 1995 51»)

1140 2013 1273 2051 Ioan.
1310 2012 1557 2051 Brentius.

1132 2078 1263 2115 Ioan.
1303 2076 1719 2128 Oecolampadius.

1130 2141 1407 2180 Huldricus
1444 2142 1713 2192 Zuinglius.

1135 2206 1386 2245 Martinus
1421 2207 1654 2245 Bucerus.

1131 2273 1314 2324 Caspai·
1350 2272 1522 2311 Hedio.

1018 646 1162 684 homini
1188 646 1362 697 inprimis
1390 647 1637 686 necessarius.

1010 1047 1102 1071 num

1011 1362 1098 1398 vino
1155 1361 1398 1412 corporaliter
1446 1361 1549 1406 insit,

259 2405 364 2442 Haec
409 2418 498 2442 sane
533 2408 589 2442 est
626 2403 929 2453 Martburgensis
967 2403 1180 2449 conventio,
1207 2403 1275 2441 sub
1311 2402 1405 2440 illud
1440 2402 1562 2453 ipsum
1597 2405 1746 2453 tempus

208 2470 343 2515 aedita,
370 2470 409 2507 in
436 2483 509 2520 qua
537 2468 687 2507 ostendi
713 2468 868 2519 aliquod
896 2468 1086 2514 vellemus,
1113 2481 1187 2519 quo
1216 2467 1424 2506 doctrinam
1444 2470 1609 2504 nostram
1627 2466 1745 2517 pude-

209 2537 346 2573 factam
375 2548 455 2572 esse
482 2535 643 2572 Catones
670 2533 794 2572 nostri
819 2534 976 2578 iactant,

1004 2533 1111 2584 quasi
1139 2546 1224 2571 vero
1252 2534 1333 2584 ipsa
1354 2532 1616 2570 conventionis
1631 2531 1743 2570 verba

207 2599 337 2648 (nobis
373 2599 484 2636 etiam
519 2599 752 2646 tacentibus)
789 2611 866 2635 non
903 2597 994 2636 satis
1030 2602 1227 2644 testentur,
1253 2610 1330 2642 eos,
1366 2597 1430 2648 qui
1456 2610 1477 2634 a
1504 2600 1633 2635 nostra
1660 2600 1739 2635 tum

208 2665 381 2702 doctrina
417 2664 686 2709 abhorrebant,
722 2667 759 2701 et
792 2666 946 2701 nostrae
974 2663 1168 2701 doetrinae
1195 2675 1366 2701 assensos
1394 2675 1486 2707 esse,
1515 2662 1603 2699 dum
1632 2661 1741 2713 spiri-

207 2731 343 2768 tualem
374 2728 541 2780 corporis
568 2732 604 2766 et
633 2727 830 2778 sanguinis
859 2727 1001 2765 Christi
1028 2741 1145 2775 esum,
1172 2723 1380 2779 quenffnos
1406 2740 1597 2776 urgemus,
1622 2726 1741 2777 inpri-

206 2796 277 2833 mis
307 2794 583 2840 commendant,
609 2797 645 2831 et
672 2794 716 2831 de
744 2807 810 2832 sua
839 2793 1042 2840 dubitasse,
1070 2793 1157 2832 dum
1186 2806 1263 2832 non
1291 2793 1412 2831 solum
1438 2792 1543 2829 illam
1570 2804 1648 2830 non
1675 2805 1741 2842 ap-

207 2861 429 2912 probarunt,
457 2859 521 2897 sed
550 2859 804 2898 Christianam
832 2859 1011 2910 utrinque
1039 2858 1258 2897 charitatem
1286 2858 1385 2896 inter
1413 2871 1491 2896 sese
1518 2857 1630 2909 pacti,
1659 2870 1741 2908 pre-

208 2938 266 2961 ces
312 2925 422 2962 etiam
464 2937 680 2963 communes
715 2936 782 2974 pro
819 2936 907 2962 vero
945 2924 1219 2961 controversiae
1254 2923 1444 2960 intellectu
1482 2922 1740 2960 instituerunt.
