1830 3147
356 115 428 151 348
830 123 1002 151 οΑΤΕοΗ.
1033 123 1142 150 Ech.
1171 122 1289 151 nom).

406 227 579 265 Profecto
617 226 735 264 debiti
779 239 869 264 sane
913 226 1035 264 nostri
1070 230 1126 264 est
1160 227 1303 277 gratias
1348 239 1457 276 agere
1492 226 1657 264 Domino
1695 239 1763 278 pro

352 291 572 342 ingentibus
609 290 712 329 hisce
749 291 872 336 donis
908 304 1004 342 quae
1032 291 1161 342 proavi
1188 291 1310 329 nostri
1337 303 1543 342 numquam
1569 290 1675 329 nullo
1704 290 1765 329 die

353 356 540 395 viderunt.
570 356 677 394 Inter
703 355 898 406 Principes
926 355 1039 401 enim,
1066 368 1160 406 quos
1186 355 1245 393 illi
1271 368 1339 394 suo
1366 361 1536 406 tempore
1561 354 1765 399 habebant,

354 421 506 459 fuerunt
542 420 693 472 quidem
728 419 916 466 nonnulli,
945 419 1010 471 qui
1038 420 1132 457 bene
1158 420 1374 467 audiebant,
1402 419 1505 472 quod
1531 419 1572 457 in
1599 419 1764 471 politicis

354 485 466 523 rebus
503 485 594 523 boni
620 489 746 523 essent
771 484 863 522 iusti
890 497 934 522 ac
962 484 1163 536 sapientes,
1192 485 1256 523 sed
1283 487 1338 534 (A
1365 486 1423 534 va)
1452 484 1497 523 de
1524 485 1674 523 nemine
1701 497 1764 522 eo-

355 563 438 588 rum
463 549 636 600 legimus,
665 549 897 588 salutiferam
925 562 1008 587 eum
1038 549 1108 587 Dei
1137 549 1392 599 cognitionem
1419 549 1597 588 habuisse
1614 548 1765 587 ‘verum-

355 628 428 666 que
455 615 527 653 Dei
554 615 697 652 cultum
724 627 743 651 e
771 615 885 652 verbo
914 627 981 652 suo
1009 614 1255 666 promovisse.
1284 614 1340 652 Eo
1368 614 1483 664 igitur
1510 613 1664 652 maioris
1694 613 1765 652 hoc

356 684 527 718 nostrum
557 678 779 717 beneficium
806 678 1080 717 aestimandum
1107 682 1175 725 est,
1202 679 1305 729 quod
1333 692 1355 717 a
1373 678 1570 730 peregrlno
1592 678 1766 728 Principe

355 745 652 796 impetravimus,
680 743 780 795 quod
808 744 979 793 germani
1006 743 1199 795 Principes
1219 743 1340 782 nostri
1359 743 1470 781 nobis
1485 747 1764 782 recusaverunt.

408 940 555 979 Deinde
588 952 665 977 non
701 938 848 990 opinor,
885 951 1050 989 unquam
1077 937 1238 977 antehac
1264 938 1458 976 nationem
1484 942 1652 977 nostram
1680 939 1767 977 Bel-

356 1006 481 1056 gicam
515 1004 724 1043 Ecclesiam
761 1004 951 1050 habuisse,
986 1003 1025 1041 in
1060 1016 1134 1054 qua
1169 1002 1241 1041 Dei
1276 1004 1430 1042 verbum
1465 1007 1543 1042 tam
1581 1017 1673 1055 pure
1700 1018 1768 1042 an-

358 1071 588 1117 nuntiatum,
624 1071 865 1108 Sacramenta
901 1073 977 1107 tam
1013 1069 1159 1119 integre
1195 1068 1472 1114 administrata,
1505 1074 1541 1107 et
1569 1069 1768 1121 disciplina

360 1136 573 1174 Christiana
609 1139 687 1173 tam
723 1134 854 1173 sedulo
890 1147 934 1171 ac
970 1134 1130 1172 fideliter
1165 1134 1363 1172 observata
1400 1134 1460 1181 sit,
1488 1148 1600 1185 quam
1627 1134 1669 1173 in
1692 1134 1768 1172 Ec-

360 1201 471 1239 clesia
515 1204 656 1245 nostra,
691 1199 732 1236 in
768 1213 842 1250 qua
878 1204 1024 1250 praeter
1059 1199 1370 1237 sustentationem
1407 1212 1623 1249 egenorum,
1674 1212 1768 1251 quae

360 1266 616 1304 Diaconorum
652 1263 861 1302 ministerio
897 1263 1096 1301 commissa
1123 1267 1190 1310 est,
1226 1277 1292 1315 per
1319 1264 1488 1313 singulas
1516 1264 1769 1303 hebdomades

361 1331 583 1370 collationes
622 1342 771 1381 quoque
807 1329 991 1367 habentur
1027 1328 1299 1380 scripturarum
1340 1329 1418 1367 sive
1453 1329 1688 1380 Prophetias,
1724 1329 1769 1368 de

361 1396 498 1448 quibus
531 1395 669 1433 Paulus
704 1394 892 1439 disseruit,
928 1393 994 1431 ubi
1030 1407 1159 1431 omnes
1194 1393 1393 1444 praeterita
1435 1393 1669 1432 hebdomade
1704 1407 1770 1446 per

361 1461 555 1500 ministros
583 1459 706 1497 habiti
732 1472 922 1497 sermones
949 1459 1096 1509 penitus
1123 1458 1375 1497 excutiuntur.
1405 1459 1515 1496 Tunc
1542 1459 1641 1497 enim
1660 1459 1769 1497 Pres-

363 1524 486 1575 byteri
513 1537 588 1561 una
615 1536 698 1561 cum
725 1523 785 1569 iis,
812 1522 879 1574 qui
905 1523 952 1560 ab
981 1522 1149 1560 Ecclesia
1177 1522 1222 1560 ad
1248 1522 1287 1560 id
1316 1522 1423 1560 electi
1451 1527 1552 1568 sunt,
1567 1523 1608 1561 in
1628 1536 1769 1561 sermo-

363 1591 475 1629 nibus
489 1590 573 1628 istis
592 1589 696 1627 iuxta
716 1588 947 1639 Scripturam
966 1588 1157 1639 excipiunt
1177 1588 1255 1625 sive
1273 1588 1321 1626 ad
1339 1588 1427 1626 illos
1446 1589 1657 1631 conferunt,
1675 1601 1770 1639 quae

364 1656 411 1694 ad
439 1655 701 1693 dilucidiorem
730 1653 906 1704 explicati
932 1657 1057 1691 textus
1084 1653 1384 1702 intelligentiam,
1413 1658 1452 1691 ut
1471 1653 1572 1691 etad
1591 1654 1770 1691 maiorem

365 1720 558 1758 Ecclesiae
599 1718 896 1757 aedificationem
932 1718 1055 1755 facere
1092 1730 1203 1768 posse
1232 1717 1442 1764 videantur,
1469 1730 1628 1769 quorum
1658 1718 1771 1755 dubia

364 1787 416 1833 (A
445 1784 506 1832 vb)
543 1783 678 1821 deinde
712 1782 912 1820 refutanda
948 1781 1255 1833 dispellendaque
1291 1786 1378 1819 sunt
1413 1781 1610 1827 ministris,
1648 1782 1714 1833 qui
1753 1795 1773 1820 e

365 1849 446 1887 solo
474 1848 544 1886 Dei
572 1848 687 1885 verbo
716 1846 929 1884 doctrinam
957 1859 1062 1883 suam
1089 1847 1312 1897 approbant.
1351 1846 1458 1884 Haec
1486 1846 1664 1884 nimirum
1692 1847 1772 1885 sola

364 1915 461 1954 ratio
497 1918 553 1952 est
588 1924 807 1963 germanam
842 1911 1113 1962 Apostolorum
1151 1910 1362 1949 doctrinam
1399 1915 1436 1948 et
1463 1911 1654 1949 Ecclesiae
1682 1924 1772 1949 con-

366 1979 562 2018 scientiam
608 1976 869 2022 confirmandi,
913 1989 1026 2027 quam
1067 1975 1100 2012 si
1145 1975 1286 2013 Romae
1327 1975 1496 2013 Ecclesia
1539 1989 1682 2027 semper
1717 1981 1773 2014 te-

366 2046 522 2088 nuisset,
574 2055 779 2093 numquam
835 2040 1042 2090 subegisset
1088 2053 1169 2078 eam
1215 2040 1400 2078 sathanas
1445 2053 1564 2091 neque
1609 2039 1772 2079 vicisset.

366 2111 560 2149 Praeterea
588 2110 627 2146 in
655 2108 786 2145 eodem
814 2106 887 2144 hoc
913 2106 1055 2157 templo
1083 2105 1176 2143 duae
1203 2106 1313 2143 etiam
1341 2119 1405 2156 per
1434 2106 1601 2155 singulas
1629 2106 1773 2144 hebdo-

366 2176 493 2214 mades
532 2175 672 2212 latinae
706 2173 888 2210 lectiones
924 2171 1122 2216 habentur,
1158 2171 1274 2208 altera
1309 2184 1330 2207 a
1367 2170 1559 2221 praedicto
1597 2170 1645 2209 D.
1685 2171 1718 2208 Ι.
1748 2171 1770 2207 a.

368 2241 488 2279 Lasco
515 2239 555 2277 in
583 2251 733 2283 novum,
761 2238 876 2274 altera
908 2250 927 2273 a
958 2235 1137 2273 Gualtero
1167 2235 1334 2273 Deloeno
1362 2237 1401 2272 in
1428 2239 1533 2273 vetus
1554 2236 1774 2273 Testamen-

369 2312 463 2352 tum,
497 2305 586 2343 item
615 2303 893 2353 Scripturarum
921 2301 960 2338 in
988 2300 1071 2338 illas
1099 2312 1247 2351 quoque
1274 2300 1453 2337 lectiones
1482 2299 1631 2337 collatio
1659 2301 1701 2337 fit
1725 2299 1774 2336 ad

370 2383 547 2419 magnam
583 2367 751 2405 omnium
787 2365 996 2410 doctorum,
1025 2364 1159 2415 partim
1187 2364 1299 2401 etiam
1327 2363 1517 2400 Ecclesiae
1545 2363 1774 2400 aedificatio-

371 2449 469 2474 nem.

422 2500 616 2537 Postremo
650 2500 773 2534 autem
817 2495 944 2533 nullus
980 2494 1176 2544 hucusque
1210 2514 1260 2521 —
1294 2492 1422 2543 prouti
1459 2492 1536 2529 scio
1572 2513 1622 2520 -—
1659 2505 1774 2542 purus

374 2563 633 2602 Catechismus
677 2562 717 2598 in
753 2560 908 2609 Belgico
937 2562 1066 2597 nostro
1097 2570 1269 2596 sermone
1295 2557 1511 2600 exsistebat,
1537 2556 1638 2606 quod
1666 2557 1775 2595 valde

374 2629 590 2667 dolendum.
627 2625 778 2663 Etenim
807 2624 886 2662 sine
914 2623 1135 2674 compendio
1165 2622 1241 2660 sive
1269 2635 1412 2659 summa
1439 2633 1546 2658 verae
1573 2618 1661 2659 fidei
1689 2622 1773 2659 nul-

374 2694 433 2730 lus
477 2705 495 2729 e
531 2690 639 2742 plebe
675 2687 877 2726 homuncio
914 2687 954 2724 in
990 2686 1077 2724 fidei
1109 2699 1195 2724 suae
1233 2685 1400 2738 articulis
1439 2684 1531 2720 bene
1568 2684 1774 2723 instructus

375 2756 599 2796 fundatusve
635 2766 714 2791 esse
746 2755 882 2804 potest,
917 2751 1134 2801 praesertim
1163 2750 1228 2787 ubi
1256 2762 1367 2786 sanae
1394 2761 1413 2785 e
1441 2761 1534 2798 puro
1563 2748 1633 2786 Dei
1661 2749 1773 2786 verbo

375 2819 670 2874 praedicationes
697 2817 826 2855 haberi
854 2818 1057 2866 nequeunt.
1077 2816 1130 2862 (A
1148 2815 1220 2861 via)
1248 2813 1360 2850 Unde
1379 2813 1520 2850 factum
1541 2827 1689 2864 quoque
1709 2818 1776 2858 est,

376 2884 477 2939 quod
514 2883 554 2920 in
590 2881 710 2934 patria
746 2884 888 2925 nostra,
914 2892 1003 2931 prae
1031 2878 1161 2916 ceteris
1188 2876 1418 2926 regionibus,
1443 2880 1501 2914 tot
1528 2889 1671 2914 errores
1698 2881 1775 2915 tot-
