1830 3147
851 84 920 122 763
1371 87 1436 134 [A.
1461 87 1507 122 D.
1534 84 1649 132 1559]

128 204 172 229 ne
205 194 295 230 feras
331 193 482 235 omnino,
514 192 576 228 sed
597 204 656 229 eos
682 192 865 230 coherceas
892 194 1012 240 punias
1038 198 1074 228 et
1096 193 1140 229 ad
1166 196 1356 230 extremum
1381 194 1512 241 plectas
1536 195 1652 237 etiarn,

127 255 156 291 si
178 254 280 290 aliter
304 255 429 301 corrigi
451 266 521 290 non
544 257 685 300 queant.

175 314 218 351 In
243 315 456 360 praestandis
481 326 582 361 porro
608 314 797 350 vocationis
821 318 900 350 tuae
925 315 1044 351 officiis
1072 316 1265 352 memineris
1276 328 1418 363 semper,
1431 321 1466 352 te
1479 316 1556 359 Dei,
1581 330 1650 354 non

127 376 301 412 hominum
337 376 526 411 ministram
561 386 644 416 esse,
675 378 715 411 ut
739 375 910 422 intelligas
935 376 971 411 in
995 375 1063 412 illis
1089 376 1151 412 tibi
1177 377 1388 424 sequendam
1413 389 1489 412 esse
1513 378 1652 414 omnino

127 448 196 472 non
223 435 377 483 equidem
403 436 628 471 humanorum
653 447 938 483 quorumcunque
963 436 1182 472 consiliorum
1206 437 1419 483 prudentiam
1435 442 1538 485 atque
1551 442 1652 474 auto·

126 497 276 539 ritatem,
309 497 369 532 sed
410 497 472 532 Dei
505 498 613 543 ipsius
640 498 837 532 mandatum
864 502 899 533 et
924 498 1151 534 voluntatem.
1201 499 1282 534 Non
1308 503 1343 534 te
1366 499 1399 534 in
1425 498 1488 534 hoc
1515 499 1652 536 vocavit

127 557 297 593 Dominus
320 560 363 592 ut
386 568 462 592 eum
489 557 559 592 tuis
583 556 760 598 deliberes,
785 570 866 592 uum
892 563 928 593 et
952 564 1121 605 quatenus
1146 558 1295 594 Domino
1320 559 1396 594 Deo
1422 565 1482 594 tuo
1506 559 1541 595 in
1568 560 1652 607 legis

125 629 208 654 suae
232 616 378 652 Divinae
403 615 559 652 custodia
583 617 707 653 debeas
733 617 882 658 obedire,
908 619 967 653 sed
995 622 1035 654 ut
1059 619 1091 653 ei
1115 619 1150 654 in
1173 619 1295 654 timore
1322 619 1429 654 modis
1455 619 1553 666 plane
1578 632 1650 655 om-

125 679 225 714 nibus
250 679 387 713 servias.
412 677 600 713 Facessant
625 678 686 714 abs
711 684 745 714 te
770 680 875 726 igitur
897 680 955 726 qui
980 680 1014 714 in
1029 679 1293 715 deliberationes
1308 681 1562 728 qualescunque
1577 681 1650 717 sive

129 739 279 786 privatas
303 739 376 774 sive
402 739 556 784 publicas
582 745 616 774 te
642 744 780 782 vocant,
814 739 873 774 ubi
897 741 1036 786 quando
1061 744 1096 775 et
1119 743 1291 786 quatenus
1318 741 1465 776 Domino
1489 741 1565 776 Deo
1589 745 1651 777 tuo

126 798 163 834 in
187 801 248 833 tua
273 799 452 833 vocatione
477 797 604 833 servire
628 797 765 834 debeas.
791 799 917 834 Procul
943 799 1057 834 absint
1082 800 1227 835 consilia
1250 799 1342 847 leges
1367 803 1403 836 et
1417 801 1504 836 ritus
1522 801 1650 848 publici

126 870 256 900 omnes,
283 859 407 905 quibus
432 857 587 904 impediri
612 858 737 894 debeas
762 859 1002 905 quoquomodo
1027 860 1062 895 in
1088 863 1147 895 tua
1173 861 1364 902 vocatione,
1392 862 1477 908 legis
1505 862 1650 898 Divinae

128 919 297 955 custodia.
324 919 365 954 ln
392 918 533 966 politica
559 920 673 965 Regni
692 919 939 966 gubernatione
954 920 1087 965 pondus
1101 932 1197 955 suum
1211 920 1546 958 obtineanteonsilia
1558 922 1650 969 leges

127 985 163 1016 et
188 981 274 1016 ritus
301 980 439 1026 publici,
464 979 524 1015 sed
551 980 641 1026 quod
666 980 709 1014 ad
734 979 852 1015 divina
876 982 1013 1020 attinet,
1038 994 1107 1016 non
1128 987 1208 1017 sunt
1221 994 1324 1029 supra
1341 982 1524 1018 Dominum
1539 994 1651 1029 neque

128 1041 269 1077 consilia
295 1053 406 1088 neque
430 1041 560 1087 patriae
586 1041 679 1087 leges
704 1053 815 1088 neque
841 1042 1098 1078 observationes
1115 1042 1203 1078 ullae
1217 1043 1405 1090 quamlibet
1420 1044 1576 1090 publicae
1590 1048 1650 1080 aut

126 1105 294 1148 receptae.
319 1101 511 1137 Comminui
537 1101 618 1137 haee
642 1104 780 1148 oportet
805 1104 928 1143 omnia,
954 1103 1063 1139 sicubi
1085 1103 1129 1139 ad
1154 1104 1297 1151 lapidem
1323 1108 1475 1140 nostrum
1490 1105 1649 1147 electum,

126 1160 301 1196 Christum
315 1161 452 1206 inquam
470 1161 667 1202 Dominum,
684 1161 876 1208 impingant
888 1163 922 1198 iu
935 1162 1112 1198 doctrinae
1127 1166 1162 1199 et
1179 1164 1296 1199 cultus
1309 1165 1363 1200 sui
1376 1164 1480 1200 divini
1490 1166 1649 1211 puritate.

174 1222 318 1257 Memini
342 1222 419 1258 istie
443 1221 579 1257 solitam
605 1222 720 1257 vocari
747 1234 805 1268 per
829 1223 941 1259 iocum
967 1223 1188 1271 Theologiam
1221 1224 1534 1268 Parliamentarem,
1558 1226 1650 1274 qnod

126 1284 162 1319 in
188 1281 412 1318 instauranda
436 1294 515 1317 vera
541 1282 707 1328 religione
732 1283 890 1329 progredi
914 1284 1006 1319 ultra
1031 1297 1099 1320 non
1122 1284 1271 1327 daretur,
1294 1298 1394 1332 quam
1420 1286 1651 1324 Parliamento

123 1344 245 1380 fuisset
269 1343 512 1379 constitutum.
550 1344 601 1379 At
628 1355 706 1379 vero
732 1344 951 1390 praestiterat
976 1345 1083 1381 fuisse
1109 1345 1379 1382 Parliamentum
1405 1347 1650 1394 Tbeologicum

122 1416 223 1451 quam
251 1404 554 1439 Parliamentarem
578 1403 813 1451 Theologiam,
838 1404 904 1440 hoe
928 1409 992 1447 est,
1019 1408 1058 1440 ut
1082 1406 1354 1442 consultationes
1377 1406 1420 1442 de
1437 1408 1649 1445 restituenda

122 1477 202 1501 vera
237 1465 401 1512 religione
431 1477 549 1500 omnes
586 1465 692 1500 verbo
727 1466 878 1507 Domini,
913 1478 982 1501 non
1023 1471 1136 1502 autem
1177 1479 1378 1514 progressus
1409 1468 1649 1505 instaurandae

127 1538 225 1562 verae
249 1525 422 1572 religionis
449 1525 521 1571 ipsa
545 1525 767 1561 Parliamenti
792 1527 981 1562 autoritate
1007 1528 1188 1573 gubernati
1215 1528 1374 1563 fuissent.
1413 1529 1555 1576 Alioqui
1580 1530 1647 1566 iam

124 1588 262 1623 sensisti
294 1591 333 1621 tu
368 1587 452 1632 ipsa,
488 1590 668 1621 senserunt
704 1590 739 1622 ct
772 1587 823 1622 tui
848 1599 978 1628 omnes,
1001 1587 1083 1634 quid
1108 1599 1222 1624 secum
1248 1589 1407 1624 attulerit
1433 1591 1498 1625 toti
1525 1591 1648 1637 Regno

124 1652 185 1684 tuo
209 1647 490 1683 Parliameutaris
516 1647 575 1682 illa
599 1647 798 1693 Theologia.
825 1647 1088 1694 Praeposterum
1115 1653 1166 1684 est
1190 1650 1343 1696 adeoque
1366 1651 1579 1700 etiniquum,
1604 1664 1647 1687 ne

122 1708 234 1744 dicam
264 1708 419 1754 impium,
459 1708 637 1742 veritatem
671 1707 855 1753 gubernari
888 1709 1078 1744 mendacio.
1126 1709 1201 1744 Nec
1239 1708 1380 1745 dubium
1413 1715 1476 1752 est,
1499 1711 1649 1748 humana

122 1770 247 1811 omnia,
278 1780 422 1816 quorum
456 1769 568 1803 sontes
605 1768 640 1803 in
672 1768 776 1803 verbo
801 1768 867 1804 Dei
891 1771 1150 1805 commonstrari
1176 1783 1245 1806 non
1270 1774 1429 1817 possunt,
1454 1784 1526 1809 esse
1553 1785 1647 1808 men·

120 1829 229 1870 dacia,
264 1829 402 1876 perinde
433 1834 537 1876 atque
571 1829 681 1865 omnis
721 1829 822 1865 homo
846 1830 882 1865 in
907 1831 1019 1877 seipso
1044 1830 1189 1867 mendax
1213 1836 1278 1874 est,
1303 1833 1587 1880 quemadmodum
1611 1835 1646 1871 id

121 1895 157 1928 et
190 1891 362 1938 Propheta
394 1894 429 1926 et
462 1890 654 1938 Apostolus
692 1893 875 1926 testantur.
925 1893 1040 1938 Aegre
1073 1893 1106 1928 id
1138 1893 1276 1940 quidem
1302 1895 1369 1929 fert
1395 1894 1544 1930 humana
1568 1907 1647 1943 pru-

118 1954 247 1995 dentia,
281 1957 319 1988 ut
349 1953 384 1989 in
421 1954 492 1988 suis
523 1952 674 1988 consiliis
711 1953 879 1988 mendacii
912 1959 1105 1996 accusetur,
1132 1966 1242 2002 neque
1267 1956 1345 1992 istic
1371 1956 1556 1992 defuerunt
1581 1958 1647 1994 viri

121 2015 250 2062 alioqui
287 2014 408 2060 optimi
442 2017 478 2048 et
504 2013 721 2059 pientissimi,
747 2013 806 2060 qui
831 2013 942 2049 verbis
969 2014 1059 2050 hisce
1083 2015 1167 2051 meis
1193 2015 1348 2051 nonnihil
1374 2016 1648 2061 offendebantur,

120 2075 212 2123 quod
238 2075 384 2111 humana
408 2073 576 2110 eiusmodi
601 2075 716 2110 omnia
742 2074 807 2110 sub
833 2075 1049 2110 mendacium
1075 2076 1328 2117 concluderem,
1355 2076 1415 2111 sed
1441 2077 1470 2112 si
1495 2089 1596 2124 quem
1609 2078 1645 2114 id

119 2137 282 2179 offendat,
315 2148 391 2172 euin
430 2140 523 2171 certe
549 2147 617 2171 non
644 2140 713 2170 tam
740 2137 835 2178 meis,
859 2148 959 2183 quam
986 2136 1201 2183 Proplietieis
1228 2138 1342 2183 potius
1366 2142 1470 2185 atque
1493 2138 1646 2185 Aposto-

119 2196 193 2232 licis
231 2195 342 2231 verbis
374 2195 500 2231 offendi
537 2195 722 2241 oportebit,
760 2199 798 2230 ut
833 2196 971 2231 interim
1005 2199 1136 2231 taceam
1172 2197 1287 2232 omnia
1318 2197 1469 2232 omnium
1495 2197 1647 2241 consilia,

119 2256 337 2304 quantumvis
371 2255 506 2302 publiea
539 2255 686 2301 denique
717 2267 757 2291 ac
791 2256 956 2301 speciosa,
981 2267 1068 2302 quae
1101 2257 1173 2292 ullo
1198 2268 1338 2303 prorsus
1363 2256 1464 2293 modo
1491 2257 1645 2294 veritatis

122 2315 352 2351 obedientiam
379 2317 592 2350 remorantur
615 2318 717 2360 atque
742 2313 943 2360 impediunt,
970 2318 1040 2357 τῆς
1070 2314 1288 2360 βασκανίας
1315 2317 1478 2352 accusari.
1525 2317 1645 2355 Quare

118 2389 187 2412 non
229 2376 298 2412 alio
330 2375 395 2411 tibi
438 2375 515 2411 loco
549 2375 662 2410 onmia
693 2375 843 2410 omnium
876 2376 950 2411 eius
987 2376 1121 2422 generis
1157 2376 1299 2412 consilia
1333 2376 1487 2413 habenda
1523 2383 1641 2421 crunt,

118 2437 254 2485 Regina
279 2436 562 2472 clementissima!
589 2447 690 2481 quam
716 2435 802 2470 fatui
833 2436 903 2471 Deo
927 2435 1112 2471 adversarii
1138 2436 1227 2478 loco,
1254 2437 1345 2484 quod
1371 2438 1530 2474 Christus
1557 2439 1645 2486 ipse·

119 2502 189 2533 met
213 2498 382 2533 Dominus
410 2496 622 2531 Pliarisaieae
647 2496 898 2531 exeoeeationis
923 2507 1061 2531 cansam
1087 2497 1193 2532 fuisse
1217 2496 1372 2533 affirmat.

167 2558 219 2594 Ut
251 2569 332 2604 ergo
369 2557 489 2602 ingens
514 2568 588 2591 esse
614 2557 832 2602 agnoscimus
858 2555 1059 2592 beneficium
1087 2557 1162 2599 Dei,
1187 2558 1248 2604 qui
1274 2561 1308 2593 te
1333 2558 1377 2593 ad
1405 2558 1554 2606 Regium
1581 2559 1645 2595 hoe

116 2619 291 2666 fastigium
331 2618 532 2654 mirabiliter
568 2618 694 2658 evexit,
744 2618 961 2665 Dominoque
996 2618 1072 2654 Deo
1110 2623 1230 2654 nostro
1265 2619 1475 2656 immortales
1515 2621 1644 2667 gratias

116 2679 249 2726 agimus
286 2678 350 2713 hoc
384 2679 520 2713 nomine
554 2689 672 2712 omnes
705 2682 739 2713 et
774 2678 837 2714 tibi
870 2679 972 2714 etiam
1007 2679 1200 2726 Regnoque
1225 2683 1287 2715 tuo
1312 2681 1378 2716 toti
1403 2685 1439 2716 et
1467 2683 1646 2718 universae

116 2738 200 2774 adeo
233 2738 449 2774 Christianae
483 2737 657 2774 Ecclesiae
683 2739 804 2774 merito
829 2738 1054 2785 gratulamur,
1080 2739 1126 2774 ita
1153 2744 1187 2775 te
1203 2728 1265 2775 'tui
1291 2741 1393 2776 etiam
1419 2741 1453 2776 in
1481 2743 1645 2788 praeemi-

119 2800 214 2834 nenti
237 2798 300 2836 hac
323 2798 503 2835 vocatione
529 2798 629 2834 officii
655 2811 716 2846 pro
740 2807 859 2834 nostra
881 2800 919 2835 in
944 2803 978 2834 te
1004 2800 1070 2835 fide
1094 2803 1199 2847 atque
1213 2799 1433 2837 observantia
1447 2807 1645 2838 reverenter

117 2859 363 2897 admonendam
397 2872 472 2897 esse
506 2860 674 2899 duximus.
723 2861 902 2899 Praeclare
940 2874 1021 2900 sane
1055 2862 1256 2901 Platonicus
1287 2863 1345 2899 ille
1377 2864 1536 2901 Socrates
1574 2864 1643 2901 duo
