1830 3147
138 118 184 154 68

147 226 342 265 Seniorum
384 236 471 263 vero
517 222 838 270 subsidiariorum,
885 226 995 275 atque
1027 216 1115 263 item
1153 224 1404 265 Diaconorum
1444 225 1674 273 electionem,

145 292 334 331 Ecclesiae
368 289 442 341 ipsi
474 292 585 340 atque
618 287 802 339 imprimis
839 288 916 326 eius
945 288 1134 327 Ministris
1161 290 1277 340 Regia
1315 290 1560 328 beneficentia,
1592 302 1671 341 per-

143 357 295 395 missam
322 354 426 392 omni
453 367 495 391 ex
525 356 628 404 parte
655 352 846 393 habemus.

197 422 388 459 Caeterum
427 421 514 456 sunt:
549 431 678 455 rursus
715 421 750 456 et
787 418 856 455 alia
894 418 1074 468 quaedam
1103 419 1174 457 soli
1211 420 1394 458 duntaxat
1429 418 1675 471 Superinten-

143 486 246 524 (lenti
271 483 471 536 peculiaria
501 483 598 520 circa
625 482 703 521 eius
732 483 961 529 electionem,
990 496 1083 534 quae
1110 497 1228 534 neque
1258 484 1355 521 circa
1383 484 1542 522 aliorum
1571 482 1675 520 verbi

143 551 412 596 ministrorum,
458 547 704 599 neque—item
743 548 839 585 circa
878 548 1073 586 Seniorum
1111 549 1421 587 subsidiariorum
1463 553 1527 587 aut
1562 548 1674 586 etiam

142 616 394 654 Diacon01·um
433 613 625 651 observari
661 612 793 651 solent.
848 612 940 650 Cum
978 612 1077 651 enim
1116 613 1434 665 Superintendens
1463 627 1537 651 non
1565 612 1675 650 unius

143 684 291 718 tantum
327 678 484 716 alicuius
520 677 736 730 peregrinae
773 677 973 724 Ecclesiae,
1020 676 1081 715 sed
1121 678 1229 716 simul
1258 679 1425 716 omnium
1455 691 1580 716 curam
1610 677 1676 715 ba-

143 745 237 792 beat,
273 744 386 795 inque
425 743 600 782 omnibus
635 743 772 794 pariter
809 755 874 780 suo
911 742 1124 780 Minister-io
1160 744 1355 793 fungatur,
1392 744 1557 782 omnium
1588 756 1677 781 sane

141 811 251 848 etiam
288 810 570 860 Peregrinarum
608 807 862 846 Ecclesiarum
899 821 1052 846 assensu
1087 821 1180 860 opus
1207 812 1263 847 est
1290 809 1336 847 ad
1372 809 1488 861 ipsius
1523 808 1674 847 electio-

141 888 238 914 nem.
292 873 398 912 Haec
433 878 521 912 sunt
553 873 670 923 igitur
706 873 775 910 soli
811 873 1141 924 Superintendenti
1184 873 1385 925 peculiaria
1423 873 1520 911 circa
1557 872 1673 924 ipsius

142 939 380 978 electionem:
409 940 495 988 (26)
872 927 875 931 ¹

193 1007 228 1044 1.
257 1004 356 1056 quod
385 1017 462 1042 non
487 1006 633 1041 tantum
660 1016 726 1054 per
752 1016 864 1040 unam
892 1002 1068 1054 aliquam,
1097 1002 1159 1041 sed
1187 1016 1251 1055 per
1287 1016 1417 1042 omnes
1454 1002 1563 1040 simul
1599 1002 1670 1040 Pe-

140 1069 308 1119 regrinas
335 1067 522 1106 Ecclesias
548 1067 741 1119 publicum
769 1067 949 1106 ieiunium
976 1067 1223 1119 publicaeque
1258 1081 1385 1121 preces
1421 1082 1485 1120 per
1521 1068 1671 1106 illarum

142 1134 340 1173 Ministros
366 1133 623 1180 instituantur,
652 1136 738 1171 ante
765 1132 842 1171 eius
870 1133 1100 1181 electionem,
1138 1134 1453 1185 quemadmodum
1489 1147 1599 1186 supra
1628 1133 1672 1172 de

136 1198 340 1237 indicendo
365 1198 505 1236 ieiunio
531 1197 703 1237 habetur.

193 1267 228 1302 2.
257 1263 357 1314 quod
394 1275 470 1301 non
505 1262 618 1300 unius
645 1266 792 1301 tantum
821 1263 945 1309 etiam,
975 1262 1038 1301 sed
1082 1264 1249 1302 omnium
1285 1263 1567 1314 Peregrinarum
1595 1263 1670 1300 Ec-

142 1327 336 1366 clesiarum
376 1326 548 1377 suffragia
584 1341 650 1378 per
687 1326 884 1365 Ministros
921 1331 956 1365 et
1002 1328 1173 1367 Seniores
1215 1328 1365 1366 illarum
1409 1327 1596 1379 privatim,
1631 1331 1673 1365 ut

139 1398 248 1432 antea
276 1406 423 1446 quoque
451 1393 593 1431 dictum
621 1397 688 1440 est,
718 1393 958 1443 colliguntur,
988 1398 1171 1445 quatenus
1198 1395 1321 1446 plures
1348 1393 1569 1444 Peregrinae
1596 1393 1671 1431 Ec-

140 1459 272 1497 clesiae
317 1471 400 1496 cum
447 1458 522 1496 suis
560 1457 748 1496 Ministris
785 1471 828 1496 ac
865 1459 1083 1497 Senioribus
1134 1459 1359 1497 constitutae
1400 1458 1586 1496 habentur
1636 1461 1672 1495 et

139 1524 295 1575 quisque
330 1524 369 1561 in
405 1523 480 1561 illis
517 1523 802 1562 Ecclesiasticae
839 1537 917 1562 sese
957 1524 1175 1576 disciplinae
1211 1523 1382 1571 subiecit,
1419 1523 1540 1562 aedita
1569 1522 1670 1574 prius

140 1589 185 1627 de
213 1602 315 1626 more
342 1588 429 1626 fidei
458 1602 545 1626 suae
573 1588 818 1628 confessione.

191 1655 228 1691 3.
255 1652 355 1704 quod
381 1656 466 1704 post:
495 1653 649 1691 collecta
676 1666 740 1704 per
779 1652 975 1691 Ministros
1011 1666 1055 1690 ac
1090 1653 1260 1691 Seniores
1293 1652 1461 1690 omnium
1497 1651 1668 1702 Peregri-

142 1731 275 1757 narum
311 1717 577 1764 Ecclesiarum,
618 1722 656 1756 ut
687 1718 762 1756 iam
792 1718 931 1756 dictum
960 1721 1027 1763 est,
1057 1718 1345 1756 constitutarum
1375 1716 1559 1767 suffragia,
1594 1730 1669 1755 non

139 1782 248 1820 unius
284 1785 430 1820 tantum
464 1781 587 1828 etiam,
624 1782 689 1820 sed
716 1782 884 1820 omnium
911 1782 1049 1833 pariter
1076 1782 1329 1820 Ecclesiarum
1357 1781 1462 1819 verbi
1491 1781 1671 1828 Ministri,

140 1846 312 1884 Seniores
347 1850 383 1883 et
410 1845 568 1883 Diaconi
595 1846 633 1883 in
661 1859 779 1884 unum
808 1846 1035 1884 conveniunt
1063 1859 1265 1897 omnesque
1302 1846 1412 1884 simul
1448 1859 1565 1884 unum
1601 1846 1669 1883 ali·

139 1925 248 1962 quem
275 1924 339 1962 per
367 1925 431 1949 sua
460 1911 631 1961 suffragia
661 1925 706 1949 ex
731 1911 779 1949 iis
807 1912 961 1961 eligunt,
989 1925 1081 1962 quos
1109 1912 1280 1963 plurimis
1307 1912 1560 1950 Ecclesiarum
1590 1912 1668 1949 suf-

139 1977 270 2026 fragiis
306 1976 584 2014 commendatos
621 1976 759 2014 habent
799 1976 1031 2027 maximeque
1059 1977 1104 2014 ad
1132 1976 1170 2014 id
1198 1991 1334 2015 munus
1362 1977 1538 2015 idoneum
1567 1977 1668 2015 vide-

139 2041 227 2079 licet
264 2054 342 2079 esse
385 2047 638 2091 cognoscunt:
682 2041 855 2079 nimirum
894 2055 1002 2093 quem
1040 2041 1256 2091 intelligunt
1290 2041 1427 2093 pietate
1462 2041 1671 2079 eruditione

140 2107 324 2156 gravitate
357 2106 555 2157 prudentia
600 2111 710 2158 atque
752 2107 950 2145 autoritate
995 2108 1081 2156 (27)
1125 2120 1212 2158 prae
1263 2107 1346 2145 aliis
1391 2107 1566 2145 omnibus
1610 2107 1669 2144 in·

141 2171 282 2220 signem
311 2184 402 2209 esse.

193 2236 341 2274 Quodsi
367 2237 464 2274 forte
490 2236 587 2274 inter
614 2248 743 2274 omnes
779 2235 946 2274 omnium
982 2236 1266 2286 Peregrinarum
1304 2235 1554 2274 Ecclesiarum
1593 2235 1667 2273 Mi-

142 2301 291 2348 nistros,
329 2302 501 2340 Scniorcs
529 2315 571 2339 ac
599 2301 787 2340 Diaconos
817 2301 861 2340 de
887 2315 963 2340 uno
1000 2302 1142 2353 aliquo
1162 2301 1497 2354 Sapen-intendente
1532 2301 1667 2339 unani-

142 2367 251 2404 miter
284 2367 454 2416 eligendo
489 2380 642 2418 prorsus
680 2367 879 2405 convenire
907 2380 982 2405 non
1011 2371 1131 2418 queat,
1159 2371 1239 2406 tum
1267 2381 1324 2405 res
1359 2370 1450 2414 tota,
1477 2366 1621 2404 adiecto
1648 2379 1670 2403 a

144 2431 330 2469 Ministris
374 2436 409 2470 et
455 2432 672 2470 Senioribus
716 2432 883 2470 omnium
929 2432 1212 2482 Peregrinarum
1254 2431 1505 2470 Ecclesiarum
1542 2431 1670 2468 libello

142 2496 312 2546 supplici,
347 2497 392 2534 ad
430 2497 584 2546 Regiam
615 2496 851 2535 Maiestatem
878 2496 1052 2544 defertur,
1089 2502 1130 2536 ut
1157 2497 1235 2536 eius
1265 2497 1452 2542 Maiestam,
1481 2509 1594 2534 unum
1623 2508 1667 2533 ex

142 2559 200 2606 iis,
236 2560 300 2611 qui
335 2560 383 2597 ab
418 2561 593 2599 omnibus
629 2561 914 2611 Peregrinarum
941 2561 1193 2600 Ecclesiarum
1224 2561 1423 2606 Ministris,
1452 2559 1670 2598 Senioribus

143 2638 186 2662 ac
223 2624 401 2663 Diaconis
435 2630 705 2676 proponuntur,
738 2627 778 2664 in
816 2625 1191 2677 Superintendentem
1230 2626 1443 2677 constituat,
1479 2626 1544 2677 qui
1569 2625 1671 2662 illius
1705 2652 1712 2658 -

144 2689 334 2728 Maiestati
361 2689 409 2728 ad
436 2690 651 2729 obeundum
679 2691 750 2729 hoc
777 2704 913 2729 munus
942 2691 1102 2730 maxime
1129 2687 1249 2730 fidelis
1277 2694 1387 2741 atque
1413 2690 1571 2729 idoneus
1591 2703 1670 2728 esse

141 2754 297 2794 videtur.

196 2821 320 2870 Atque
355 2819 446 2857 haec
482 2822 570 2857 sunt
605 2819 875 2866 tantummodo,
913 2832 1006 2870 quae
1041 2819 1274 2871 peculiariter
1300 2819 1547 2858 observantur
1577 2818 1673 2857 circa

146 2884 247 2923 verbi
285 2883 544 2922 Ministrorum
583 2889 617 2921 et
654 2883 1001 2936 Superintendentis
1038 2884 1268 2924 electionem.
1322 2884 1367 2921 In
1406 2884 1559 2935 reliquis
1588 2895 1673 2924 vero
