1830 3147
183 149 246 202 [A.
273 149 318 191 D.
343 148 455 200 1550]
924 149 996 189 644

186 261 250 300 N⁰.
277 261 336 300 69.
952 260 1061 309 [1111111.
1074 274 1097 299 1.
1108 274 1133 299 a.
1144 264 1192 297 111).
1205 264 1263 299 653.
1283 264 1380 297 Gon-ha
1390 275 1428 305 111,
1444 265 1512 301 Vm.
1530 266 1599 308 ingl.
1611 275 1637 308 p.
1649 262 1729 310 nh]

740 383 798 421 Ad
824 383 1183 422 HARDENBchmm.

234 505 294 543 Ita
325 504 465 550 accidit,
498 506 541 542 ut
574 505 679 542 simul
705 505 841 543 abitum
866 505 1056 544 adornaret
1080 506 1136 544 hic
1161 506 1228 552 vir,
1253 506 1316 555 qui
1342 506 1404 544 1135
1431 506 1577 556 perfert,
1603 508 1640 544 et
1665 518 1731 555 ego

182 568 226 606 de
258 568 335 605 eius
366 568 466 605 abitu
500 567 746 616 intelligerem,
781 568 905 617 itaque
940 571 1080 618 tempus
1111 581 1183 606 non
1215 569 1393 618 permittit
1426 569 1541 606 multa
1567 569 1731 606 scribere.

185 630 258 666 Res
288 629 368 666 illas
393 632 488 666 recte
513 631 655 666 curatas
681 642 756 667 esse
780 630 923 678 gaudio,
948 630 1245 678 quemadmodum
1271 643 1314 667 ex
1339 630 1493 679 acceptis
1519 630 1594 667 tuis
1620 632 1657 666 et
1680 629 1730 666 al-

185 691 296 728 terius
321 690 435 727 literis
460 691 589 739 accepi,
615 691 756 728 tametsi
782 704 860 728 sero
886 694 923 729 et
949 692 1070 729 fractis
1095 692 1219 741 sigillis
1243 692 1287 729 ad
1311 704 1367 729 me
1390 692 1628 740 pervenerint.
1663 691 1730 728 Sed

185 753 220 790 id
257 753 390 790 factum
424 765 497 790 non
530 755 586 790 est
618 753 721 802 culpa
755 766 889 799 eorum,
922 755 985 803 qui
1011 754 1088 792 illas
1114 754 1401 799 transmiserunt,
1427 754 1486 792 sed
1512 757 1729 799 nostrorum,

185 817 248 864 qui
273 816 328 853 1110
353 820 439 853 511111
465 817 532 852 010.
562 816 603 863 ¹).

234 877 289 915 De
322 889 440 926 panno
475 876 629 924 Anglico
654 876 693 914 in
717 876 867 913 Frisiam
892 889 1003 914 mea-m
1029 876 1205 914 mittendo
1230 877 1352 923 miror,
1377 876 1473 925 quod
1497 876 1542 914 ad
1565 889 1621 913 me
1646 876 1729 913 scri-

185 939 257 984 bas,
282 951 362 976 cum
389 939 476 976 scias
502 938 567 975 hoc
593 951 665 975 non
691 951 768 976 esse
793 951 949 975 mearum
975 939 1147 987 partium:
1175 938 1300 975 deinde
1325 938 1405 983 scis,
1430 939 1495 975 hoc
1512 950 1624 986 genus
1641 950 1729 975 mer-

184 1001 278 1038 cium
312 1013 384 1038 non
416 1000 580 1037 omnibus
614 1003 735 1049 patere
769 1013 882 1049 posse.
933 1000 1088 1037 Proinde
1121 1000 1210 1037 1111111
1244 999 1300 1038 1110
1332 1000 1541 1049 respondere
1572 1012 1729 1048 possum.

184 1063 372 1100 Caeterum
405 1063 435 1099 si
469 1062 536 1099 mei
571 1062 704 1100 Phrisii
729 1066 921 1099 mercatum
947 1075 1011 1110 pro
1036 1074 1154 1111 panno
1179 1062 1333 1110 aliquem
1359 1062 1470 1100 facere
1495 1062 1620 1107 velint,
1646 1063 1730 1099 seri-

184 1125 269 1162 bant
306 1125 349 1162 ad
383 1129 594 1162 mercatores
628 1125 723 1173 ipsos
757 1128 795 1162 et
826 1137 898 1161 non
931 1125 1015 1161 mihi
1050 1125 1278 1162 committant
1312 1127 1392 1171 etc„
1417 1128 1534 1163 tamen
1559 1124 1730 1174 polliceor

185 1200 295 1225 meam
321 1200 474 1236 operam,
500 1189 668 1235 quantam
696 1187 841 1224 omnino
869 1187 1069 1236 impendere
1093 1200 1237 1236 possum
1264 1188 1308 1235 2).

232 1248 408 1286 Audimus
442 1260 506 1285 vos
531 1249 614 1286 15110
639 1248 758 1285 11101111
782 1248 929 1296 aliquid,
955 1249 1034 1296 cogi
1059 1249 1202 1294 milites,
1229 1249 1379 1297 equites,
1404 1247 1539 1297 pedites
1574 1250 1610 1285 et
1641 1247 1729 1296 quid

184 1312 280 1349 non?
306 1323 559 1360 precamurque
584 1310 672 1347 bene
697 1310 798 1347 vobis
825 1311 861 1346 in
888 1310 1053 1354 Domino,
1080 1309 1142 1347 sed
1167 1310 1294 1347 vellem
1320 1312 1363 1346 ut
1376 1309 1583 1357 frequenter
1600 1308 1643 1346 ad
1662 1322 1728 1346 nos

184 1372 364 1417 scriberes,
389 1375 452 1408 aut
477 1371 582 1409 scribi
608 1383 670 1419 per
694 1370 774 1407 illos
800 1374 943 1407 nostros
967 1382 1118 1415 curares,
1144 1373 1188 1406 ut
1212 1369 1443 1418 gratitudinis
1468 1369 1642 1418 specimen
1666 1382 1727 1418 ap-

184 1436 323 1483 pareret
349 1437 416 1471 etc.
465 1433 641 1470 Audimus
673 1435 854 1481 praeterea
888 1432 931 1469 de
958 1432 1085 1470 itinere
1111 1445 1243 1477 eorum,
1271 1432 1334 1480 qui
1359 1435 1446 1468 sunt
1470 1432 1540 1468 iam
1566 1432 1602 1468 in
1628 1432 1727 1470 mari.

185 1497 233 1533 Et
258 1496 446 1533 interesset
470 1507 557 1539 mea,
583 1495 671 1531 scire
696 1494 827 1539 omnia,
851 1499 894 1530 ut
919 1494 1015 1531 nosti
1042 1495 1084 1543 ⁸).
1134 1493 1272 1531 Deinde
1297 1506 1318 1530 a
1439 1493 1488 1530 Et
1513 1493 1581 1530 nisi
1605 1492 1641 1530 id
1666 1493 1729 1531 fiat

183 1557 345 1605 tempori,
371 1560 494 1605 postea
519 1556 588 1593 dici
612 1555 747 1604 poterit
773 1554 862 1591 illud
888 1582 953 1594 ....

231 1619 345 1657 Nobis
378 1620 446 1656 iam
479 1618 581 1656 hodie
606 1618 729 1655 datum
755 1620 810 1654 est
835 1617 948 1666 reipsa
975 1616 1145 1665 templum
1170 1616 1343 1654 hactenus
1368 1616 1593 1665 promissum,
1618 1617 1661 1652 ut
1686 1614 1728 1652 il-

185 1682 246 1719 lud
272 1681 469 1726 habeamus,
494 1680 734 1729 possideamus
761 1682 797 1716 et
822 1679 1058 1727 gubernemus
1075 1680 1119 1725 ⁴).
1159 1678 1283 1726 Igitur
1308 1679 1484 1716 Dominus
1508 1677 1600 1715 adsit
1625 1677 1727 1714 nobis

186 1756 248 1792 per
273 1743 438 1791 spiritum
464 1755 581 1779 suum.
622 1741 734 1778 Aliud
759 1740 931 1790 templum
957 1740 1087 1778 habent
1112 1740 1217 1785 Galli,
1244 1741 1280 1777 in
1307 1740 1427 1777 eodem
1453 1740 1636 1778 nobiscum
1662 1741 1729 1777 mi-

184 1804 332 1841 nisterio
359 1807 399 1852 ⁵).
449 1803 497 1840 Et
528 1803 596 1839 iam
632 1802 763 1840 habent
797 1802 980 1839 ministros
1014 1814 1092 1838 cum
1119 1802 1318 1839 ministerio
1343 1802 1431 1850 ipso.
1480 1802 1558 1838 Nos
1584 1814 1727 1849 egemus

185 1866 348 1902 ministro
383 1868 419 1902 et
451 1865 620 1902 hactenus
653 1863 934 1912 exspectavimus
967 1863 1106 1911 aliquos
1133 1876 1152 1900 e
1176 1863 1320 1907 nostris,
1345 1863 1406 1900 sed
1446 1863 1638 1911 gaudemus
1663 1876 1728 1900 vos

184 1928 256 1964 illic
281 1939 482 1976 permanere
497 1929 544 1976 6).
570 1927 786 1974 Cuperemus
813 1929 930 1963 tamen
956 1925 1109 1973 aliquem
1134 1925 1232 1974 pium
1258 1927 1295 1962 01
1320 1925 1463 1962 doctum
1483 1927 1549 1963 etc.
1653 1938 1725 1962 non

186 1987 278 2036 petit
312 1987 372 2024 ille
405 2000 509 2035 quem
541 1987 649 2031 nosti,
683 1999 799 2034 neque
833 1986 913 2023 vult
949 1986 1104 2023 omnino.
1153 1985 1284 2033 Itaque
1320 1985 1375 2022 sac
1407 1985 1524 2030 sciam,
1560 1985 1647 2033 quid
1680 1986 1729 2022 sit

187 2048 373 2096 agendum,
399 2048 459 2085 sed
486 2060 551 2096 ego
577 2048 732 2096 cogitavi
757 2060 820 2096 pro
845 2048 888 2084 iis
913 2060 1037 2095 rogare
1061 2050 1104 2085 ut
1225 2048 1281 2084 uti
1305 2047 1381 2096 ipse
1407 2060 1470 2084 vos
1593 2049 1636 2095 ⁷).
1678 2047 1727 2084 Et

186 2111 230 2147 ad
261 2110 449 2147 iuvandam
483 2109 679 2147 Ecclesiam
714 2110 979 2153 Germanorum,
1005 2121 1096 2157 quae
1121 2108 1244 2145 multis
1269 2121 1391 2146 revera
1415 2110 1495 2156 eget
1520 2111 1587 2146 etc.
1619 2120 1729 2156 quare

186 2176 230 2209 tu
263 2172 317 2210 fae
348 2175 452 2209 tuum
485 2171 647 2209 officium.
698 2171 798 2216 Vale,
832 2184 912 2208 nam
946 2171 1049 2220 plura
1073 2184 1145 2208 non
1170 2183 1328 2220 possum.
1376 2170 1499 2208 Saluta
1523 2170 1727 2208 salutandos

184 2246 317 2271 omnes,
366 2233 580 2270 Commenda
604 2245 669 2270 nos
695 2232 857 2269 omnibus
882 2235 992 2281 atque
1016 2233 1145 2270 iterum
1171 2231 1261 2270 vale.

234 2295 390 2333 Londini
416 2297 460 2332 12
487 2295 651 2332 Decemb.
677 2295 782 2332 Anno
808 2295 914 2332 1550.

236 2358 396 2396 Phrisios
421 2357 574 2406 collegas
598 2359 742 2396 nostros
767 2369 810 2395 ex
835 2370 890 2395 me
915 2356 1032 2394 saluta
1056 2367 1188 2405 quaeso
1213 2356 1250 2392 et
1273 2354 1459 2392 indicanda
1483 2354 1608 2393 indica.

1302 2417 1451 2454 Manum
1475 2418 1584 2455 nosti.

230 2522 255 2560 ¹)
279 2519 474 2552 Hauddubie
505 2518 584 2550 11300
611 2517 791 2560 respiciunt
820 2520 978 2550 secretam
1011 2517 1105 2549 Lasci
1127 2516 1324 2556 missionem,
1347 2527 1443 2559 quam
1465 2517 1600 2548 Bremae
1623 2515 1726 2550 Hard.

184 2575 359 2608 curandam
388 2573 604 2612 commiserat,
635 2573 690 2605 ubi
721 2575 800 2605 111110
823 2573 938 2605 Comes
962 2584 980 2605 a
1001 2572 1164 2604 Mansfeld
1196 2572 1340 2614 degebat.
1385 2572 1413 2613 ²)
1435 2572 1483 2604 De
1506 2571 1556 2604 his
1579 2571 1672 2613 plura
1695 2582 1725 2606 v.

186 2630 247 2673 Ep.
270 2629 321 2664 77.
362 2630 390 2670 8)
413 2629 464 2663 Cf.
487 2629 605 2662 Suam.
632 2628 654 2661 l.
677 2628 782 2661 XXII.
804 2639 836 2670 p.
859 2628 932 2661 211.
956 2629 992 2660 Is
1014 2629 1073 2668 (sc.
1096 2639 1114 2660 a
1135 2627 1271 2668 Heidec)
1295 2630 1326 2660 et
1347 2628 1495 2660 Albertus
1510 2627 1727 2669 Mamseldius

183 2686 270 2726 apud
302 2686 420 2718 vicinas
449 2685 602 2723 civitates,
639 2695 720 2727 qnae
739 2684 919 2716 maritimae
940 2684 1103 2723 dicuntur,
1126 2684 1233 2725 copias
1253 2683 1460 2721 conscribunt,
1482 2685 1518 2714 ut
1541 2683 1732 2725 Maqdebur-

182 2740 264 2782 yicis
297 2743 400 2772 essent
432 2740 567 2773 aua-ilio.
609 2739 638 2781 ⁴)
673 2740 846 2783 Templum
875 2739 1041 2781 belgarum
1063 2740 1098 2771 in
1120 2739 1356 2772 Austin-friars.
1400 2739 1427 2779 ⁵)
1451 2738 1620 2781 Templum
1644 2739 1728 2778 Gall,

184 2798 261 2829 tunc
283 2796 440 2839 temporis
463 2798 533 2828 erat
555 2796 589 2828 in
612 2796 977 2828 Thread-needlestreet.
1017 2796 1046 2837 6)
1069 2796 1321 2839 Exspectaverat
1342 2794 1382 2826 ob
1405 2783 1506 2826 fu'rias
1528 2795 1728 2827 interimisti-

188 2864 251 2886 035.
295 2853 323 2893 ⁷)
347 2852 465 2884 Hiatus
495 2855 562 2885 tam
585 2853 768 2896 frequentes
792 2852 946 2884 Gerdesio
970 2852 1131 2891 debemus,
1153 2851 1207 2895 qui
1230 2851 1326 2884 nimis
1348 2851 1481 2884 obscure
1505 2852 1624 2895 scripta
1647 2851 1729 2883 deci-

184 2909 269 2941 frate
292 2919 357 2941 non
379 2908 496 2952 potuit.

192 3029 247 3037 „W
316 3031 321 3032 ⁷
347 3027 412 3033 ἠγ,
