1830 3147
1584 117 1657 155 181

110 236 309 274 Seniorum
345 235 536 274 Ecclesiae
573 235 900 287 reprehensionem
939 235 1062 272 fontes
1100 233 1352 272 accusationis
1399 235 1483 270 ante
1519 231 1647 270 omnia

110 304 196 339 sunt
231 301 468 340 observandi.
520 300 626 354 Num
662 300 836 339 videlicet
871 304 1063 352 peccatum
1099 299 1264 337 accusati
1299 298 1428 336 fratris
1463 296 1648 335 eiusmodi

110 367 170 411 sit,
208 370 247 404 ut
283 366 432 404 offensis
468 380 533 418 per
569 366 664 404 illud
701 366 882 404 fratribus
919 366 960 403 in
996 365 1077 416 ipso
1103 364 1284 402 duntaxat
1313 364 1511 402 Seniorum
1540 365 1649 400 coetu

111 431 286 470 satisfieri
312 431 483 482 iustaque
510 431 608 470 inter
635 432 737 483 ipsos
772 429 1029 469 reconciliatio
1063 429 1278 477 fie-(295)ri
1313 428 1446 480 possit,
1479 441 1526 465 an
1561 439 1648 465 vero

109 496 300 548 publicam
327 510 451 534 coram
479 500 558 534 tota
584 497 755 535 Ecclesia
783 495 1053 548 poenitentiam
1080 494 1258 545 requirat.
1297 493 1449 531 Etenim
1477 493 1508 530 si
1535 505 1649 544 prop·

110 565 165 599 ter
203 565 435 612 contemptas
463 561 648 599 duntaxat
676 561 843 612 privatas
871 559 1152 598 admonitiones
1179 558 1219 596 in
1246 558 1393 609 privato
1422 557 1533 595 etiam
1561 569 1648 608 pec-

114 631 196 664 cato
225 628 339 664 frater
367 626 552 677 quispiam
582 630 790 672 accusetur,
827 625 1092 663 Ministrorum
1119 626 1243 675 partes
1273 626 1372 667 sunt,
1406 626 1448 660 ut
1476 623 1651 659 accusato

112 690 221 728 fratri
259 692 406 742 culpam
433 691 491 728 sui
517 691 662 742 peccati
691 691 738 728 ob
767 691 897 728 oculos
924 690 1043 741 ipsius
1084 702 1128 726 cx
1165 687 1280 725 verbo
1318 687 1388 724 Dei
1423 690 1580 737 ponant,
1615 689 1652 723 et

114 754 240 792 omnia
274 758 432 801 tentent,
471 755 503 792 si
539 768 614 806 quo
652 755 765 792 modo
793 755 908 793 frater
935 755 998 791 ille
1026 755 1223 790 accusatus
1247 751 1391 803 peccati
1420 751 1476 788 sui
1505 751 1653 802 culpam

113 820 152 857 in
191 819 314 857 medio
350 820 520 871 ipsorum
559 824 669 858 coetu
705 833 909 870 agnoscere
937 823 973 857 et
1003 832 1086 856 cum
1114 818 1172 863 iis,
1200 814 1294 868 quos
1324 816 1489 861 offendit,
1509 829 1654 866 unaque

113 888 149 922 et
183 897 266 922 cum
305 884 493 922 Ministris
530 898 573 922 ac
610 885 831 923 Senioribus
869 884 1074 929 Ecclesiae,
1110 883 1209 934 apud
1239 895 1332 933 quos
1361 886 1416 919 est
1444 885 1655 926 accusatus,

114 949 253 1000 pariter
290 963 368 988 sese
403 950 646 988 reconciliare
681 950 812 1001 possit.
868 949 914 987 Id
960 961 1072 1000 porro
1112 948 1142 985 si
1179 949 1255 993 fiat,
1293 946 1388 984 actis
1416 946 1495 983 Deo
1523 945 1656 995 gratiis

115 1015 327 1066 iunctisque
365 1015 525 1053 invicem
566 1015 706 1053 dextris
743 1016 786 1052 fit
821 1013 1081 1052 reconciliatio
1119 1013 1217 1051 inter
1254 1015 1472 1050 accusatum
1503 1012 1656 1049 fratrem

117 1083 152 1117 et
180 1080 245 1130 qui
272 1080 310 1118 in
338 1080 404 1117 illo
435 1080 585 1118 fuerant
613 1071 757 1125 offensi,
783 1093 934 1131 unaque
961 1080 1060 1117 inter
1075 1068 1194 1116 ‘illum
1226 1082 1262 1116 ct
1295 1077 1492 1116 Ministros
1521 1090 1564 1114 ac
1592 1078 1659 1114 Sc-

115 1145 240 1183 niores
277 1145 468 1183 Ecclesiae
504 1159 648 1190 omnes,
684 1150 926 1197 posteaquam
965 1148 1163 1183 accusatus
1201 1144 1313 1181 frater
1340 1143 1405 1180 ille
1431 1141 1574 1193 peccati
1602 1141 1660 1179 sui

117 1211 260 1261 culpam
291 1211 458 1260 agnovit.
516 1211 556 1247 Si
584 1224 671 1249 vero
700 1212 817 1249 frater
845 1211 1031 1262 quispiam
1059 1213 1212 1262 propter
1239 1208 1447 1260 publicum,
1474 1208 1661 1258 pluricsve

116 1275 258 1327 alioqui
291 1279 377 1326 post
413 1275 585 1327 publicas
622 1275 899 1314 admonitiones
938 1276 1136 1313 Seniorum
1175 1274 1373 1325 repetitum
1412 1272 1563 1324 aliquod
1591 1272 1662 1309 fla-

117 1340 250 1390 gitium
285 1346 492 1386 accusetur,
528 1345 591 1379 aut
627 1341 727 1392 quod
765 1341 875 1379 etiam
903 1345 1057 1392 propter
1085 1339 1275 1377 Ecclesiae
1302 1338 1419 1376 totius
1447 1341 1511 1375 aut
1540 1337 1663 1374 bonae

116 1407 218 1444 illius
254 1407 371 1457 partis
399 1407 621 1458 periculum,
651 1420 732 1445 cum
762 1408 802 1444 in
831 1407 917 1453 vita,
948 1410 1027 1444 tum
1055 1406 1193 1457 pietate
1222 1406 1394 1450 fratrum,
1426 1402 1560 1441 caelari
1588 1402 1660 1439 mi-

118 1472 218 1509 nime
263 1473 394 1523 possit,
438 1475 520 1510 tum
566 1485 654 1510 sane
699 1476 822 1523 partes
862 1471 1127 1510 Ministrorum
1164 1484 1207 1509 ac
1244 1470 1442 1508 Saniorum
1470 1468 1663 1506 Ecclesiae

119 1540 242 1581 erunt,
279 1542 317 1573 ut
352 1536 458 1573 illum
487 1538 598 1585 (296)
635 1537 682 1574 ad
710 1537 902 1588 publicam
933 1550 1059 1574 coram
1086 1540 1167 1575 tota
1195 1536 1365 1574 Ecclesia
1393 1535 1664 1587 poenitentiam

120 1600 159 1637 in
189 1601 265 1638 suis
293 1600 616 1639 admonitionibus
644 1615 687 1639 ac
713 1601 1068 1652 reprehensionibus
1097 1601 1355 1639 adhortentur.
1410 1603 1582 1650 Aequum
1610 1601 1668 1636 est

122 1665 232 1710 enim,
269 1670 308 1703 ut
343 1667 407 1717 qui
443 1667 595 1718 publice
636 1668 822 1718 pluricsve
847 1667 922 1704 iam
950 1666 1092 1717 alioqui
1119 1680 1184 1718 per
1211 1666 1385 1704 Seniores
1412 1664 1566 1716 publico
1594 1664 1665 1701 mi-

122 1730 266 1768 nisterii
292 1731 457 1782 ipsorum
489 1732 642 1770 nomine
670 1731 898 1776 admonitus,
927 1735 991 1769 aut
1021 1745 1105 1768 cum
1133 1731 1250 1769 totius
1279 1730 1469 1767 Ecclesiae
1497 1729 1665 1766 bonaeve

122 1796 238 1847 partis
275 1796 393 1847 ipsius
430 1797 597 1848 periculo
635 1791 776 1848 peccat,
804 1797 955 1848 publice
983 1797 1095 1835 etiam
1126 1810 1252 1834 coram
1279 1801 1358 1834 tota
1387 1794 1555 1833 Ecclesia
1586 1794 1666 1831 cul·

123 1875 210 1912 pam
257 1862 400 1913 peccati
448 1863 506 1900 sui
553 1866 737 1911 agnoscat
756 1863 954 1913 -illamqne
991 1862 1219 1913 deprecetur.
1276 1860 1426 1899 Quodsi
1471 1863 1668 1897 accusatus

123 1926 237 1963 frater
274 1926 459 1977 quispiam
497 1926 543 1965 de
579 1928 765 1965 eiusmodi
800 1927 956 1976 flagitio,
994 1927 1090 1978 quod
1120 1927 1312 1978 publicam
1341 1926 1506 1977 requirat
1533 1926 1664 1976 poeni-

123 1991 292 2034 tentiam,
330 1992 434 2042 sequi
472 1993 560 2030 velit
590 1992 852 2030 Ministrorum
884 2005 926 2030 ac
956 1993 1154 2029 Seniorum
1184 1991 1493 2036 admonitionem,
1522 1990 1663 2027 consti·

123 2057 242 2095 tuitur
276 2057 333 2094 illi
368 2070 433 2107 per
471 2057 669 2095 Ministros
705 2071 748 2095 ac
786 2058 961 2096 Seniores
999 2061 1119 2095 certus
1159 2057 1250 2103 dies,
1279 2070 1353 2108 quo
1381 2055 1421 2093 id
1448 2056 1570 2093 iacere
1599 2054 1664 2092 de-

125 2122 224 2166 beat,
259 2122 572 2172 quemadmodum
609 2127 738 2174 postea
779 2123 876 2160 circa
913 2124 1069 2161 formam
1108 2122 1281 2174 publicae
1318 2120 1576 2173 poenitentiae
1606 2120 1664 2157 di-

130 2190 242 2224 cetur.

180 2316 241 2355 De
276 2329 545 2367 progressu
582 2316 888 2367 disciplinae
923 2317 1156 2368 publicae
1192 2320 1301 2368 post
1338 2316 1537 2367 primam
1565 2316 1613 2354 in

232 2386 370 2419 coetu
408 2381 759 2419 Ministrorum
796 2395 846 2419 ac
876 2382 1134 2420 Seniorum
1164 2381 1561 2420 admonitionem,

183 2512 222 2549 Si
259 2515 345 2563 post
381 2512 542 2563 primam
579 2512 620 2549 in
653 2516 758 2549 coetu
789 2511 1052 2549 Ministrorum
1079 2524 1124 2548 ac
1153 2510 1352 2548 Seniorum
1381 2510 1572 2549 Ecclesiae
1599 2510 1668 2548 ad-

132 2576 379 2614 monitionem
416 2580 612 2614 accusatus
647 2577 763 2614 frater
797 2576 945 2628 aliquis,
984 2577 1061 2614 sive
1098 2580 1249 2627 propter
1288 2580 1520 2627 contemptas
1557 2577 1670 2624 (297)

130 2641 294 2691 privatas
331 2641 492 2678 aliorum
521 2641 681 2678 fratrum
709 2641 746 2678 in
775 2641 923 2692 privato
951 2645 1105 2693 peccato
1134 2640 1424 2687 admonitiones,
1452 2641 1528 2679 sive
1557 2654 1669 2692 prop-

132 2712 186 2744 ter
221 2706 414 2757 publicum
451 2706 604 2757 aliquod
638 2707 836 2755 flagitium,
873 2711 937 2745 aut
974 2707 1075 2758 quod
1103 2706 1183 2744 sine
1213 2706 1401 2744 Ecclesiae
1427 2707 1544 2744 totius
1573 2707 1670 2757 peri-

135 2771 217 2808 culo
255 2770 421 2821 bonaeve
457 2772 559 2809 illius
594 2772 711 2822 partis
740 2771 875 2809 caelari
903 2772 1189 2823 haudquaquam
1219 2771 1347 2822 possit,
1376 2785 1496 2822 neque
1524 2772 1671 2822 culpam

134 2837 275 2887 peccati
303 2837 360 2875 sui
389 2851 591 2886 agnoscere
618 2837 780 2883 interim,
810 2851 929 2888 neque
956 2837 1061 2874 illam
1089 2837 1145 2874 vel
1174 2836 1213 2873 in
1245 2836 1506 2874 Ministrorum
1534 2849 1577 2873 ac
1606 2836 1673 2873 Se-

135 2902 280 2940 niorum
319 2902 487 2941 omnium
525 2907 644 2947 coetu,
681 2903 738 2941 vel
776 2916 902 2941 coram
940 2907 1019 2940 tota
1056 2901 1225 2940 Ecclesia
1253 2902 1304 2951 (si
1330 2902 1383 2940 ita
1410 2915 1468 2939 res
1496 2901 1676 2952 postulet)
