<?xml version="1.0" encoding="UTF-8"?>
<!DOCTYPE html PUBLIC "-//W3C//DTD XHTML 1.0 Transitional//EN"
    "http://www.w3.org/TR/xhtml1/DTD/xhtml1-transitional.dtd">
<html xmlns="http://www.w3.org/1999/xhtml" xml:lang="en" lang="en">
 <head>
  <title>
</title>
<meta http-equiv="Content-Type" content="text/html;charset=utf-8" />
  <meta name='ocr-system' content='tesseract 3.04.00' />
  <meta name='ocr-capabilities' content='ocr_page ocr_carea ocr_par ocr_line ocrx_word'/>
</head>
<body>
  <div class='ocr_page' id='page_1' title='image "./operatameditaqua02lask_0653.png"; bbox 0 0 1830 3147; ppageno 0'>
   <div class='ocr_carea' id='block_1_1' title="bbox 797 103 1595 154">
    <p class='ocr_par' dir='ltr' id='par_1_1' title="bbox 797 103 1595 154">
     <span class='ocr_line' id='line_1_1' title="bbox 797 103 1595 154; baseline 0.005 -16"><span class='ocrx_word' id='word_1_1' title='bbox 797 103 865 138; x_wconf 82' lang='lat'>633</span> <span class='ocrx_word' id='word_1_2' title='bbox 1317 104 1383 151; x_wconf 91' lang='lat' dir='ltr'>[A.</span> <span class='ocrx_word' id='word_1_3' title='bbox 1411 105 1455 141; x_wconf 86' lang='lat' dir='ltr'>n.</span> <span class='ocrx_word' id='word_1_4' title='bbox 1481 106 1595 154; x_wconf 83' lang='lat'>1549]</span> 
     </span>
    </p>
   </div>
   <div class='ocr_carea' id='block_1_2' title="bbox 68 210 1598 384">
    <p class='ocr_par' dir='ltr' id='par_1_2' title="bbox 68 210 1598 384">
     <span class='ocr_line' id='line_1_2' title="bbox 70 210 1595 263; baseline 0.003 -15"><span class='ocrx_word' id='word_1_5' title='bbox 70 211 185 249; x_wconf 87' lang='lat' dir='ltr'>berte!</span> <span class='ocrx_word' id='word_1_6' title='bbox 211 224 274 260; x_wconf 87' lang='lat' dir='ltr'>ego</span> <span class='ocrx_word' id='word_1_7' title='bbox 299 211 377 248; x_wconf 90' lang='lat' dir='ltr'>hine</span> <span class='ocrx_word' id='word_1_8' title='bbox 401 211 466 247; x_wconf 81' lang='lat' dir='ltr'>iam</span> <span class='ocrx_word' id='word_1_9' title='bbox 493 210 588 253; x_wconf 90' lang='lat' dir='ltr'>cedo,</span> <span class='ocrx_word' id='word_1_10' title='bbox 616 210 677 247; x_wconf 88' lang='lat' dir='ltr'>sed</span> <span class='ocrx_word' id='word_1_11' title='bbox 703 210 856 247; x_wconf 90' lang='lat' dir='ltr'>nondum</span> <span class='ocrx_word' id='word_1_12' title='bbox 881 211 954 248; x_wconf 92' lang='lat' dir='ltr'>seio</span> <span class='ocrx_word' id='word_1_13' title='bbox 978 212 1118 260; x_wconf 82' lang='lat' dir='ltr'>quando</span> <span class='ocrx_word' id='word_1_14' title='bbox 1141 215 1204 250; x_wconf 81' lang='lat' dir='ltr'>aut</span> <span class='ocrx_word' id='word_1_15' title='bbox 1227 227 1308 263; x_wconf 92' lang='lat' dir='ltr'>quo.</span> <span class='ocrx_word' id='word_1_16' title='bbox 1357 216 1438 253; x_wconf 88' lang='lat' dir='ltr'>Hoc</span> <span class='ocrx_word' id='word_1_17' title='bbox 1461 219 1595 254; x_wconf 89' lang='lat' dir='ltr'>tantum</span> 
     </span>
     <span class='ocr_line' id='line_1_3' title="bbox 69 270 1526 322; baseline 0.004 -14"><span class='ocrx_word' id='word_1_18' title='bbox 69 275 218 316; x_wconf 85' lang='lat' dir='ltr'>constat,</span> <span class='ocrx_word' id='word_1_19' title='bbox 253 271 349 308; x_wconf 89' lang='lat' dir='ltr'>brevi</span> <span class='ocrx_word' id='word_1_20' title='bbox 382 270 595 318; x_wconf 85' lang='lat' dir='ltr'>migrandum</span> <span class='ocrx_word' id='word_1_21' title='bbox 631 276 666 307; x_wconf 87' lang='lat' dir='ltr'>et</span> <span class='ocrx_word' id='word_1_22' title='bbox 690 275 773 307; x_wconf 85' lang='lat' dir='ltr'>ante</span> <span class='ocrx_word' id='word_1_23' title='bbox 798 272 953 320; x_wconf 77' lang='lat' dir='ltr'>hyemen,</span> <span class='ocrx_word' id='word_1_24' title='bbox 977 285 1018 309; x_wconf 86' lang='lat' dir='ltr'>ac</span> <span class='ocrx_word' id='word_1_25' title='bbox 1042 274 1132 309; x_wconf 85' lang='lat' dir='ltr'>sorte</span> <span class='ocrx_word' id='word_1_26' title='bbox 1157 276 1299 322; x_wconf 81' lang='lat' dir='ltr'>navigio</span> <span class='ocrx_word' id='word_1_27' title='bbox 1322 276 1526 314; x_wconf 84' lang='lat' dir='ltr'>solvendum</span> 
     </span>
     <span class='ocr_line' id='line_1_4' title="bbox 68 331 1598 384; baseline 0.004 -15"><span class='ocrx_word' id='word_1_28' title='bbox 68 333 230 381; x_wconf 83' lang='lat' dir='ltr'><strong>Collegae</strong></span> <span class='ocrx_word' id='word_1_29' title='bbox 255 333 322 369; x_wconf 88' lang='lat' dir='ltr'>mei</span> <span class='ocrx_word' id='word_1_30' title='bbox 345 345 366 368; x_wconf 84' lang='lat' dir='ltr'>a</span> <span class='ocrx_word' id='word_1_31' title='bbox 391 332 544 379; x_wconf 80' lang='lat' dir='ltr'>principe</span> <span class='ocrx_word' id='word_1_32' title='bbox 569 331 730 369; x_wconf 86' lang='lat' dir='ltr'>destituti</span> <span class='ocrx_word' id='word_1_33' title='bbox 754 337 848 369; x_wconf 87' lang='lat' dir='ltr'>sunt.</span> <span class='ocrx_word' id='word_1_34' title='bbox 881 334 1021 370; x_wconf 89' lang='lat' dir='ltr'>Docent</span> <span class='ocrx_word' id='word_1_35' title='bbox 1042 334 1228 372; x_wconf 84' lang='lat' dir='ltr'>interimet</span> <span class='ocrx_word' id='word_1_36' title='bbox 1248 336 1426 384; x_wconf 83' lang='lat' dir='ltr'>baptizant</span> <span class='ocrx_word' id='word_1_37' title='bbox 1443 338 1598 375; x_wconf 83' lang='lat' dir='ltr'>Ecclesia.</span> 
     </span>
    </p>
   </div>
   <div class='ocr_carea' id='block_1_3' title="bbox 67 393 1598 502">
    <p class='ocr_par' dir='ltr' id='par_1_3' title="bbox 67 393 1598 502">
     <span class='ocr_line' id='line_1_5' title="bbox 67 393 1598 444; baseline 0.004 -15"><span class='ocrx_word' id='word_1_38' title='bbox 67 398 239 442; x_wconf 85' lang='lat' dir='ltr'>poscente.</span> <span class='ocrx_word' id='word_1_39' title='bbox 275 393 378 441; x_wconf 90' lang='lat' dir='ltr'>idque</span> <span class='ocrx_word' id='word_1_40' title='bbox 410 393 544 441; x_wconf 88' lang='lat' dir='ltr'>publice</span> <span class='ocrx_word' id='word_1_41' title='bbox 578 394 613 430; x_wconf 90' lang='lat' dir='ltr'>in</span> <span class='ocrx_word' id='word_1_42' title='bbox 645 394 862 438; x_wconf 85' lang='lat' dir='ltr'>coemeterio,</span> <span class='ocrx_word' id='word_1_43' title='bbox 893 393 976 431; x_wconf 88' lang='lat' dir='ltr'>dum</span> <span class='ocrx_word' id='word_1_44' title='bbox 1009 395 1045 432; x_wconf 89' lang='lat' dir='ltr'>in</span> <span class='ocrx_word' id='word_1_45' title='bbox 1078 396 1207 444; x_wconf 88' lang='lat' dir='ltr'>templo</span> <span class='ocrx_word' id='word_1_46' title='bbox 1245 410 1315 434; x_wconf 90' lang='lat' dir='ltr'>non</span> <span class='ocrx_word' id='word_1_47' title='bbox 1348 397 1430 435; x_wconf 87' lang='lat' dir='ltr'>licet</span> <span class='ocrx_word' id='word_1_48' title='bbox 1457 424 1528 437; x_wconf 86' lang='lat'>....</span> <span class='ocrx_word' id='word_1_49' title='bbox 1555 402 1598 444; x_wconf 80' lang='lat'>¹).</span> 
     </span>
     <span class='ocr_line' id='line_1_6' title="bbox 68 455 541 502; baseline -0.002 -10"><span class='ocrx_word' id='word_1_50' title='bbox 68 456 220 492; x_wconf 87' lang='lat' dir='ltr'>Embdae</span> <span class='ocrx_word' id='word_1_51' title='bbox 245 456 291 491; x_wconf 80' lang='lat'>26</span> <span class='ocrx_word' id='word_1_52' title='bbox 315 455 412 502; x_wconf 85' lang='lat' dir='ltr'>Sept,</span> <span class='ocrx_word' id='word_1_53' title='bbox 436 456 541 492; x_wconf 67' lang='grc'>1519.</span> 
     </span>
    </p>
   </div>
   <div class='ocr_carea' id='block_1_4' title="bbox 111 564 810 607">
    <p class='ocr_par' dir='ltr' id='par_1_4' title="bbox 111 564 810 607">
     <span class='ocr_line' id='line_1_7' title="bbox 111 564 810 607; baseline 0 -11"><span class='ocrx_word' id='word_1_54' title='bbox 111 566 136 605; x_wconf 89' lang='lat'>¹)</span> <span class='ocrx_word' id='word_1_55' title='bbox 159 564 297 597; x_wconf 85' lang='lat' dir='ltr'>Nonnisi</span> <span class='ocrx_word' id='word_1_56' title='bbox 320 564 398 596; x_wconf 84' lang='lat' dir='ltr'>haec</span> <span class='ocrx_word' id='word_1_57' title='bbox 422 564 602 606; x_wconf 84' lang='lat' dir='ltr'>fragmenta</span> <span class='ocrx_word' id='word_1_58' title='bbox 625 566 810 607; x_wconf 82' lang='lat' dir='ltr'>supersunt.</span> 
     </span>
    </p>
   </div>
   <div class='ocr_carea' id='block_1_5' title="bbox 68 773 1596 935">
    <p class='ocr_par' dir='ltr' id='par_1_5' title="bbox 68 773 1596 935">
     <span class='ocr_line' id='line_1_8' title="bbox 68 773 1596 825; baseline 0.002 -15"><span class='ocrx_word' id='word_1_59' title='bbox 68 773 101 810; x_wconf 89' lang='grc' dir='ltr'>Ν</span> <span class='ocrx_word' id='word_1_60' title='bbox 106 774 131 810; x_wconf 84' lang='lat'>⁰.</span> <span class='ocrx_word' id='word_1_61' title='bbox 156 773 211 809; x_wconf 86' lang='grc'>61.</span> <span class='ocrx_word' id='word_1_62' title='bbox 818 777 850 810; x_wconf 89' lang='grc' dir='ltr'><strong>Α</strong></span> <span class='ocrx_word' id='word_1_63' title='bbox 1168 777 1215 822; x_wconf 80' lang='lat' dir='ltr'>[Ex</span> <span class='ocrx_word' id='word_1_64' title='bbox 1232 780 1301 815; x_wconf 74' lang='lat' dir='ltr'>Arcti,</span> <span class='ocrx_word' id='word_1_65' title='bbox 1319 781 1384 814; x_wconf 73' lang='lat' dir='ltr'>secr.</span> <span class='ocrx_word' id='word_1_66' title='bbox 1401 781 1458 822; x_wconf 75' lang='lat' dir='ltr'>neg.</span> <span class='ocrx_word' id='word_1_67' title='bbox 1472 779 1596 825; x_wconf 61' lang='lat' dir='ltr'>Region]</span> 
     </span>
     <span class='ocr_line' id='line_1_9' title="bbox 611 896 1057 935; baseline 0.007 -3"><span class='ocrx_word' id='word_1_68' title='bbox 611 896 668 932; x_wconf 83' lang='lat' dir='ltr'>Ad</span> <span class='ocrx_word' id='word_1_69' title='bbox 693 897 830 934; x_wconf 75' lang='lat' dir='ltr'>DUCEM</span> <span class='ocrx_word' id='word_1_70' title='bbox 855 899 1057 935; x_wconf 67' lang='lat' dir='ltr'>Pnussmn.</span> 
     </span>
    </p>
   </div>
   <div class='ocr_carea' id='block_1_6' title="bbox 68 1017 1605 2591">
    <p class='ocr_par' dir='ltr' id='par_1_6' title="bbox 68 1017 1605 2591">
     <span class='ocr_line' id='line_1_10' title="bbox 116 1017 1600 1069; baseline 0.004 -15"><span class='ocrx_word' id='word_1_71' title='bbox 116 1018 204 1054; x_wconf 87' lang='lat' dir='ltr'>Post</span> <span class='ocrx_word' id='word_1_72' title='bbox 237 1018 382 1064; x_wconf 86' lang='lat' dir='ltr'>scriptas</span> <span class='ocrx_word' id='word_1_73' title='bbox 415 1018 543 1064; x_wconf 82' lang='lat' dir='ltr'><strong>priores</strong></span> <span class='ocrx_word' id='word_1_74' title='bbox 577 1017 712 1053; x_wconf 80' lang='lat' dir='ltr'>litteras</span> <span class='ocrx_word' id='word_1_75' title='bbox 745 1030 837 1054; x_wconf 78' lang='lat' dir='ltr'>meas</span> <span class='ocrx_word' id='word_1_76' title='bbox 875 1019 1097 1057; x_wconf 73' lang='lat' dir='ltr'>adserebatur</span> <span class='ocrx_word' id='word_1_77' title='bbox 1131 1021 1213 1057; x_wconf 89' lang='lat' dir='ltr'>mihi</span> <span class='ocrx_word' id='word_1_78' title='bbox 1245 1034 1447 1069; x_wconf 86' lang='lat' dir='ltr'>responsum</span> <span class='ocrx_word' id='word_1_79' title='bbox 1481 1036 1501 1059; x_wconf 88' lang='lat' dir='ltr'>a</span> <span class='ocrx_word' id='word_1_80' title='bbox 1525 1036 1600 1061; x_wconf 85' lang='lat' dir='ltr'>mea</span> 
     </span>
     <span class='ocr_line' id='line_1_11' title="bbox 70 1078 1604 1129; baseline 0.003 -15"><span class='ocrx_word' id='word_1_81' title='bbox 70 1079 243 1125; x_wconf 85' lang='lat' dir='ltr'>Principe,</span> <span class='ocrx_word' id='word_1_82' title='bbox 282 1090 323 1114; x_wconf 86' lang='lat' dir='ltr'>ac</span> <span class='ocrx_word' id='word_1_83' title='bbox 348 1078 391 1113; x_wconf 89' lang='lat' dir='ltr'>de</span> <span class='ocrx_word' id='word_1_84' title='bbox 417 1078 582 1124; x_wconf 85' lang='lat' dir='ltr'>religione</span> <span class='ocrx_word' id='word_1_85' title='bbox 607 1078 744 1125; x_wconf 83' lang='lat' dir='ltr'>quidem</span> <span class='ocrx_word' id='word_1_86' title='bbox 770 1079 853 1114; x_wconf 89' lang='lat' dir='ltr'>nihil</span> <span class='ocrx_word' id='word_1_87' title='bbox 879 1080 1070 1123; x_wconf 80' lang='lat' dir='ltr'>dicebatur,</span> <span class='ocrx_word' id='word_1_88' title='bbox 1093 1081 1152 1116; x_wconf 89' lang='lat' dir='ltr'>sed</span> <span class='ocrx_word' id='word_1_89' title='bbox 1180 1085 1313 1117; x_wconf 80' lang='lat' dir='ltr'>tantuin</span> <span class='ocrx_word' id='word_1_90' title='bbox 1342 1082 1604 1129; x_wconf 83' lang='lat' dir='ltr'>proferebantur</span> 
     </span>
     <span class='ocr_line' id='line_1_12' title="bbox 71 1139 1602 1189; baseline 0.004 -16"><span class='ocrx_word' id='word_1_91' title='bbox 71 1140 183 1174; x_wconf 85' lang='lat' dir='ltr'>minae</span> <span class='ocrx_word' id='word_1_92' title='bbox 209 1139 378 1179; x_wconf 80' lang='lat' dir='ltr'>Caesaris,</span> <span class='ocrx_word' id='word_1_93' title='bbox 406 1139 436 1173; x_wconf 90' lang='lat' dir='ltr'>si</span> <span class='ocrx_word' id='word_1_94' title='bbox 462 1151 514 1174; x_wconf 91' lang='lat' dir='ltr'>me</span> <span class='ocrx_word' id='word_1_95' title='bbox 541 1139 706 1185; x_wconf 87' lang='lat' dir='ltr'>Princeps</span> <span class='ocrx_word' id='word_1_96' title='bbox 732 1140 766 1174; x_wconf 91' lang='lat' dir='ltr'>in</span> <span class='ocrx_word' id='word_1_97' title='bbox 792 1153 855 1175; x_wconf 79' lang='lat' dir='ltr'>sua</span> <span class='ocrx_word' id='word_1_98' title='bbox 879 1140 1010 1176; x_wconf 78' lang='lat' dir='ltr'>ditione</span> <span class='ocrx_word' id='word_1_99' title='bbox 1033 1141 1192 1189; x_wconf 86' lang='lat' dir='ltr'>deinceps</span> <span class='ocrx_word' id='word_1_100' title='bbox 1219 1143 1382 1178; x_wconf 86' lang='lat' dir='ltr'>retineret</span> <span class='ocrx_word' id='word_1_101' title='bbox 1409 1145 1447 1187; x_wconf 86' lang='lat'>¹).</span> <span class='ocrx_word' id='word_1_102' title='bbox 1482 1144 1602 1182; x_wconf 80' lang='lat' dir='ltr'>Quare</span> 
     </span>
     <span class='ocr_line' id='line_1_13' title="bbox 70 1199 1600 1249; baseline 0.005 -15"><span class='ocrx_word' id='word_1_103' title='bbox 70 1199 266 1245; x_wconf 87' lang='lat' dir='ltr'>Principem</span> <span class='ocrx_word' id='word_1_104' title='bbox 304 1203 434 1245; x_wconf 82' lang='lat' dir='ltr'>petere,</span> <span class='ocrx_word' id='word_1_105' title='bbox 461 1203 500 1234; x_wconf 91' lang='lat' dir='ltr'>ut</span> <span class='ocrx_word' id='word_1_106' title='bbox 524 1211 587 1234; x_wconf 87' lang='lat' dir='ltr'>sua</span> <span class='ocrx_word' id='word_1_107' title='bbox 611 1199 742 1235; x_wconf 78' lang='lat' dir='ltr'>ditione</span> <span class='ocrx_word' id='word_1_108' title='bbox 766 1201 978 1242; x_wconf 77' lang='lat' dir='ltr'>excederem,</span> <span class='ocrx_word' id='word_1_109' title='bbox 1003 1214 1046 1237; x_wconf 87' lang='lat' dir='ltr'>ne</span> <span class='ocrx_word' id='word_1_110' title='bbox 1072 1202 1168 1238; x_wconf 87' lang='lat' dir='ltr'>illam</span> <span class='ocrx_word' id='word_1_111' title='bbox 1194 1203 1349 1249; x_wconf 88' lang='lat' dir='ltr'>periculo</span> <span class='ocrx_word' id='word_1_112' title='bbox 1374 1216 1443 1239; x_wconf 87' lang='lat' dir='ltr'>uua</span> <span class='ocrx_word' id='word_1_113' title='bbox 1467 1217 1600 1242; x_wconf 90' lang='lat' dir='ltr'>mecum</span> 
     </span>
     <span class='ocr_line' id='line_1_14' title="bbox 68 1260 1600 1311; baseline 0.004 -14"><span class='ocrx_word' id='word_1_114' title='bbox 68 1260 296 1302; x_wconf 83' lang='lat' dir='ltr'>involverem,</span> <span class='ocrx_word' id='word_1_115' title='bbox 323 1260 492 1296; x_wconf 78' lang='lat' dir='ltr'>advorsus</span> <span class='ocrx_word' id='word_1_116' title='bbox 516 1260 607 1307; x_wconf 89' lang='lat' dir='ltr'>quod</span> <span class='ocrx_word' id='word_1_117' title='bbox 636 1261 695 1296; x_wconf 81' lang='lat' dir='ltr'>illa</span> <span class='ocrx_word' id='word_1_118' title='bbox 720 1273 773 1297; x_wconf 89' lang='lat' dir='ltr'>me</span> <span class='ocrx_word' id='word_1_119' title='bbox 798 1261 982 1298; x_wconf 83' lang='lat' dir='ltr'>defendere</span> <span class='ocrx_word' id='word_1_120' title='bbox 1008 1276 1078 1300; x_wconf 88' lang='lat' dir='ltr'>non</span> <span class='ocrx_word' id='word_1_121' title='bbox 1104 1269 1231 1311; x_wconf 86' lang='lat' dir='ltr'>posset.</span> <span class='ocrx_word' id='word_1_122' title='bbox 1259 1265 1428 1307; x_wconf 79' lang='lat' dir='ltr'>Breviter,</span> <span class='ocrx_word' id='word_1_123' title='bbox 1445 1267 1600 1303; x_wconf 80' lang='lat' dir='ltr'>videbam</span> 
     </span>
     <span class='ocr_line' id='line_1_15' title="bbox 72 1321 1600 1372; baseline 0.005 -14"><span class='ocrx_word' id='word_1_124' title='bbox 72 1322 152 1358; x_wconf 88' lang='lat' dir='ltr'>mihi</span> <span class='ocrx_word' id='word_1_125' title='bbox 177 1321 270 1368; x_wconf 81' lang='lat' dir='ltr'>apud</span> <span class='ocrx_word' id='word_1_126' title='bbox 295 1321 424 1357; x_wconf 83' lang='lat' dir='ltr'>Frisios</span> <span class='ocrx_word' id='word_1_127' title='bbox 450 1333 519 1356; x_wconf 89' lang='lat' dir='ltr'>non</span> <span class='ocrx_word' id='word_1_128' title='bbox 543 1321 690 1368; x_wconf 89' lang='lat' dir='ltr'>amplius</span> <span class='ocrx_word' id='word_1_129' title='bbox 717 1321 828 1358; x_wconf 91' lang='lat' dir='ltr'>locum</span> <span class='ocrx_word' id='word_1_130' title='bbox 856 1324 927 1359; x_wconf 88' lang='lat' dir='ltr'>sore</span> <span class='ocrx_word' id='word_1_131' title='bbox 952 1336 1071 1372; x_wconf 88' lang='lat' dir='ltr'>meque</span> <span class='ocrx_word' id='word_1_132' title='bbox 1094 1324 1137 1360; x_wconf 91' lang='lat' dir='ltr'>de</span> <span class='ocrx_word' id='word_1_133' title='bbox 1157 1326 1334 1372; x_wconf 82' lang='lat' dir='ltr'>migrando</span> <span class='ocrx_word' id='word_1_134' title='bbox 1349 1339 1415 1362; x_wconf 88' lang='lat' dir='ltr'>una</span> <span class='ocrx_word' id='word_1_135' title='bbox 1434 1331 1600 1364; x_wconf 82' lang='lat' dir='ltr'>cumtota</span> 
     </span>
     <span class='ocr_line' id='line_1_16' title="bbox 68 1381 1602 1433; baseline 0.004 -14"><span class='ocrx_word' id='word_1_136' title='bbox 68 1382 198 1419; x_wconf 79' lang='lat' dir='ltr'>familia</span> <span class='ocrx_word' id='word_1_137' title='bbox 234 1383 336 1418; x_wconf 82' lang='lat' dir='ltr'>etiam</span> <span class='ocrx_word' id='word_1_138' title='bbox 371 1387 451 1417; x_wconf 83' lang='lat' dir='ltr'>ante</span> <span class='ocrx_word' id='word_1_139' title='bbox 486 1381 638 1429; x_wconf 82' lang='lat' dir='ltr'>hyemem</span> <span class='ocrx_word' id='word_1_140' title='bbox 674 1385 867 1429; x_wconf 85' lang='lat' dir='ltr'>oportuisse</span> <span class='ocrx_word' id='word_1_141' title='bbox 900 1385 1069 1432; x_wconf 83' lang='lat' dir='ltr'>cogitare.</span> <span class='ocrx_word' id='word_1_142' title='bbox 1116 1385 1239 1433; x_wconf 78' lang='lat' dir='ltr'>ltaque</span> <span class='ocrx_word' id='word_1_143' title='bbox 1265 1387 1413 1424; x_wconf 88' lang='lat' dir='ltr'>seribere</span> <span class='ocrx_word' id='word_1_144' title='bbox 1437 1388 1482 1424; x_wconf 87' lang='lat' dir='ltr'>ad</span> <span class='ocrx_word' id='word_1_145' title='bbox 1507 1393 1602 1426; x_wconf 87' lang='lat' dir='ltr'>tuam</span> 
     </span>
     <span class='ocr_line' id='line_1_17' title="bbox 70 1442 1602 1492; baseline 0.004 -12"><span class='ocrx_word' id='word_1_146' title='bbox 70 1443 319 1481; x_wconf 89' lang='lat' dir='ltr'>Celsitudinem</span> <span class='ocrx_word' id='word_1_147' title='bbox 356 1456 426 1480; x_wconf 90' lang='lat' dir='ltr'>non</span> <span class='ocrx_word' id='word_1_148' title='bbox 461 1444 553 1490; x_wconf 90' lang='lat' dir='ltr'>prius</span> <span class='ocrx_word' id='word_1_149' title='bbox 587 1442 679 1480; x_wconf 86' lang='lat' dir='ltr'>volui</span> <span class='ocrx_word' id='word_1_150' title='bbox 713 1457 816 1492; x_wconf 86' lang='lat' dir='ltr'>quam</span> <span class='ocrx_word' id='word_1_151' title='bbox 849 1446 952 1482; x_wconf 88' lang='lat' dir='ltr'>finem</span> <span class='ocrx_word' id='word_1_152' title='bbox 987 1459 1096 1482; x_wconf 86' lang='lat' dir='ltr'>rerum</span> <span class='ocrx_word' id='word_1_153' title='bbox 1131 1460 1282 1483; x_wconf 81' lang='lat' dir='ltr'>mearum</span> <span class='ocrx_word' id='word_1_154' title='bbox 1309 1448 1479 1485; x_wconf 84' lang='lat' dir='ltr'>haberem.</span> <span class='ocrx_word' id='word_1_155' title='bbox 1528 1450 1602 1486; x_wconf 89' lang='lat' dir='ltr'>Iam</span> 
     </span>
     <span class='ocr_line' id='line_1_18' title="bbox 73 1503 1603 1557; baseline 0.005 -17"><span class='ocrx_word' id='word_1_156' title='bbox 73 1517 155 1541; x_wconf 86' lang='lat' dir='ltr'>vero</span> <span class='ocrx_word' id='word_1_157' title='bbox 190 1504 256 1541; x_wconf 90' lang='lat' dir='ltr'>hue</span> <span class='ocrx_word' id='word_1_158' title='bbox 290 1515 343 1539; x_wconf 88' lang='lat' dir='ltr'>me</span> <span class='ocrx_word' id='word_1_159' title='bbox 377 1503 515 1539; x_wconf 85' lang='lat' dir='ltr'>tandem</span> <span class='ocrx_word' id='word_1_160' title='bbox 542 1504 688 1546; x_wconf 88' lang='lat' dir='ltr'>contuli,</span> <span class='ocrx_word' id='word_1_161' title='bbox 716 1516 794 1540; x_wconf 86' lang='grc'>011111</span> <span class='ocrx_word' id='word_1_162' title='bbox 821 1510 961 1553; x_wconf 83' lang='lat' dir='ltr'>propter</span> <span class='ocrx_word' id='word_1_163' title='bbox 988 1506 1119 1554; x_wconf 75' lang='lat' dir='ltr'>hyemis</span> <span class='ocrx_word' id='word_1_164' title='bbox 1144 1508 1362 1544; x_wconf 85' lang='lat' dir='ltr'>incommoda</span> <span class='ocrx_word' id='word_1_165' title='bbox 1385 1522 1425 1544; x_wconf 89' lang='lat' dir='ltr'>eo</span> <span class='ocrx_word' id='word_1_166' title='bbox 1450 1522 1520 1557; x_wconf 88' lang='lat' dir='ltr'>quo</span> <span class='ocrx_word' id='word_1_167' title='bbox 1545 1510 1603 1547; x_wconf 89' lang='lat' dir='ltr'>dc-</span> 
     </span>
     <span class='ocr_line' id='line_1_19' title="bbox 71 1564 1604 1615; baseline 0.005 -15"><span class='ocrx_word' id='word_1_168' title='bbox 71 1565 237 1601; x_wconf 79' lang='lat' dir='ltr'>stinaram</span> <span class='ocrx_word' id='word_1_169' title='bbox 273 1564 445 1610; x_wconf 87' lang='lat' dir='ltr'>proficisci</span> <span class='ocrx_word' id='word_1_170' title='bbox 477 1577 546 1599; x_wconf 89' lang='lat' dir='ltr'>non</span> <span class='ocrx_word' id='word_1_171' title='bbox 578 1576 714 1611; x_wconf 87' lang='lat' dir='ltr'>possem</span> <span class='ocrx_word' id='word_1_172' title='bbox 741 1566 784 1608; x_wconf 78' lang='lat'>²).</span> <span class='ocrx_word' id='word_1_173' title='bbox 832 1567 916 1602; x_wconf 85' lang='lat' dir='ltr'>Sum</span> <span class='ocrx_word' id='word_1_174' title='bbox 949 1572 1063 1602; x_wconf 87' lang='lat' dir='ltr'>autem</span> <span class='ocrx_word' id='word_1_175' title='bbox 1099 1567 1244 1615; x_wconf 82' lang='lat' dir='ltr'>benigne</span> <span class='ocrx_word' id='word_1_176' title='bbox 1278 1568 1438 1606; x_wconf 86' lang='lat' dir='ltr'>dimissus</span> <span class='ocrx_word' id='word_1_177' title='bbox 1471 1583 1550 1607; x_wconf 89' lang='lat' dir='ltr'>cum</span> <span class='ocrx_word' id='word_1_178' title='bbox 1582 1585 1604 1608; x_wconf 87' lang='lat' dir='ltr'>a.</span> 
     </span>
     <span class='ocr_line' id='line_1_20' title="bbox 73 1623 1603 1673; baseline 0.007 -14"><span class='ocrx_word' id='word_1_179' title='bbox 73 1623 235 1670; x_wconf 87' lang='lat' dir='ltr'>Principe</span> <span class='ocrx_word' id='word_1_180' title='bbox 261 1623 347 1669; x_wconf 84' lang='lat' dir='ltr'>ipsa,</span> <span class='ocrx_word' id='word_1_181' title='bbox 373 1626 446 1658; x_wconf 89' lang='lat' dir='ltr'>tum</span> <span class='ocrx_word' id='word_1_182' title='bbox 471 1636 492 1656; x_wconf 84' lang='lat' dir='ltr'>a</span> <span class='ocrx_word' id='word_1_183' title='bbox 516 1627 592 1659; x_wconf 83' lang='lat' dir='ltr'>tota</span> <span class='ocrx_word' id='word_1_184' title='bbox 617 1623 719 1659; x_wconf 84' lang='lat' dir='ltr'>etiam</span> <span class='ocrx_word' id='word_1_185' title='bbox 745 1625 912 1667; x_wconf 85' lang='lat' dir='ltr'>Ecclesia,</span> <span class='ocrx_word' id='word_1_186' title='bbox 937 1627 1225 1673; x_wconf 86' lang='lat' dir='ltr'>quemadmodum</span> <span class='ocrx_word' id='word_1_187' title='bbox 1251 1628 1286 1664; x_wconf 90' lang='lat' dir='ltr'>id</span> <span class='ocrx_word' id='word_1_188' title='bbox 1311 1629 1447 1666; x_wconf 73' lang='lat' dir='ltr'>litterae</span> <span class='ocrx_word' id='word_1_189' title='bbox 1472 1631 1603 1670; x_wconf 86' lang='lat' dir='ltr'>Princi-</span> 
     </span>
     <span class='ocr_line' id='line_1_21' title="bbox 74 1682 1601 1730; baseline 0.007 -11"><span class='ocrx_word' id='word_1_190' title='bbox 74 1684 124 1730; x_wconf 91' lang='lat' dir='ltr'>pis</span> <span class='ocrx_word' id='word_1_191' title='bbox 149 1687 335 1719; x_wconf 78' lang='lat' dir='ltr'>testantur.</span> <span class='ocrx_word' id='word_1_192' title='bbox 372 1682 525 1719; x_wconf 85' lang='lat' dir='ltr'>Ecclesia</span> <span class='ocrx_word' id='word_1_193' title='bbox 554 1695 633 1719; x_wconf 85' lang='lat' dir='ltr'>vcro</span> <span class='ocrx_word' id='word_1_194' title='bbox 660 1688 733 1720; x_wconf 86' lang='lat' dir='ltr'>tota</span> <span class='ocrx_word' id='word_1_195' title='bbox 757 1684 902 1721; x_wconf 87' lang='lat' dir='ltr'>delectis</span> <span class='ocrx_word' id='word_1_196' title='bbox 928 1687 962 1722; x_wconf 89' lang='lat' dir='ltr'>in</span> <span class='ocrx_word' id='word_1_197' title='bbox 988 1687 1052 1722; x_wconf 91' lang='lat' dir='ltr'>hoe</span> <span class='ocrx_word' id='word_1_198' title='bbox 1077 1691 1217 1723; x_wconf 89' lang='lat' dir='ltr'>centum</span> <span class='ocrx_word' id='word_1_199' title='bbox 1240 1689 1373 1725; x_wconf 86' lang='lat' dir='ltr'>civibus</span> <span class='ocrx_word' id='word_1_200' title='bbox 1396 1695 1432 1726; x_wconf 90' lang='lat' dir='ltr'>et</span> <span class='ocrx_word' id='word_1_201' title='bbox 1457 1693 1601 1730; x_wconf 87' lang='lat' dir='ltr'>totidem</span> 
     </span>
     <span class='ocr_line' id='line_1_22' title="bbox 73 1744 1604 1796; baseline 0.007 -15"><span class='ocrx_word' id='word_1_202' title='bbox 73 1745 237 1781; x_wconf 81' lang='lat' dir='ltr'>matronis</span> <span class='ocrx_word' id='word_1_203' title='bbox 272 1745 337 1790; x_wconf 84' lang='lat' dir='ltr'>piis</span> <span class='ocrx_word' id='word_1_204' title='bbox 371 1744 405 1780; x_wconf 89' lang='lat' dir='ltr'>iu</span> <span class='ocrx_word' id='word_1_205' title='bbox 439 1744 661 1790; x_wconf 78' lang='lat' dir='ltr'>gratitudinis</span> <span class='ocrx_word' id='word_1_206' title='bbox 694 1758 776 1781; x_wconf 90' lang='lat' dir='ltr'>suae</span> <span class='ocrx_word' id='word_1_207' title='bbox 810 1758 891 1792; x_wconf 78' lang='lat' dir='ltr'>erga</span> <span class='ocrx_word' id='word_1_208' title='bbox 918 1760 970 1783; x_wconf 87' lang='lat' dir='ltr'>me</span> <span class='ocrx_word' id='word_1_209' title='bbox 997 1748 1232 1784; x_wconf 79' lang='lat' dir='ltr'>testimonium</span> <span class='ocrx_word' id='word_1_210' title='bbox 1258 1749 1433 1796; x_wconf 87' lang='lat' dir='ltr'>publicum</span> <span class='ocrx_word' id='word_1_211' title='bbox 1460 1753 1541 1790; x_wconf 90' lang='lat' dir='ltr'>mihi</span> <span class='ocrx_word' id='word_1_212' title='bbox 1567 1759 1604 1791; x_wconf 84' lang='lat' dir='ltr'>ct</span> 
     </span>
     <span class='ocr_line' id='line_1_23' title="bbox 73 1803 1603 1859; baseline 0.005 -18"><span class='ocrx_word' id='word_1_213' title='bbox 73 1804 218 1851; x_wconf 80' lang='lat' dir='ltr'>collegis</span> <span class='ocrx_word' id='word_1_214' title='bbox 243 1803 328 1840; x_wconf 86' lang='lat' dir='ltr'>ineis</span> <span class='ocrx_word' id='word_1_215' title='bbox 353 1804 549 1840; x_wconf 88' lang='lat' dir='ltr'>convivium</span> <span class='ocrx_word' id='word_1_216' title='bbox 574 1804 752 1841; x_wconf 81' lang='lat' dir='ltr'>instruxit.</span> <span class='ocrx_word' id='word_1_217' title='bbox 776 1804 1020 1843; x_wconf 86' lang='lat' dir='ltr'>Adornaverat</span> <span class='ocrx_word' id='word_1_218' title='bbox 1044 1812 1081 1843; x_wconf 89' lang='lat' dir='ltr'>et</span> <span class='ocrx_word' id='word_1_219' title='bbox 1099 1820 1223 1844; x_wconf 88' lang='lat' dir='ltr'>munus</span> <span class='ocrx_word' id='word_1_220' title='bbox 1241 1809 1458 1847; x_wconf 79' lang='lat' dir='ltr'>honorarium</span> <span class='ocrx_word' id='word_1_221' title='bbox 1474 1825 1535 1859; x_wconf 86' lang='lat' dir='ltr'>pro</span> <span class='ocrx_word' id='word_1_222' title='bbox 1550 1827 1603 1851; x_wconf 89' lang='lat' dir='ltr'>me</span> 
     </span>
     <span class='ocr_line' id='line_1_24' title="bbox 73 1864 1603 1913; baseline 0.006 -11"><span class='ocrx_word' id='word_1_223' title='bbox 73 1868 148 1902; x_wconf 88' lang='lat' dir='ltr'>tota</span> <span class='ocrx_word' id='word_1_224' title='bbox 173 1876 248 1901; x_wconf 87' lang='lat' dir='ltr'>mea</span> <span class='ocrx_word' id='word_1_225' title='bbox 273 1864 439 1906; x_wconf 88' lang='lat' dir='ltr'>Ecclesia,</span> <span class='ocrx_word' id='word_1_226' title='bbox 464 1865 523 1901; x_wconf 90' lang='lat' dir='ltr'>sed</span> <span class='ocrx_word' id='word_1_227' title='bbox 551 1877 615 1912; x_wconf 88' lang='lat' dir='ltr'>ego</span> <span class='ocrx_word' id='word_1_228' title='bbox 639 1864 725 1901; x_wconf 90' lang='lat' dir='ltr'>illud</span> <span class='ocrx_word' id='word_1_229' title='bbox 752 1867 906 1913; x_wconf 85' lang='lat' dir='ltr'>accipere</span> <span class='ocrx_word' id='word_1_230' title='bbox 933 1868 1100 1905; x_wconf 85' lang='lat' dir='ltr'>recusavi.</span> <span class='ocrx_word' id='word_1_231' title='bbox 1149 1869 1192 1904; x_wconf 90' lang='lat' dir='ltr'>In</span> <span class='ocrx_word' id='word_1_232' title='bbox 1217 1871 1378 1907; x_wconf 90' lang='lat' dir='ltr'>convivio</span> <span class='ocrx_word' id='word_1_233' title='bbox 1402 1877 1516 1909; x_wconf 89' lang='lat' dir='ltr'>autem</span> <span class='ocrx_word' id='word_1_234' title='bbox 1542 1874 1603 1912; x_wconf 91' lang='lat' dir='ltr'>illo</span> 
     </span>
     <span class='ocr_line' id='line_1_25' title="bbox 74 1925 1603 1980; baseline 0.005 -18"><span class='ocrx_word' id='word_1_235' title='bbox 74 1929 154 1974; x_wconf 87' lang='lat' dir='ltr'>post</span> <span class='ocrx_word' id='word_1_236' title='bbox 185 1929 362 1974; x_wconf 87' lang='lat' dir='ltr'>sumptum</span> <span class='ocrx_word' id='word_1_237' title='bbox 395 1925 510 1961; x_wconf 88' lang='lat' dir='ltr'>eibum</span> <span class='ocrx_word' id='word_1_238' title='bbox 547 1925 583 1961; x_wconf 91' lang='lat' dir='ltr'>in</span> <span class='ocrx_word' id='word_1_239' title='bbox 618 1925 916 1963; x_wconf 82' lang='lat' dir='ltr'>exhortationibus</span> <span class='ocrx_word' id='word_1_240' title='bbox 941 1928 985 1964; x_wconf 74' lang='lat' dir='ltr'>ad</span> <span class='ocrx_word' id='word_1_241' title='bbox 1010 1927 1088 1963; x_wconf 87' lang='lat' dir='ltr'>fidei</span> <span class='ocrx_word' id='word_1_242' title='bbox 1109 1940 1150 1964; x_wconf 83' lang='lat' dir='ltr'>ac</span> <span class='ocrx_word' id='word_1_243' title='bbox 1176 1929 1351 1976; x_wconf 81' lang='lat' dir='ltr'>religionis</span> <span class='ocrx_word' id='word_1_244' title='bbox 1377 1944 1474 1968; x_wconf 86' lang='lat' dir='ltr'>verae</span> <span class='ocrx_word' id='word_1_245' title='bbox 1500 1936 1603 1980; x_wconf 79' lang='lat' dir='ltr'>proli-</span> 
     </span>
     <span class='ocr_line' id='line_1_26' title="bbox 75 1986 1602 2033; baseline 0.005 -10"><span class='ocrx_word' id='word_1_246' title='bbox 75 1986 199 2024; x_wconf 86' lang='lat' dir='ltr'>tcndae</span> <span class='ocrx_word' id='word_1_247' title='bbox 235 1987 467 2022; x_wconf 80' lang='lat' dir='ltr'>constantiam</span> <span class='ocrx_word' id='word_1_248' title='bbox 501 1997 541 2021; x_wconf 90' lang='lat' dir='ltr'>ae</span> <span class='ocrx_word' id='word_1_249' title='bbox 575 1986 761 2033; x_wconf 85' lang='lat' dir='ltr'>gratiarum</span> <span class='ocrx_word' id='word_1_250' title='bbox 797 1987 992 2024; x_wconf 86' lang='lat' dir='ltr'>actionibus</span> <span class='ocrx_word' id='word_1_251' title='bbox 1027 1993 1139 2024; x_wconf 83' lang='lat' dir='ltr'>totum</span> <span class='ocrx_word' id='word_1_252' title='bbox 1163 1989 1265 2032; x_wconf 80' lang='lat' dir='ltr'>diem,</span> <span class='ocrx_word' id='word_1_253' title='bbox 1303 1991 1449 2028; x_wconf 88' lang='lat' dir='ltr'>sublatis</span> <span class='ocrx_word' id='word_1_254' title='bbox 1476 1996 1602 2032; x_wconf 85' lang='lat' dir='ltr'>mensis</span> 
     </span>
     <span class='ocr_line' id='line_1_27' title="bbox 75 2046 1600 2100; baseline 0.005 -16"><span class='ocrx_word' id='word_1_255' title='bbox 75 2046 244 2089; x_wconf 89' lang='lat' dir='ltr'>omnibus,</span> <span class='ocrx_word' id='word_1_256' title='bbox 274 2046 512 2094; x_wconf 80' lang='lat' dir='ltr'>transegimus,</span> <span class='ocrx_word' id='word_1_257' title='bbox 536 2058 577 2082; x_wconf 85' lang='lat' dir='ltr'>ac</span> <span class='ocrx_word' id='word_1_258' title='bbox 601 2048 737 2083; x_wconf 89' lang='lat' dir='ltr'>demum</span> <span class='ocrx_word' id='word_1_259' title='bbox 763 2060 834 2084; x_wconf 89' lang='lat' dir='ltr'>non</span> <span class='ocrx_word' id='word_1_260' title='bbox 859 2048 934 2084; x_wconf 90' lang='lat' dir='ltr'>sine</span> <span class='ocrx_word' id='word_1_261' title='bbox 959 2049 1076 2085; x_wconf 87' lang='lat' dir='ltr'>multis</span> <span class='ocrx_word' id='word_1_262' title='bbox 1102 2050 1254 2086; x_wconf 89' lang='lat' dir='ltr'>omnium</span> <span class='ocrx_word' id='word_1_263' title='bbox 1281 2050 1460 2100; x_wconf 80' lang='lat' dir='ltr'>lachrymis</span> <span class='ocrx_word' id='word_1_264' title='bbox 1483 2055 1527 2090; x_wconf 81' lang='lat' dir='ltr'>nd</span> <span class='ocrx_word' id='word_1_265' title='bbox 1545 2068 1600 2092; x_wconf 88' lang='lat' dir='ltr'>ac-</span> 
     </span>
     <span class='ocr_line' id='line_1_28' title="bbox 77 2107 1602 2162; baseline 0.005 -17"><span class='ocrx_word' id='word_1_266' title='bbox 77 2109 138 2145; x_wconf 81' lang='lat' dir='ltr'>des</span> <span class='ocrx_word' id='word_1_267' title='bbox 171 2121 262 2145; x_wconf 82' lang='lat' dir='ltr'>meas</span> <span class='ocrx_word' id='word_1_268' title='bbox 295 2107 339 2144; x_wconf 86' lang='lat' dir='ltr'>ab</span> <span class='ocrx_word' id='word_1_269' title='bbox 364 2108 524 2144; x_wconf 88' lang='lat' dir='ltr'>omnibus</span> <span class='ocrx_word' id='word_1_270' title='bbox 549 2107 732 2150; x_wconf 86' lang='lat' dir='ltr'>deductus,</span> <span class='ocrx_word' id='word_1_271' title='bbox 758 2108 919 2145; x_wconf 85' lang='lat' dir='ltr'>dimissus</span> <span class='ocrx_word' id='word_1_272' title='bbox 945 2121 1021 2145; x_wconf 88' lang='lat' dir='ltr'>sum</span> <span class='ocrx_word' id='word_1_273' title='bbox 1047 2110 1190 2146; x_wconf 82' lang='lat' dir='ltr'>tandem</span> <span class='ocrx_word' id='word_1_274' title='bbox 1215 2111 1259 2147; x_wconf 91' lang='lat' dir='ltr'>ab</span> <span class='ocrx_word' id='word_1_275' title='bbox 1285 2111 1365 2155; x_wconf 89' lang='lat' dir='ltr'>illis,</span> <span class='ocrx_word' id='word_1_276' title='bbox 1389 2119 1533 2162; x_wconf 87' lang='lat' dir='ltr'>accepto</span> <span class='ocrx_word' id='word_1_277' title='bbox 1557 2117 1602 2153; x_wconf 81' lang='lat' dir='ltr'>ab</span> 
     </span>
     <span class='ocr_line' id='line_1_29' title="bbox 77 2167 1603 2224; baseline 0.006 -19"><span class='ocrx_word' id='word_1_278' title='bbox 77 2169 235 2206; x_wconf 87' lang='lat' dir='ltr'>omnibus</span> <span class='ocrx_word' id='word_1_279' title='bbox 261 2169 353 2216; x_wconf 83' lang='lat' dir='ltr'>pacis</span> <span class='ocrx_word' id='word_1_280' title='bbox 378 2167 512 2205; x_wconf 84' lang='lat' dir='ltr'>osculo.</span> <span class='ocrx_word' id='word_1_281' title='bbox 560 2168 666 2207; x_wconf 79' lang='lat' dir='ltr'>Quod</span> <span class='ocrx_word' id='word_1_282' title='bbox 694 2170 853 2217; x_wconf 85' lang='lat' dir='ltr'>equidem</span> <span class='ocrx_word' id='word_1_283' title='bbox 878 2170 1102 2217; x_wconf 84' lang='lat' dir='ltr'>gratitudinis</span> <span class='ocrx_word' id='word_1_284' title='bbox 1125 2172 1302 2209; x_wconf 83' lang='lat' dir='ltr'>Ecclesiae</span> <span class='ocrx_word' id='word_1_285' title='bbox 1326 2186 1420 2210; x_wconf 91' lang='lat' dir='ltr'>meae</span> <span class='ocrx_word' id='word_1_286' title='bbox 1445 2188 1526 2224; x_wconf 81' lang='lat' dir='ltr'>erga</span> <span class='ocrx_word' id='word_1_287' title='bbox 1549 2190 1603 2214; x_wconf 85' lang='lat' dir='ltr'>ine</span> 
     </span>
     <span class='ocr_line' id='line_1_30' title="bbox 77 2230 1603 2278; baseline 0.006 -12"><span class='ocrx_word' id='word_1_288' title='bbox 77 2230 271 2278; x_wconf 87' lang='lat' dir='ltr'>exemplum</span> <span class='ocrx_word' id='word_1_289' title='bbox 303 2230 380 2266; x_wconf 90' lang='lat' dir='ltr'>ideo</span> <span class='ocrx_word' id='word_1_290' title='bbox 416 2230 465 2266; x_wconf 90' lang='lat' dir='ltr'>ita</span> <span class='ocrx_word' id='word_1_291' title='bbox 503 2233 582 2265; x_wconf 87' lang='lat' dir='ltr'>tuae</span> <span class='ocrx_word' id='word_1_292' title='bbox 619 2230 830 2266; x_wconf 85' lang='lat' dir='ltr'>Celsitudini</span> <span class='ocrx_word' id='word_1_293' title='bbox 855 2243 1120 2269; x_wconf 86' lang='lat' dir='ltr'>commemorare</span> <span class='ocrx_word' id='word_1_294' title='bbox 1147 2234 1251 2276; x_wconf 85' lang='lat' dir='ltr'>volui,</span> <span class='ocrx_word' id='word_1_295' title='bbox 1279 2239 1319 2269; x_wconf 86' lang='lat' dir='ltr'>ut</span> <span class='ocrx_word' id='word_1_296' title='bbox 1344 2235 1427 2272; x_wconf 88' lang='lat' dir='ltr'>hacc</span> <span class='ocrx_word' id='word_1_297' title='bbox 1452 2250 1603 2275; x_wconf 87' lang='lat' dir='ltr'>meorum</span> 
     </span>
     <span class='ocr_line' id='line_1_31' title="bbox 76 2289 1604 2347; baseline 0.007 -21"><span class='ocrx_word' id='word_1_298' title='bbox 76 2290 186 2336; x_wconf 85' lang='lat' dir='ltr'>pietas</span> <span class='ocrx_word' id='word_1_299' title='bbox 211 2292 297 2327; x_wconf 87' lang='lat' dir='ltr'>alios</span> <span class='ocrx_word' id='word_1_300' title='bbox 323 2290 452 2326; x_wconf 79' lang='lat' dir='ltr'>excitet</span> <span class='ocrx_word' id='word_1_301' title='bbox 477 2290 522 2326; x_wconf 87' lang='lat' dir='ltr'>ad</span> <span class='ocrx_word' id='word_1_302' title='bbox 549 2289 802 2327; x_wconf 84' lang='lat' dir='ltr'>observantiam</span> <span class='ocrx_word' id='word_1_303' title='bbox 828 2295 864 2327; x_wconf 86' lang='lat' dir='ltr'>et</span> <span class='ocrx_word' id='word_1_304' title='bbox 887 2305 1035 2328; x_wconf 86' lang='lat' dir='ltr'>amorem</span> <span class='ocrx_word' id='word_1_305' title='bbox 1062 2294 1296 2330; x_wconf 83' lang='lat' dir='ltr'>ministrorum</span> <span class='ocrx_word' id='word_1_306' title='bbox 1311 2307 1463 2334; x_wconf 86' lang='lat' dir='ltr'>suorum.</span> <span class='ocrx_word' id='word_1_307' title='bbox 1500 2299 1604 2347; x_wconf 83' lang='lat' dir='ltr'>Equi·</span> 
     </span>
     <span class='ocr_line' id='line_1_32' title="bbox 75 2351 1605 2401; baseline 0.007 -14"><span class='ocrx_word' id='word_1_308' title='bbox 75 2351 152 2387; x_wconf 86' lang='lat' dir='ltr'>dem</span> <span class='ocrx_word' id='word_1_309' title='bbox 173 2351 239 2388; x_wconf 90' lang='grc'>1100</span> <span class='ocrx_word' id='word_1_310' title='bbox 264 2351 372 2387; x_wconf 85' lang='lat' dir='ltr'>ausim</span> <span class='ocrx_word' id='word_1_311' title='bbox 399 2351 528 2393; x_wconf 89' lang='lat' dir='ltr'>dicere,</span> <span class='ocrx_word' id='word_1_312' title='bbox 553 2355 662 2387; x_wconf 87' lang='lat' dir='ltr'>totam</span> <span class='ocrx_word' id='word_1_313' title='bbox 688 2364 795 2387; x_wconf 89' lang='lat' dir='ltr'>meam</span> <span class='ocrx_word' id='word_1_314' title='bbox 823 2353 1013 2390; x_wconf 87' lang='lat' dir='ltr'>Ecclesiam</span> <span class='ocrx_word' id='word_1_315' title='bbox 1040 2355 1272 2401; x_wconf 80' lang='lat' dir='ltr'>proiecturam</span> <span class='ocrx_word' id='word_1_316' title='bbox 1298 2357 1404 2394; x_wconf 77' lang='lat' dir='ltr'>fuisse</span> <span class='ocrx_word' id='word_1_317' title='bbox 1430 2358 1518 2396; x_wconf 87' lang='lat' dir='ltr'>bona</span> <span class='ocrx_word' id='word_1_318' title='bbox 1542 2373 1605 2398; x_wconf 84' lang='lat' dir='ltr'>sua</span> 
     </span>
     <span class='ocr_line' id='line_1_33' title="bbox 75 2411 1604 2466; baseline 0.006 -18"><span class='ocrx_word' id='word_1_319' title='bbox 75 2416 155 2449; x_wconf 86' lang='lat' dir='ltr'>ante</span> <span class='ocrx_word' id='word_1_320' title='bbox 179 2411 284 2459; x_wconf 88' lang='lat' dir='ltr'>pedes</span> <span class='ocrx_word' id='word_1_321' title='bbox 311 2415 460 2454; x_wconf 76' lang='lat' dir='ltr'>nostras,</span> <span class='ocrx_word' id='word_1_322' title='bbox 494 2412 522 2448; x_wconf 90' lang='lat' dir='ltr'>si</span> <span class='ocrx_word' id='word_1_323' title='bbox 548 2411 611 2449; x_wconf 90' lang='lat' dir='ltr'>hoe</span> <span class='ocrx_word' id='word_1_324' title='bbox 636 2412 866 2460; x_wconf 86' lang='lat' dir='ltr'>petiissemus.</span> <span class='ocrx_word' id='word_1_325' title='bbox 913 2416 997 2453; x_wconf 83' lang='lat' dir='ltr'>Quo</span> <span class='ocrx_word' id='word_1_326' title='bbox 1021 2427 1103 2451; x_wconf 89' lang='lat' dir='ltr'>sanc</span> <span class='ocrx_word' id='word_1_327' title='bbox 1130 2417 1266 2452; x_wconf 90' lang='lat' dir='ltr'>nominc</span> <span class='ocrx_word' id='word_1_328' title='bbox 1290 2429 1356 2463; x_wconf 77' lang='lat' dir='ltr'>ago</span> <span class='ocrx_word' id='word_1_329' title='bbox 1380 2421 1509 2466; x_wconf 82' lang='lat' dir='ltr'>gratias</span> <span class='ocrx_word' id='word_1_330' title='bbox 1533 2421 1604 2458; x_wconf 85' lang='lat' dir='ltr'>Do·</span> 
     </span>
     <span class='ocr_line' id='line_1_34' title="bbox 77 2472 1601 2524; baseline 0.007 -15"><span class='ocrx_word' id='word_1_331' title='bbox 77 2474 171 2509; x_wconf 88' lang='lat' dir='ltr'>mino</span> <span class='ocrx_word' id='word_1_332' title='bbox 206 2473 281 2508; x_wconf 90' lang='lat' dir='ltr'>Deo</span> <span class='ocrx_word' id='word_1_333' title='bbox 317 2485 392 2508; x_wconf 90' lang='lat' dir='ltr'>meo</span> <span class='ocrx_word' id='word_1_334' title='bbox 427 2472 520 2520; x_wconf 84' lang='lat' dir='ltr'>quod</span> <span class='ocrx_word' id='word_1_335' title='bbox 546 2472 695 2509; x_wconf 89' lang='lat' dir='ltr'>voluerit</span> <span class='ocrx_word' id='word_1_336' title='bbox 720 2485 789 2509; x_wconf 89' lang='lat' dir='ltr'>non</span> <span class='ocrx_word' id='word_1_337' title='bbox 814 2485 889 2510; x_wconf 86' lang='lat' dir='ltr'>esse</span> <span class='ocrx_word' id='word_1_338' title='bbox 914 2486 1042 2511; x_wconf 87' lang='lat' dir='ltr'>vanum</span> <span class='ocrx_word' id='word_1_339' title='bbox 1068 2479 1176 2524; x_wconf 89' lang='lat' dir='ltr'>atque</span> <span class='ocrx_word' id='word_1_340' title='bbox 1201 2477 1350 2513; x_wconf 87' lang='lat' dir='ltr'>otiosum</span> <span class='ocrx_word' id='word_1_341' title='bbox 1377 2479 1601 2520; x_wconf 88' lang='lat' dir='ltr'>ministerium</span> 
     </span>
     <span class='ocr_line' id='line_1_35' title="bbox 75 2532 1603 2591; baseline 0.007 -22"><span class='ocrx_word' id='word_1_342' title='bbox 75 2537 233 2570; x_wconf 89' lang='lat' dir='ltr'>nostrum</span> <span class='ocrx_word' id='word_1_343' title='bbox 259 2533 294 2569; x_wconf 92' lang='lat' dir='ltr'>in</span> <span class='ocrx_word' id='word_1_344' title='bbox 319 2532 513 2579; x_wconf 82' lang='lat' dir='ltr'>colligenda</span> <span class='ocrx_word' id='word_1_345' title='bbox 538 2545 599 2569; x_wconf 88' lang='lat' dir='ltr'>sua</span> <span class='ocrx_word' id='word_1_346' title='bbox 623 2533 793 2569; x_wconf 88' lang='lat' dir='ltr'>Ecclesia.</span> <span class='ocrx_word' id='word_1_347' title='bbox 818 2534 879 2570; x_wconf 92' lang='lat' dir='ltr'>Illi</span> <span class='ocrx_word' id='word_1_348' title='bbox 905 2535 979 2572; x_wconf 87' lang='lat' dir='ltr'>laus</span> <span class='ocrx_word' id='word_1_349' title='bbox 1004 2540 1040 2571; x_wconf 90' lang='lat' dir='ltr'>ct</span> <span class='ocrx_word' id='word_1_350' title='bbox 1052 2536 1161 2584; x_wconf 83' lang='lat' dir='ltr'>gloria</span> <span class='ocrx_word' id='word_1_351' title='bbox 1182 2537 1217 2573; x_wconf 89' lang='lat' dir='ltr'>in</span> <span class='ocrx_word' id='word_1_352' title='bbox 1238 2538 1375 2574; x_wconf 84' lang='lat' dir='ltr'>saecula</span> <span class='ocrx_word' id='word_1_353' title='bbox 1391 2553 1500 2577; x_wconf 86' lang='lat' dir='ltr'>amen.</span> <span class='ocrx_word' id='word_1_354' title='bbox 1527 2543 1603 2591; x_wconf 82' lang='lat' dir='ltr'>Ego</span> 
     </span>
    </p>
   </div>
   <div class='ocr_carea' id='block_1_7' title="bbox 75 2592 1603 2697">
    <p class='ocr_par' dir='ltr' id='par_1_7' title="bbox 75 2592 1603 2697">
     <span class='ocr_line' id='line_1_36' title="bbox 75 2592 1603 2644; baseline 0.007 -16"><span class='ocrx_word' id='word_1_355' title='bbox 75 2594 180 2640; x_wconf 87' lang='lat' dir='ltr'>igitur</span> <span class='ocrx_word' id='word_1_356' title='bbox 204 2593 253 2629; x_wconf 81' lang='lat' dir='ltr'>ita</span> <span class='ocrx_word' id='word_1_357' title='bbox 277 2605 296 2629; x_wconf 88' lang='lat' dir='ltr'>a</span> <span class='ocrx_word' id='word_1_358' title='bbox 322 2593 405 2628; x_wconf 89' lang='lat' dir='ltr'>meis</span> <span class='ocrx_word' id='word_1_359' title='bbox 429 2592 592 2628; x_wconf 84' lang='lat' dir='ltr'>dimissus</span> <span class='ocrx_word' id='word_1_360' title='bbox 618 2592 684 2629; x_wconf 88' lang='lat' dir='ltr'>huc</span> <span class='ocrx_word' id='word_1_361' title='bbox 710 2607 762 2630; x_wconf 90' lang='lat' dir='ltr'>me</span> <span class='ocrx_word' id='word_1_362' title='bbox 787 2595 930 2637; x_wconf 88' lang='lat' dir='ltr'>contuli,</span> <span class='ocrx_word' id='word_1_363' title='bbox 956 2600 994 2631; x_wconf 90' lang='lat' dir='ltr'>ut</span> <span class='ocrx_word' id='word_1_364' title='bbox 1019 2609 1087 2631; x_wconf 85' lang='lat' dir='ltr'>non</span> <span class='ocrx_word' id='word_1_365' title='bbox 1111 2597 1230 2644; x_wconf 89' lang='lat' dir='ltr'>procul</span> <span class='ocrx_word' id='word_1_366' title='bbox 1255 2610 1276 2633; x_wconf 90' lang='lat' dir='ltr'>a</span> <span class='ocrx_word' id='word_1_367' title='bbox 1302 2599 1384 2636; x_wconf 82' lang='lat' dir='ltr'>meis</span> <span class='ocrx_word' id='word_1_368' title='bbox 1407 2601 1519 2639; x_wconf 85' lang='lat' dir='ltr'>adhuc</span> <span class='ocrx_word' id='word_1_369' title='bbox 1544 2605 1603 2639; x_wconf 86' lang='lat' dir='ltr'>ab·</span> 
     </span>
     <span class='ocr_line' id='line_1_37' title="bbox 75 2648 1475 2697; baseline 0.006 -12"><span class='ocrx_word' id='word_1_370' title='bbox 75 2661 185 2685; x_wconf 84' lang='lat' dir='ltr'>essem</span> <span class='ocrx_word' id='word_1_371' title='bbox 211 2661 336 2697; x_wconf 89' lang='lat' dir='ltr'>eosque</span> <span class='ocrx_word' id='word_1_372' title='bbox 360 2648 506 2684; x_wconf 86' lang='lat' dir='ltr'>subinde</span> <span class='ocrx_word' id='word_1_373' title='bbox 531 2649 567 2685; x_wconf 89' lang='lat' dir='ltr'>in</span> <span class='ocrx_word' id='word_1_374' title='bbox 592 2650 817 2687; x_wconf 82' lang='lat' dir='ltr'>consessionis</span> <span class='ocrx_word' id='word_1_375' title='bbox 842 2658 878 2687; x_wconf 83' lang='lat' dir='ltr'>et</span> <span class='ocrx_word' id='word_1_376' title='bbox 902 2651 981 2688; x_wconf 88' lang='lat' dir='ltr'>fidei</span> <span class='ocrx_word' id='word_1_377' title='bbox 1005 2653 1202 2689; x_wconf 84' lang='lat' dir='ltr'>constantia</span> <span class='ocrx_word' id='word_1_378' title='bbox 1228 2655 1475 2694; x_wconf 85' lang='lat' dir='ltr'>confirmarem.</span> 
     </span>
    </p>
   </div>
   <div class='ocr_carea' id='block_1_8' title="bbox 75 2710 1605 2944">
    <p class='ocr_par' dir='ltr' id='par_1_8' title="bbox 75 2710 1605 2944">
     <span class='ocr_line' id='line_1_38' title="bbox 125 2710 1605 2769; baseline 0.008 -23"><span class='ocrx_word' id='word_1_379' title='bbox 125 2711 309 2746; x_wconf 86' lang='lat' dir='ltr'>Caeterum</span> <span class='ocrx_word' id='word_1_380' title='bbox 343 2710 498 2758; x_wconf 84' lang='lat' dir='ltr'>collegae</span> <span class='ocrx_word' id='word_1_381' title='bbox 532 2711 598 2746; x_wconf 91' lang='lat' dir='ltr'>mei</span> <span class='ocrx_word' id='word_1_382' title='bbox 631 2710 743 2747; x_wconf 88' lang='lat' dir='ltr'>adhuc</span> <span class='ocrx_word' id='word_1_383' title='bbox 767 2713 862 2758; x_wconf 90' lang='lat' dir='ltr'>operi</span> <span class='ocrx_word' id='word_1_384' title='bbox 887 2724 951 2748; x_wconf 90' lang='lat' dir='ltr'>suo</span> <span class='ocrx_word' id='word_1_385' title='bbox 978 2713 1109 2749; x_wconf 87' lang='lat' dir='ltr'>instant</span> <span class='ocrx_word' id='word_1_386' title='bbox 1133 2714 1169 2750; x_wconf 90' lang='lat' dir='ltr'>in</span> <span class='ocrx_word' id='word_1_387' title='bbox 1194 2714 1361 2758; x_wconf 82' lang='lat' dir='ltr'>docendo,</span> <span class='ocrx_word' id='word_1_388' title='bbox 1397 2719 1498 2756; x_wconf 88' lang='lat' dir='ltr'>ctiam</span> <span class='ocrx_word' id='word_1_389' title='bbox 1524 2726 1605 2769; x_wconf 89' lang='lat' dir='ltr'>post</span> 
     </span>
     <span class='ocr_line' id='line_1_39' title="bbox 75 2770 1605 2828; baseline 0.008 -21"><span class='ocrx_word' id='word_1_390' title='bbox 75 2770 311 2808; x_wconf 88' lang='lat' dir='ltr'>inhibitionem</span> <span class='ocrx_word' id='word_1_391' title='bbox 355 2771 598 2819; x_wconf 83' lang='lat' dir='ltr'>MagistratuS,</span> <span class='ocrx_word' id='word_1_392' title='bbox 642 2784 752 2820; x_wconf 88' lang='lat' dir='ltr'>neque</span> <span class='ocrx_word' id='word_1_393' title='bbox 786 2773 986 2816; x_wconf 85' lang='lat' dir='ltr'>cessabunt,</span> <span class='ocrx_word' id='word_1_394' title='bbox 1021 2786 1132 2821; x_wconf 88' lang='lat' dir='ltr'>spero,</span> <span class='ocrx_word' id='word_1_395' title='bbox 1163 2776 1230 2812; x_wconf 88' lang='lat' dir='ltr'>nisi</span> <span class='ocrx_word' id='word_1_396' title='bbox 1265 2778 1298 2813; x_wconf 84' lang='lat' dir='ltr'>vi</span> <span class='ocrx_word' id='word_1_397' title='bbox 1331 2783 1393 2815; x_wconf 89' lang='lat' dir='ltr'>aut</span> <span class='ocrx_word' id='word_1_398' title='bbox 1423 2783 1605 2828; x_wconf 84' lang='lat' dir='ltr'>capiantur</span> 
     </span>
     <span class='ocr_line' id='line_1_40' title="bbox 76 2832 1602 2882; baseline 0.009 -16"><span class='ocrx_word' id='word_1_399' title='bbox 76 2836 139 2866; x_wconf 86' lang='lat' dir='ltr'>aut</span> <span class='ocrx_word' id='word_1_400' title='bbox 171 2832 356 2879; x_wconf 85' lang='lat' dir='ltr'>pellantur.</span> <span class='ocrx_word' id='word_1_401' title='bbox 409 2832 578 2868; x_wconf 87' lang='lat' dir='ltr'>Dominus</span> <span class='ocrx_word' id='word_1_402' title='bbox 602 2832 681 2868; x_wconf 86' lang='lat' dir='ltr'>illos</span> <span class='ocrx_word' id='word_1_403' title='bbox 707 2834 907 2870; x_wconf 87' lang='lat' dir='ltr'>corroboret</span> <span class='ocrx_word' id='word_1_404' title='bbox 931 2835 1056 2882; x_wconf 84' lang='lat' dir='ltr'>spiritu</span> <span class='ocrx_word' id='word_1_405' title='bbox 1082 2848 1156 2879; x_wconf 91' lang='grc'>5110,</span> <span class='ocrx_word' id='word_1_406' title='bbox 1181 2842 1217 2873; x_wconf 90' lang='lat' dir='ltr'>et</span> <span class='ocrx_word' id='word_1_407' title='bbox 1240 2836 1303 2873; x_wconf 88' lang='lat' dir='ltr'>det</span> <span class='ocrx_word' id='word_1_408' title='bbox 1326 2839 1394 2876; x_wconf 84' lang='lat' dir='ltr'>illis</span> <span class='ocrx_word' id='word_1_409' title='bbox 1420 2853 1458 2878; x_wconf 89' lang='lat' dir='ltr'>os</span> <span class='ocrx_word' id='word_1_410' title='bbox 1483 2855 1523 2879; x_wconf 89' lang='lat' dir='ltr'>ac</span> <span class='ocrx_word' id='word_1_411' title='bbox 1549 2856 1602 2880; x_wconf 87' lang='lat' dir='ltr'>sa-</span> 
     </span>
     <span class='ocr_line' id='line_1_41' title="bbox 78 2891 1603 2944; baseline 0.01 -17"><span class='ocrx_word' id='word_1_412' title='bbox 78 2891 240 2938; x_wconf 87' lang='lat' dir='ltr'>pientiam</span> <span class='ocrx_word' id='word_1_413' title='bbox 272 2892 317 2929; x_wconf 89' lang='lat' dir='ltr'>ad</span> <span class='ocrx_word' id='word_1_414' title='bbox 351 2891 582 2928; x_wconf 86' lang='lat' dir='ltr'>obturandum</span> <span class='ocrx_word' id='word_1_415' title='bbox 611 2904 672 2930; x_wconf 89' lang='lat' dir='ltr'>ora</span> <span class='ocrx_word' id='word_1_416' title='bbox 702 2893 974 2931; x_wconf 84' lang='lat' dir='ltr'>adversariorum</span> <span class='ocrx_word' id='word_1_417' title='bbox 1000 2895 1184 2944; x_wconf 81' lang='lat' dir='ltr'>Evangelii</span> <span class='ocrx_word' id='word_1_418' title='bbox 1207 2898 1350 2936; x_wconf 87' lang='lat' dir='ltr'>Christi.</span> <span class='ocrx_word' id='word_1_419' title='bbox 1399 2901 1516 2939; x_wconf 86' lang='lat' dir='ltr'>Habet</span> <span class='ocrx_word' id='word_1_420' title='bbox 1542 2908 1603 2942; x_wconf 85' lang='lat' dir='ltr'>tua</span> 
     </span>
    </p>
   </div>
  </div>
 </body>
</html>
