1830 3147
1565 136 1638 172 161

96 249 305 300 piationem
334 247 645 286 innocentissimi
674 246 731 286 sui
759 245 955 296 sanguinis
972 246 1191 284 memoriam
1209 246 1440 284 celebremus
1457 250 1644 284 nostram-

95 328 165 366 que
202 327 326 352 secum
362 313 415 350 ita
452 312 602 351 demum
638 312 678 351 in
706 312 837 350 eodem
863 311 946 363 ipso
976 324 1132 363 corpore
1160 315 1195 351 et
1223 311 1407 361 sanguine
1434 323 1502 349 suo
1533 323 1638 348 com-

95 378 314 416 munionem
348 376 499 428 publice
535 377 575 415 in
617 381 723 415 coetu
762 377 834 414 hoc
869 380 1020 414 nostrae
1049 375 1240 414 Ecclesiae
1267 379 1532 415 contestemur.
1585 376 1642 414 Te

92 442 211 492 igitur
238 441 422 493 supplices
450 454 613 487 oramus,
641 440 877 480 sanctissime
903 441 1036 479 Pater!
1065 445 1107 479 ut
1134 444 1282 479 tantum
1312 441 1392 479 eius
1418 441 1540 493 ipsius
1567 440 1638 478 filii

92 508 149 545 tui
183 507 224 545 in
258 519 327 545 nos
364 505 603 553 beneficium,
638 505 812 544 excitatis
848 518 915 557 per
949 505 1131 556 Spiritum
1161 509 1334 544 sanctum
1359 509 1468 544 tuum
1494 505 1638 544 nostris

95 572 243 619 animis,
282 572 395 622 digne
428 571 627 609 nobiscum
654 575 827 623 reputare
853 571 1040 622 fidemque
1067 570 1108 608 in
1135 571 1242 608 illum
1271 575 1441 609 nostram
1468 584 1638 610 exercere

94 638 293 689 possimus,
339 642 449 689 atque
484 637 535 675 ita
572 650 637 689 per
674 637 905 675 incrementa
941 640 1093 675 nostrae
1131 636 1281 674 demum
1318 637 1405 675 fidei
1444 637 1637 675 cordium-

94 714 166 751 que
200 704 415 738 nostrorum
451 700 489 737 in
525 700 678 738 salutari
715 704 843 737 nostra
880 712 1007 737 secum
1036 698 1301 737 communione
1330 699 1638 749 obsignationem

94 779 292 816 pascamur
319 779 448 803 omnes
475 770 540 804 tuo
569 765 752 803 beneficio
782 766 827 803 ad
858 765 972 803 vitam
1002 778 1118 816 usque
1146 768 1352 811 aeternam,
1378 778 1490 816 quam
1525 765 1636 803 nobis

94 830 134 868 in
168 830 250 881 ipso
288 843 355 882 pro
392 835 456 869 tua
490 829 671 868 ineffabili
707 830 965 868 misericordia
1001 831 1048 868 ab
1084 834 1234 868 aeterno
1273 836 1530 882 praeparatam
1557 844 1637 869 esse

96 908 172 932 non
202 895 430 934 dubitamus.
460 897 572 944 (247)
617 895 664 933 Id
693 908 779 933 vero
809 895 876 933 abs
903 899 940 933 te
967 894 1142 946 petimus,
1163 896 1273 933 Pater
1291 895 1636 945 indulgentissime!

96 973 160 1011 per
196 974 333 998 nomen
370 960 534 998 eiusdem
570 960 688 1011 ipsius
726 960 795 1011 fiili
820 960 888 1007 tui,
918 961 982 1011 qui
1010 961 1113 998 solus
1142 965 1197 998 est
1226 974 1334 999 verus
1362 966 1473 1012 atque
1499 961 1636 999 unicus

95 1024 304 1062 animarum
334 1029 549 1062 nostrarum
579 1025 698 1077 cibus,
727 1028 765 1062 ut
794 1025 891 1062 intra
920 1038 990 1062 nos
1018 1025 1091 1076 ipsi
1121 1025 1372 1064 conscientiae
1400 1029 1552 1064 nostrae
1578 1030 1635 1064 te-

96 1089 272 1127 stimonio
311 1089 527 1134 sentiamus,
563 1094 599 1127 te
638 1102 721 1126 vere
757 1103 836 1127 esse
865 1089 987 1126 Deum
1016 1102 1059 1126 ac
1086 1090 1233 1128 Patrem
1263 1095 1448 1138 nostrum,
1475 1091 1540 1142 qui
1568 1104 1637 1129 nos

94 1153 238 1197 audias,
274 1166 416 1204 nosque
455 1153 617 1191 vicissim
647 1158 752 1191 tuum
780 1154 961 1205 populum
990 1158 1149 1206 tuosque
1178 1155 1269 1192 adeo
1298 1155 1409 1203 filios,
1436 1157 1637 1207 preciosis-

95 1218 189 1256 simo
225 1218 294 1256 filii
330 1219 387 1257 tui
423 1219 607 1269 sanguine
646 1224 898 1264 consecratos,
934 1221 1000 1271 qui
1029 1220 1123 1258 vivis
1164 1227 1200 1259 et
1229 1235 1364 1271 regnas
1394 1235 1477 1259 cum
1505 1222 1635 1260 eodem

93 1283 175 1334 ipso
211 1286 277 1321 tuo
313 1283 392 1321 filio
429 1296 473 1321 ac
509 1287 639 1322 sancto
679 1284 821 1335 Spiritu
856 1289 1030 1323 aeternus
1066 1299 1165 1324 unus
1201 1290 1237 1324 et
1273 1286 1397 1325 trinus
1424 1286 1527 1325 Deus
1554 1287 1636 1325 lau·

98 1347 313 1388 dandusin
342 1349 504 1388 saecula.
533 1349 698 1388 Amen.''

147 1476 274 1515 Finita
319 1477 388 1514 hac
431 1476 647 1528 precatione
685 1477 858 1515 hortatur
896 1477 1144 1516 Ecclesiastes
1181 1482 1298 1517 totam
1340 1478 1561 1527 Ecclesiam,
1596 1482 1636 1518 ut

96 1538 216 1589 ipsam
244 1539 389 1577 Coenae
416 1539 706 1587 institutionem,
732 1545 774 1580 ut
802 1546 857 1580 est
884 1556 906 1579 a
932 1543 1050 1580 Paulo
1078 1543 1228 1589 tradita,
1258 1544 1457 1594 diligenter
1484 1545 1637 1583 auscul-

97 1606 160 1642 tet.
205 1606 331 1654 Atque
357 1617 446 1642 mox
473 1605 605 1644 recitat
633 1605 757 1644 verbis
786 1606 975 1645 distinctis
1005 1607 1052 1645 ad
1082 1608 1182 1646 hunc
1208 1608 1363 1647 modum
1390 1609 1512 1660 ipsam
1540 1609 1637 1647 Coe-

99 1681 167 1706 nae
194 1669 490 1708 institutionem:

152 1734 291 1773 uHaec
328 1735 418 1773 dicit
464 1736 603 1774 Paulus
642 1737 847 1787 Apostolus
876 1737 924 1775 de
952 1738 1098 1775 Coenae
1127 1737 1349 1776 Dominicae
1375 1738 1636 1777 institutione:

103 1798 211 1849 ‘sEgo
237 1799 402 1850 accepi‚''
428 1800 564 1851 inquit,
595 1814 645 1838 ua
674 1800 852 1848 Domino,
880 1802 981 1853 quod
1004 1806 1039 1840 et
1058 1803 1198 1840 tradidi
1221 1803 1342 1842 vobis.
1373 1804 1518 1855 Nempe
1537 1804 1637 1855 quod

97 1863 283 1903 Dominus
310 1869 438 1902 noster
466 1865 572 1903 Iesus
602 1865 773 1903 Christus
802 1879 844 1903 ca
870 1866 951 1917 ipsa
981 1871 1102 1911 nocte,
1132 1881 1204 1919 qua
1231 1868 1473 1919 prodebatur,
1492 1869 1636 1920 accepit

97 1941 232 1979 panem
267 1933 302 1966 et
337 1930 431 1966 actis
464 1930 596 1979 gratiis
626 1930 738 1979 fregit
765 1944 808 1968 ac
837 1931 952 1969 dixit:
1008 1931 1095 1969 Hoc
1125 1946 1246 1970 meum
1275 1937 1330 1971 est
1359 1946 1506 1984 corpus,
1533 1933 1636 1984 quod

96 2007 162 2045 pro
192 1994 299 2031 vobis
327 1994 528 2044 frangitur,
556 1995 627 2033 hoc
655 1996 766 2033 facite
794 1996 831 2033 in
861 1998 973 2045 (248)
1003 1997 1075 2035 mei
1104 1998 1417 2038 recordationem.
1459 1999 1520 2036 Ad
1542 2011 1635 2036 eun-

99 2058 182 2096 dem
210 2058 364 2096 modum
392 2064 427 2097 et
454 2060 645 2110 poculum,
671 2061 739 2098 ubi
768 2066 973 2107 coenasset,
1002 2062 1152 2100 dicens:
1184 2062 1270 2100 Hoc
1297 2063 1475 2115 poculum
1495 2076 1634 2102 novum

98 2127 361 2161 testamentum
391 2130 445 2162 est
473 2125 511 2162 in
540 2138 622 2162 meo
651 2126 845 2175 sanguine,
876 2127 945 2164 hoc
973 2127 1097 2173 facite,
1127 2128 1273 2178 quoties
1302 2128 1486 2174 biberitis,
1506 2129 1546 2167 in
1565 2128 1636 2166 mei

98 2188 408 2228 recordationem.
464 2189 623 2227 Quoties
660 2190 759 2228 enim
798 2191 1033 2229 comederitis
1069 2205 1203 2242 panem
1241 2192 1353 2239 hunc,
1387 2197 1423 2231 et
1459 2194 1635 2244 poculum

101 2252 173 2290 hoc
200 2252 384 2298 biberitis,
411 2258 569 2291 mortem
598 2253 753 2292 Domini
782 2255 1036 2301 annunciatis,
1064 2256 1183 2294 donec
1212 2257 1349 2297 veniat.
1378 2258 1503 2307 Igitur
1530 2258 1636 2309 quis-

101 2315 185 2366 quis
221 2315 337 2352 ederit
373 2329 505 2366 panem
545 2316 643 2354 hunc
678 2322 742 2354 aut
779 2317 916 2356 biberit
953 2319 1127 2369 poculum
1166 2319 1321 2357 Domini
1355 2320 1524 2370 indigne,
1551 2334 1636 2358 reus

101 2381 171 2418 erit
210 2381 377 2432 corporis
406 2384 440 2418 et
470 2382 664 2430 sanguinis
693 2381 861 2422 Domini.
915 2383 1054 2421 Probet
1082 2388 1203 2422 autem
1234 2385 1345 2422 homo
1375 2399 1412 2423 se
1439 2386 1575 2437 ipsum,
1603 2390 1638 2424 et

101 2446 154 2484 sic
183 2446 227 2484 de
255 2460 349 2498 pane
375 2447 442 2484 illo
471 2447 555 2484 edat
584 2448 701 2498 deque
728 2449 865 2498 poculo
894 2449 959 2487 illo
989 2449 1106 2488 bibat.
1146 2450 1247 2487 Nam
1277 2451 1342 2502 qui
1370 2451 1447 2489 edit
1474 2456 1510 2490 et
1539 2452 1637 2490 bibit

101 2511 267 2561 indigne,
294 2512 474 2550 iudicium
506 2512 577 2549 sibi
604 2513 681 2551 edit
708 2518 743 2551 et
772 2514 881 2558 bibit,
908 2528 985 2552 non
1003 2515 1214 2552 diiudicans
1236 2529 1369 2568 corpus
1390 2517 1572 2555 Domini''
1591 2518 1636 2566 ¹).

152 2577 322 2614 Recitata
357 2577 403 2614 ad
434 2577 532 2615 hunc
559 2578 713 2615 modum
741 2592 785 2616 ex
814 2579 931 2617 Paulo
963 2580 1107 2618 Coenae
1136 2580 1359 2620 Dominicae
1386 2583 1638 2629 institutione,

100 2640 275 2679 admonet
308 2641 437 2692 paucis
473 2641 594 2679 denuo
632 2642 877 2681 Ecclesiastes
915 2649 1032 2682 totam
1069 2645 1277 2684 Ecclesiam
1315 2647 1360 2686 de
1397 2651 1561 2686 extrema
1598 2648 1637 2686 in

101 2704 202 2743 hisce
238 2706 345 2743 Pauli
381 2707 505 2744 verbis
543 2707 846 2754 comminatione,
882 2722 956 2759 qua
984 2709 1162 2747 iudicium
1193 2723 1258 2749 seu
1286 2711 1638 2751 condemnationem

101 2770 174 2807 sibi
209 2770 301 2822 ipsis
337 2771 443 2809 edere
478 2776 513 2809 et
552 2772 679 2810 bibere
716 2773 904 2820 dicuntur,
940 2775 1004 2826 qui
1043 2774 1198 2825 indigne
1224 2777 1451 2829 participant
1478 2779 1568 2829 pani
1594 2791 1638 2817 ac

100 2835 234 2884 poculo
263 2834 482 2874 Dominicae
509 2836 657 2875 Coenae
683 2836 785 2876 hisce
817 2838 962 2877 verbis:

147 2921 172 2959 ¹)
197 2921 214 2953 1
237 2921 310 2954 Cor.
335 2922 384 2953 11.

154 2962 213 3003 ΙΙ.
1442 2974 1488 3010 11
