1830 3147
197 110 256 158 [A.
284 111 329 147 D.
355 111 465 158 1555]
921 111 991 150 710

201 220 313 255 facere
343 218 380 255 id
415 218 556 254 omnino
582 217 742 254 debuisse
766 217 917 254 videbar.
966 218 1082 264 Quare
1116 218 1217 255 facile
1248 221 1303 256 est
1333 231 1403 255 non
1429 218 1578 266 amplius
1602 219 1719 255 memi-

200 280 303 324 nisse,
336 292 426 327 quae
459 279 526 315 iam
553 279 685 315 dudum
711 278 881 315 oblivioni
906 282 990 315 sunt
1015 280 1189 316 mandata.
1239 280 1358 327 Igitur
1382 292 1454 316 non
1479 282 1533 316 est
1557 279 1653 327 quod
1678 280 1721 316 de

199 342 313 377 animo
346 354 427 389 erga
459 343 496 377 te
530 354 605 377 meo
638 354 814 388 quaquam
849 341 991 377 omnino
1026 341 1176 385 dubites,
1201 342 1271 378 imo
1298 354 1393 385 vero,
1419 354 1490 389 qua
1513 344 1612 389 parte
1637 347 1674 377 te
1699 354 1719 377 a

202 416 254 439 me
280 403 449 439 offensum
475 415 549 439 esse
574 402 694 445 sentis,
720 402 756 438 id
780 402 864 438 mibi
889 402 949 438 abs
975 404 1011 438 te
1036 402 1225 439 condonari
1250 403 1366 451 cupio,
1393 405 1533 439 tantum
1558 402 1656 439 abest
1677 407 1720 439 ut

199 464 332 512 aliquid
365 464 565 500 offensionis
598 464 690 500 inter
715 476 778 500 nos
804 462 978 510 reliquum
1004 476 1078 500 esse
1104 463 1208 500 velim
1234 466 1274 510 ⁶).
1324 465 1395 501 Pro
1421 477 1505 501 eura
1529 463 1718 500 liberorum

199 539 353 564 meorum
379 526 485 562 liabeo
510 526 575 561 tibi
600 538 760 572 magnam
785 526 932 572 gratiam
951 527 993 573 ⁷),
1019 526 1060 562 de
1085 526 1213 573 quibus
1238 526 1339 574 plura
1364 526 1529 563 Molanus
1546 526 1629 573 ipse,
1648 538 1720 572 quo

201 601 293 624 nunc
327 600 535 623 amanuense
567 600 642 623 meo
676 589 820 634 propter
845 586 1005 623 morbum
1030 588 1085 623 uti
1110 600 1226 634 cogor.
1275 587 1364 624 Vale
1389 591 1425 624 et
1451 588 1576 624 fratres
1602 600 1721 624 omnes

201 652 236 685 et
261 649 389 685 amicos
415 649 498 685 meis
524 648 637 685 verbis
663 648 788 685 saluta.
815 649 962 685 Colonia
988 650 1051 698 [m.
1079 649 1166 685 Maii
1191 650 1300 697 1555]
1327 650 1370 698 ⁸).

242 761 267 800 ¹)
291 759 339 791 De
367 760 509 792 feliciore
535 760 596 791 hoc
628 762 727 802 temp.
748 760 1017 801 Euangelicorum
1040 761 1073 792 in
1095 760 1231 792 Polonia
1254 763 1340 793 statu
1363 762 1402 793 cf.
1426 761 1532 800 GRAY,
1560 762 1669 793 Gesclz.
1691 773 1720 794 v.

199 817 306 848 Palen.
327 817 353 848 Ι.
375 817 447 848 428.
469 817 677 855 ΙωΒῙΕΝεΚΥ,
701 827 729 848 0.
753 816 774 849 l.
797 828 828 859 p.
852 817 902 849 65.
926 818 1132 856 ΚκΑειΝεΚΥ,
1156 830 1184 850 o.
1208 817 1229 850 l.
1253 829 1283 860 p.
1307 818 1378 850 104.
1402 819 1428 857 2)
1452 819 1721 851 Sacramentarios

200 873 293 914 vulgo
325 873 515 904 Sebwc'c'rmer
545 872 564 904 a
587 872 779 904 Lutheranis
803 875 931 904 vocatos
956 884 1032 911 esse,
1057 876 1167 905 notum
1190 876 1247 906 est.
1292 875 1318 913 3)
1342 874 1557 905 Confirmatur
1579 875 1639 905 hoc
1662 875 1722 916 Ep.

197 929 285 960 Erici
309 929 442 960 Suediae
464 929 559 971 regis,
584 940 663 970 quae
686 932 867 960 asservatur
890 929 923 960 in
946 930 1013 961 Sor.
1035 929 1121 961 Eccl.
1147 930 1235 971 Belg.
1263 930 1348 971 sselg.
1372 930 1473 962 Loud.
1498 931 1526 963 l.
1549 931 1586 962 A.
1609 931 1664 962 IV.
1682 931 1720 961 15

197 987 277 1016 teste
311 985 419 1016 GERD.
447 996 471 1016 S.
502 996 529 1016 a.
559 985 623 1017 Hb.
653 984 726 1018 703.
769 986 796 1024 ⁴)
821 986 892 1018 Iok.
916 986 1100 1027 Sloenqrabe
1123 988 1154 1026 (†
1179 986 1272 1025 1597)
1297 986 1449 1018 Canonic.
1473 987 1579 1018 Brem.
1623 988 1648 1027 ⁵)
1672 986 1721 1018 De

200 1042 329 1074 Molano
354 1043 395 1073 cf.
419 1052 515 1083 supra
539 1053 588 1084 ep.
612 1043 651 1073 96
675 1053 705 1075 n.
729 1041 758 1075 7.
802 1043 828 1081 6)
852 1043 1017 1074 Hal-denb.
1041 1054 1175 1085 quoque,
1199 1043 1301 1074 inscio
1326 1043 1435 1081 Lasco,
1460 1043 1658 1074 Melanchth.
1681 1043 1721 1074 ad

200 1098 286 1130 Eccl.
308 1098 402 1129 Emd.
425 1098 626 1129 vocationem
649 1101 862 1140 promoverat.
886 1098 923 1129 V.
946 1109 1042 1140 supra
1064 1098 1124 1140 Ep.
1150 1099 1209 1130 103
1233 1109 1263 1129 n.
1289 1098 1316 1129 l.
1353 1098 1417 1129 Diu
1440 1098 1499 1129 hoc
1523 1098 1659 1129 Lascum
1681 1097 1724 1128 la-

197 1155 295 1185 tuisse
317 1154 452 1191 videtur,
477 1154 576 1185 donec
599 1153 797 1195 divulgatum
821 1165 915 1185 causa
938 1153 966 1185 ei
990 1154 1094 1191 fuerit,
1119 1155 1154 1185 ut
1177 1154 1318 1196 paullum
1342 1154 1486 1185 acerbius
1503 1153 1665 1186 Hardenb.
1681 1153 1721 1185 ob

198 1212 321 1242 tantam
350 1209 510 1241 amicitiae
533 1209 740 1241 violationem
764 1210 1004 1252 perstringeret.
1046 1210 1118 1241 Non
1141 1211 1298 1241 affirmare
1328 1209 1439 1247 ausim,
1463 1221 1502 1241 an
1524 1210 1602 1241 haec
1625 1209 1723 1241 fuerit

199 1277 258 1307 ep„
283 1265 372 1297 cuius
396 1266 508 1306 fragm.
532 1265 589 1296 sub
614 1266 673 1297 103
698 1265 865 1297 edidimus.
898 1265 1074 1296 Excusarat
1097 1276 1128 1296 se
1152 1265 1425 1306 Hardenbergms,
1450 1265 1501 1296 cui
1525 1265 1652 1296 demum
1675 1276 1723 1296 ex-

200 1322 358 1353 cusationi
388 1321 465 1353 haec
501 1322 592 1353 Lasci
626 1321 763 1363 epistola
796 1322 978 1363 respondet.
1021 1322 1048 1361 ⁷)
1072 1322 1207 1352 Videtur
1236 1321 1363 1358 Lascus,
1387 1321 1488 1352 Emda
1510 1321 1722 1362 profecturus,

201 1389 298 1409 unum
321 1378 495 1409 alterumve
519 1389 535 1409 e
557 1377 667 1409 liberis
690 1377 755 1408 suis
779 1377 928 1408 Bremam
952 1377 985 1408 in
1007 1379 1132 1418 tempus
1155 1377 1317 1408 Hardenb.
1332 1376 1548 1408 demandasse.
1591 1377 1618 1416 8)
1643 1377 1723 1407 Har-

199 1433 307 1464 ckenr.
331 1435 362 1464 et
385 1433 479 1464 Gerd.
501 1433 582 1464 hane
605 1443 655 1474 ep.
678 1432 718 1464 ad
741 1443 768 1463 a.
793 1433 875 1463 1554
898 1433 1049 1464 referunt.
1087 1432 1199 1463 Dicam
1223 1443 1284 1473 quo
1307 1432 1375 1462 iure
1397 1442 1438 1463 m.
1463 1431 1543 1462 Maii
1567 1432 1646 1462 1555
1671 1442 1723 1472 ap-

199 1485 371 1526 posuerim.
401 1485 534 1517 Scribit:
569 1496 641 1526 „ep.
669 1497 760 1526 quam
776 1488 967 1526 postremam
990 1496 1028 1516 ex
1054 1486 1159 1516 Fri-sia
1182 1485 1225 1516 ad
1247 1488 1277 1516 te
1299 1485 1441 1526 scrz'psi,”
1466 1485 1547 1517 unde
1570 1485 1721 1517 docemur

196 1552 267 1573 eum
289 1541 427 1573 Frisiam
450 1542 512 1572 iam
535 1542 712 1583 reliquisse,
736 1542 821 1583 quod
845 1544 1052 1573 confirmatur
1075 1542 1125 1579 iis,
1149 1552 1228 1583 quae
1252 1542 1309 1572 sub
1333 1542 1427 1572 finem
1451 1542 1540 1573 addit
1563 1541 1631 1579 „ad
1645 1541 1724 1573 labe-

188 1597 384 1638 factandam
406 1596 573 1628 ministerii
594 1597 686 1628 istic
707 1597 911 1639 meifidem.''
957 1598 1056 1628 Istic
1078 1598 1223 1639 profecto
1247 1608 1310 1628 non
1334 1597 1522 1638 scripsisset,
1556 1596 1631 1628 dum
1654 1597 1723 1638 ipse

199 1652 317 1684 Emdae
339 1655 599 1685 commoraretur.
633 1653 727 1695 Quod
759 1653 796 1684 de
819 1653 993 1685 liberorum
1017 1664 1092 1684 cura
1115 1655 1224 1684 monet
1246 1653 1355 1684 eodem
1379 1653 1509 1684 tendere
1532 1653 1668 1690 videtur,
1693 1655 1724 1684 et

199 1708 224 1740 si
248 1720 293 1747 ea,
317 1720 396 1750 quae
418 1709 451 1740 in
474 1709 534 1749 Ep.
558 1707 617 1741 107
641 1709 679 1740 de
702 1709 817 1740 itinere
840 1709 940 1751 ipsius
964 1709 1067 1740 obiter
1084 1708 1275 1746 indicantur,
1292 1719 1363 1740 cum
1379 1709 1438 1740 hae
1455 1719 1503 1750 ep.
1520 1708 1722 1745 conferimus,

203 1765 279 1797 satis
312 1776 424 1807 magna
457 1765 572 1797 fiducia
602 1767 739 1797 statuere
773 1765 857 1803 licet,
887 1765 1023 1797 Lascum
1061 1764 1141 1796 hanc
1175 1775 1223 1806 ep.
1255 1764 1407 1796 Coloniae
1440 1763 1615 1805 scripsisse,
1646 1763 1721 1795 dum

202 1820 350 1851 Francof.
372 1822 530 1861 pergeret.
560 1819 663 1851 Emda
685 1830 782 1861 quum
805 1820 968 1861 profectus
991 1819 1033 1850 sit
1056 1821 1162 1850 noster
1185 1822 1317 1850 exeunte
1340 1830 1382 1850 m.
1405 1819 1481 1859 Apr.
1504 1818 1594 1856 1555,
1617 1817 1657 1849 ad
1679 1829 1722 1849 m.

200 1875 323 1907 Maium
346 1875 440 1907 huius
463 1875 539 1907 anni
562 1886 610 1918 ep.
633 1877 775 1907 nostram
796 1875 1009 1907 revocandam
1032 1885 1109 1912 esse,
1133 1874 1319 1916 indigitasse
1343 1873 1420 1904 satis
1444 1877 1501 1905 est.

199 2054 263 2090 N‘’.
288 2053 369 2092 107.
1376 2051 1480 2098 [uera.
1497 2063 1517 2087 s.
1534 2063 1557 2086 a.
1575 2053 1629 2085 iva.
1648 2048 1723 2097 ⁴⁸5]

591 2172 648 2209 Ad
673 2173 952 2209 BULBJNGERUM
978 2174 1014 2207 et
1041 2173 1326 2208 anmnnrmiu.

246 2297 364 2342 Quum
388 2295 510 2332 relicta
534 2295 646 2331 Frisia
677 2295 745 2331 iter
769 2295 837 2331 hue
862 2306 976 2331 meum
1001 2293 1246 2337 instituissem,
1272 2293 1397 2329 fratres
1423 2293 1459 2328 in
1485 2292 1636 2329 Domino
1661 2292 1720 2328 ob·
1772 2321 1775 2324 .

199 2356 475 2393 servandissimi!
505 2356 574 2392 fuit
606 2355 689 2391 mihi
721 2356 813 2392 forte
839 2355 982 2391 fortuna
1008 2354 1175 2390 Coloniae
1198 2354 1236 2390 in
1261 2354 1386 2390 itinere
1411 2366 1487 2389 meo
1513 2352 1638 2389 obvius
1664 2353 1720 2387 Ia-

200 2417 308 2454 cobus
337 2419 376 2463 ¹),
407 2418 470 2463 qui
495 2429 573 2452 cuni
599 2415 727 2451 vestris
751 2415 794 2451 ad
819 2428 873 2450 me
897 2414 1011 2450 literis
1036 2413 1203 2450 Aemdam
1229 2413 1400 2449 veniebat.
1445 2412 1482 2447 Is
1506 2411 1617 2459 igitur
1641 2410 1718 2446 lite-

198 2491 252 2514 ras
278 2480 413 2514 vestras
437 2477 520 2513 mihi
546 2477 708 2520 reddidit,
733 2479 788 2514 ast
812 2475 960 2519 libellos,
986 2488 1075 2522 quos
1100 2475 1307 2519 mittebatis,
1333 2473 1476 2510 reddere
1500 2485 1571 2508 non
1588 2471 1719 2519 potuit,

200 2552 278 2576 nam
314 2539 351 2575 in
376 2539 458 2575 navi
483 2538 631 2585 quadam
656 2538 804 2586 repositi
834 2537 900 2573 iam
928 2537 1068 2573 fuerant
1094 2550 1172 2572 eum
1198 2536 1275 2572 aliis
1300 2535 1445 2572 sarcinis
1470 2533 1632 2570 Aemdam
1661 2532 1719 2568 de-

199 2598 356 2641 vehendi,
397 2591 600 2644 priusquam
641 2610 695 2632 me
736 2596 886 2633 Iacobus
912 2598 940 2643 2)
975 2596 1206 2638 convenisset,
1239 2595 1332 2630 unde
1364 2596 1484 2642 postea
1517 2604 1586 2628 non
1621 2590 1720 2627 facile

199 2658 301 2695 eximi
332 2662 506 2707 poterant.
555 2658 684 2704 Itaque
716 2657 798 2693 illos
831 2670 899 2692 non
933 2656 1017 2699 vidi,
1053 2656 1112 2692 sed
1146 2655 1322 2692 Micronio
1357 2658 1478 2690 nostro
1504 2659 1539 2688 et
1565 2652 1718 2688 Gerardo

199 2715 340 2761 Campio
366 2715 457 2750 tradi
481 2714 578 2749 iussi.
620 2714 757 2749 Literas
782 2716 900 2749 autem
925 2716 1060 2778 vestlras
1087 2725 1209 2759 magna
1234 2725 1313 2748 eum
1341 2711 1523 2757 voluptate
1548 2708 1627 2754 legi,
1653 2709 1719 2744 nisi

200 2776 295 2822 quod
330 2788 383 2811 me
407 2788 456 2818 ea,
483 2788 573 2822 quae
598 2777 651 2817 tu,
678 2775 724 2810 mi
749 2773 970 2820 Bullingere!
997 2773 1129 2816 scribis,
1156 2773 1198 2809 de
1222 2772 1494 2808 Foederatorum
1520 2772 1716 2805 vestrorum

201 2835 356 2873 consiliis
388 2836 574 2883 Papaeque
608 2835 791 2872 conatibus
828 2838 864 2870 et
897 2837 960 2869 tua
985 2833 1187 2870 valetudine
1211 2846 1282 2869 non
1307 2831 1432 2868 leviter
1457 2830 1720 2878 perturbarunt.

202 2899 318 2945 Cogor
349 2898 465 2934 autem
500 2909 592 2933 nunc
625 2896 769 2944 utrique
794 2898 950 2932 vestrum
976 2894 1056 2931 unis
1080 2898 1188 2941 atque
1212 2893 1333 2930 iisdem
1358 2891 1470 2930 literis
1497 2890 1717 2941 respondere,
