1830 3147
334 96 406 131 510
855 103 945 130 cnr.
976 103 1082 130 scer..
1114 103 1211 131 11110.

333 206 433 243 enim
462 204 670 256 spiritualis
699 208 767 251 est,
795 217 865 242 nos
893 204 1102 243 imbecilles
1129 210 1166 243 et
1194 206 1362 244 carnales
1391 207 1535 245 venditi
1563 208 1632 246 sub
1650 222 1738 260 pee-

334 273 472 309 catum.

970 333 1022 373 Q.
1051 336 1116 374 22.

383 397 472 435 Hoc
498 397 544 436 de
572 398 746 436 universo
775 399 994 436 mortalium
1012 412 1149 449 genere
1167 399 1275 447 dicis,
1294 400 1491 450 neminem}
1501 413 1581 440 esse
1596 414 1740 450 eorum,

333 462 398 513 qui
425 462 572 511 integre
600 462 696 512 Legi
724 463 982 513 obtemperare
1010 463 1159 501 valeat?

46 562 165 596 Psalm.
191 564 240 594 13.
587 589 594 597 .
914 590 921 597 .
1012 526 1080 598 R‘.
1176 590 1183 598 .
1397 592 1404 599 .

46 601 309 638 Romanorum-3·
384 589 631 628 Hauddubie.
660 590 731 628 Est
758 592 883 627 tamen
911 590 1107 628 lnchoatio
1135 590 1274 642 aliqua,
1306 592 1473 630 studium
1501 596 1537 630 et
1563 594 1739 632 voluntas

46 647 233 722 {offnzfflff}
332 652 580 703 praestandae
616 652 730 701 Legis
767 652 807 690 in
853 652 1042 699 fidelibus,
1076 666 1193 704 eaque
1231 654 1395 704 Spiritus
1429 655 1557 693 Sancti
1602 656 1741 694 virtute

46 702 309 765 Rssrssffffluffiffl
333 716 518 754 excitata:
546 716 651 754 nulla
676 715 828 753 interim
855 716 1037 767 perfectio
1065 717 1194 755 existit
1222 730 1317 768 quae
1342 717 1382 756 in
1400 718 1541 756 iudicio
1562 719 1633 757 Dei
1650 720 1741 758 sub·

45 774 247 849 {ggimffll'ffl
335 779 465 819 sistere
491 780 625 831 possit,
651 779 699 817 ad
727 779 845 818 vitam
873 779 1050 818 videlieet
1074 781 1375 831 promerendam.

973 908 1023 947 (2.
1053 911 1114 947 23.

46 990 308 1024 Romanorum.3.
384 973 480 1011 Cum
508 985 597 1022 ergo
625 974 780 1023 propter
808 975 966 1010 naturae
991 976 1145 1011 nostrae
1173 972 1479 1023 depravationem
1507 986 1629 1024 neque
1649 973 1743 1024 Legi

332 1051 397 1089 per
424 1037 550 1076 omnia
576 1036 737 1088 obsequi
763 1038 964 1088 possimus,
991 1051 1112 1088 neque
1132 1038 1274 1076 nostris
1293 1038 1472 1088 operibus
1490 1038 1604 1077 vitam
1623 1042 1742 1077 aeter-

334 1116 421 1141 nam
449 1101 597 1148 mereri,
623 1115 734 1153 quem
761 1101 801 1139 in
829 1102 944 1140 finem
971 1101 1072 1140 Deus
1100 1102 1249 1140 miseris
1285 1102 1462 1141 nobis·et
1488 1102 1645 1154 perditis
1672 1103 1742 1141 ho-

332 1166 501 1205 minibus
528 1167 648 1216 legem
677 1165 900 1217 proposuit?

47 1295 181 1327 Roman.
205 1297 235 1327 3.
383 1294 552 1331 Primum
591 1297 631 1331 ut
667 1293 862 1344 perspicue
899 1293 1013 1331 nobis
1048 1293 1098 1330 ob
1135 1293 1265 1331 oculos
1301 1297 1468 1343 poneret,
1504 1295 1633 1345 quales
1671 1308 1742 1333 nos

46 1337 183 1411 ἓξὲξ·
206 1339 236 1413 Ξ
333 1371 413 1396 esse
449 1361 632 1408 oporteat,
667 1361 704 1395 et
742 1357 833 1408 quid
870 1357 1085 1395 faciendum
1120 1357 1416 1407 fugiendumque
1453 1358 1741 1398 demonstraret.

47 1421 188 1455 Galatas,
210 1423 240 1455 3.
333 1421 479 1460 Deinde
506 1424 544 1459 et
568 1420 821 1471 potissimum,
850 1425 890 1457 ut
918 1420 1097 1471 quoniam
1126 1420 1253 1458 divina
1281 1421 1436 1465 iustitia,
1462 1435 1556 1471 quae
1582 1421 1622 1458 in
1643 1421 1742 1471 Lege

334 1499 509 1537 expressa
537 1489 605 1530 est,
633 1497 814 1531 caremus,
841 1488 998 1522 testetur
1025 1483 1137 1521 nobis
1166 1497 1186 1520 a
1213 1484 1289 1521 vita
1318 1488 1483 1529 aeterna,
1509 1485 1604 1531 iure,
1622 1498 1742 1535 quan-

333 1555 414 1589 tum
443 1549 594 1600 quidem
621 1549 662 1586 in
690 1548 801 1586 nobis
830 1552 898 1593 est,
925 1548 1070 1585 alienos
1098 1561 1168 1585 nos
1196 1561 1277 1586 esse
1314 1549 1450 1594 factos,
1487 1553 1524 1586 et
1552 1550 1628 1586 irae
1655 1549 1739 1594 Dei,

333 1612 576 1657 execrationi,
602 1611 716 1649 morti
744 1615 780 1649 et
808 1610 1117 1649 condemnationi
1142 1614 1296 1661 propter
1322 1614 1475 1661 peccata
1504 1618 1632 1649 nostra
1652 1611 1741 1650 sub-

332 1678 464 1717 iactos.

970 1740 1021 1778 Q..
1050 1742 1112 1778 24.

383 1806 499 1845 Unde
524 1806 643 1856 igitur
671 1804 900 1843 miserabilis
928 1804 1003 1851 hic,
1030 1804 1254 1842 maledictus
1283 1804 1410 1850 homo,
1437 1808 1632 1856 tantopere
1658 1805 1742 1854 lege
1771 1816 1776 1821 ·

333 1874 614 1917 consternatus,
632 1868 807 1908 solatium
834 1870 961 1919 petet?

47 2016 142 2048 Actu.
164 2015 194 2052 4,
218 2015 267 2047 13,
383 2000 473 2037 Non
502 2013 522 2037 a
551 1999 687 2049 seipso,
713 2010 832 2047 neque
861 1997 907 2033 ab
937 1997 1013 2034 ulla
1041 1997 1114 2033 alia
1143 2001 1321 2041 creatura,
1350 2010 1443 2046 quae
1471 2000 1534 2033 aut
1568 1998 1608 2034 in
1637 1998 1740 2035 coelo

49 2056 65 2089 Ῑ
90 2058 180 2089 Ioan.
203 2057 232 2088 9'·
333 2064 393 2110 sit,
422 2068 486 2101 aut
513 2064 553 2100 in
580 2067 692 2108 terra,
723 2061 786 2098 sed
816 2061 895 2098 sola
923 2060 998 2098 fide
1025 2061 1101 2109 [in]
1129 2061 1214 2108 (ab)
1241 2060 1448 2109 unieo[um]
1466 2060 1740 2109 mediatore[m]

47 2098 140 2131 Rom.
164 2099 192 2137 3,
218 2099 268 2130 10.
1251 2124 1258 2130 .

47 2141 183 2173 Roman.
207 2142 235 2177 l,
259 2141 309 2173 16,
333 2128 563 2177 nostropcm]
601 2131 637 2164 et
673 2125 932 2173 servatore[m]
971 2124 1133 2173 Iesu[m]
1171 2124 1438 2173 Ch1·1sto[¹ec772.]‚
1475 2137 1586 2174 quem
1614 2137 1741 2161 saero-

48 2184 190 2215 Galatas.
214 2181 243 2215 3·
335 2196 466 2230 saneta
505 2189 708 2238 Euangelii
749 2188 921 2226 doctrina
957 2189 1078 2238 aperit
1113 2188 1236 2226 nobis.
1292 2189 1353 2225 Ad
1389 2201 1499 2238 quem
1536 2200 1605 2225 nos
1640 2187 1740 2225 Deus

46 2225 255 2300 ἷὲἓιῖξᾷῃῖῖο,
334 2256 529 2308 proposita
566 2256 648 2304 lege
675 2258 856 2304 tanquam
886 2253 1104 2304 paedagogo
1131 2253 1309 2303 quopiam
1338 2252 1443 2289 ducit
1470 2257 1578 2301 urget
1606 2256 1642 2289 ct
1668 2252 1740 2288 im-

333 2321 452 2372 pellit.

971 2381 1021 2420 Q..
1050 2384 1110 2419 25.

386 2448 491 2488 Quid
520 2447 753 2485 discriminis
781 2446 879 2484 inter
906 2445 1047 2495 Legem
1074 2448 1111 2482 et
1137 2444 1387 2494 Euangelium
1417 2443 1614 2482 instituis?

1015 2573 1062 2611 R.

50 2666 173 2699 Roman
209 2666 248 2697 10
387 2642 444 2678 'Ex
482 2640 583 2689 Lege
620 2639 813 2683 discimus,
841 2637 971 2687 quales
999 2650 1069 2674 nos
1097 2649 1177 2674 esse
1205 2639 1387 2686 oporteat,
1415 2639 1451 2672 et
1477 2635 1567 2685 quid
1594 2635 1737 2673 facien-

49 2691 227 2740 Deuteron.
250 2692 280 2738 ὸ.
336 2705 426 2742 dum
464 2704 512 2741 sit
548 2702 846 2752 fugiendumque
871 2700 1105 2750 requiritque
1132 2713 1153 2736 a
1181 2698 1291 2736 nobis
1318 2698 1531 2735 absolutam
1560 2698 1737 2735 omnibus

49 2750 300 2783 Deuteron.18.
336 2768 413 2806 suis
451 2765 617 2805 numeris
653 2764 920 2807 obedientiam,
954 2763 1176 2801 maledictos
1211 2760 1466 2812 pronuncians
1503 2773 1645 2808 omnes,
1671 2762 1737 2812 qui

48 2792 162 2824 Exodi.
185 2792 234 2824 20.

48 2834 164 2866 Marci.
186 2834 224 2866 X·
336 2831 409 2870 sibi
446 2843 523 2868 non
560 2829 706 2878 integre
739 2829 1014 2878 obsequuntur,
1048 2825 1235 2876 promittit
1262 2824 1410 2873 quidem
1439 2824 1736 2862 misericordiam
