1830 3147
791 127 859 166 '733
1299 127 1365 174 [A.
1389 127 1434 164 D.
1460 126 1572 174 1556]

38 243 226 288 oporteret.
267 239 321 275 Ac
345 238 428 274 haec
454 248 535 272 vero
560 236 740 284 Philippus
771 226 923 273 inetur·
951 235 1065 284 inquit
1092 247 1154 271 nne
1181 235 1299 271 literae
1324 236 1462 284 quidem
1488 235 1573 273 istae

38 303 103 339 tibi
134 300 320 350 quidquam
346 298 535 347 proderunt
558 298 711 334 omnino.
759 297 794 333 Si
821 310 873 333 me
899 297 1032 339 audias,
1060 309 1172 344 neque
1199 296 1409 345 colloquium
1435 302 1577 345 expetes

41 362 161 403 ullum,
187 373 297 410 neque
324 359 439 396 literas
467 358 556 394 ullas
583 357 717 399 reddes,
756 358 826 394 imo
862 369 904 393 ne
929 357 988 393 diu
1024 358 1160 405 quidem
1192 357 1264 394 illic
1290 358 1455 394 haerebis.
1497 359 1577 395 Hoc

41 433 154 458 meum
179 420 255 458 est”
282 420 392 468 inquit
419 419 637 460 nconsilium,
661 422 698 454 tu
725 418 791 454 iam
817 420 965 459 statues.
993 418 1086 465 quod
1113 417 1219 455 voles.
1253 418 1388 455 Literas
1407 419 1578 466 Principis

42 483 232 520 Hessorum
249 482 318 518 tuis
344 480 494 517 inclusas
522 480 601 516 mihi
630 479 835 527 relinqueto‚
859 492 923 527 ego
948 479 1025 515 illas
1050 491 1182 515 rursum
1210 481 1395 521 remittam,
1423 492 1500 516 cum
1527 481 1581 517 tui

40 544 104 581 hae
136 544 172 580 in
197 546 293 590 parte
318 542 574 578 excusatione.''
627 541 727 577 Haec
749 553 883 576 summa
907 541 1130 576 consiliorum
1157 541 1297 577 Domini
1323 541 1476 589 Philippi
1500 542 1578 583 fuit,

41 603 279 640 Illustrissime.
310 603 500 649 Princeps!
529 606 564 637 ct
592 602 754 649 quoniam
791 605 873 637 tuae
908 613 1049 648 qnoque
1075 601 1283 638 Celsitndini
1310 603 1360 638 ita
1385 601 1581 645 videbatur,

40 667 80 700 ut
112 664 184 700 sine
220 663 268 699 D.
291 663 443 710 Philippi
470 662 616 698 consilio
643 662 727 698 nibil
753 662 894 698 omnino
920 674 1067 709 agerem,
1096 664 1201 709 atque
1227 675 1290 709 ego
1316 663 1388 709 ipse
1414 663 1581 711 intellige-

37 737 121 765 rem.
157 736 238 760 vera
261 736 337 760 esse-
362 725 487 766 omnia,
516 735 603 771 quae
628 723 779 765 dicebat,
810 723 956 759 libenter
981 735 1056 759 sum
1083 723 1236 771 alioquin
1261 723 1473 771 obsequutus
1499 736 1581 760 con-

38 786 117 822 silio
142 786 250 822 illius.
274 785 400 833 Itaque
425 785 543 821 literas
567 796 700 820 rursum
729 797 749 820 a
774 788 836 820 tua
863 783 1080 820 Celsitudiue
1105 783 1148 820 ad
1175 784 1370 831 Principem
1386 784 1582 822 Electorem

39 847 186 894 scriptas
213 850 292 882 tuae
318 845 526 882 Celsitudini
553 846 690 881 remitto
715 850 750 881 et
774 846 904 892 gratias
930 848 1010 881 tuae
1050 845 1257 881 Celsitudini
1282 846 1484 893 suppliciter
1505 859 1583 894 ago.

39 909 130 956 quod
157 907 235 944 illas
261 907 342 943 mihi
368 907 450 943 dare
476 907 620 954 dignata
645 908 689 943 sit
714 908 758 943 ad
784 919 909 942 causae
936 919 1030 942 meae
1055 906 1407 942 commendationem.
1457 908 1581 944 Caete-

41 977 116 1003 rum
151 967 260 1003 habeo
285 967 461 1015 {quasdam
497 968 739 1015 cogitationes,
765 967 1008 1003 Illustrissime
1042 967 1233 1014 Princeps!
1262 979 1352 1015 quae
1377 968 1418 1003 ad
1445 979 1584 1005 conser-

43 1028 190 1064 vandam
229 1029 337 1065 totius
366 1028 504 1076 Imperii
539 1029 775 1070 autoritatem,
811 1040 886 1064 nico
911 1028 1049 1076 quidem
1076 1028 1216 1068 iudicio,
1241 1028 1396 1064 nonnihil
1421 1029 1584 1066 videntur

42 1090 226 1137 pertinere,
262 1088 323 1124 sed
350 1101 406 1125 eas
433 1100 526 1125 nunc
551 1101 609 1136 per
635 1090 797 1135 temporis
822 1089 970 1135 inopiam
996 1100 1166 1136 exponere
1191 1100 1261 1124 non
1288 1101 1438 1136 possum,
1464 1094 1580 1126 tamen

42 1151 80 1188 id
113 1152 148 1188 in
185 1151 379 1198 praesentia
413 1150 524 1186 obiter
561 1153 641 1185 tuae
666 1149 878 1185 Celsitudini
903 1149 998 1185 volui
1023 1149 1186 1191 indicare,
1211 1154 1252 1184 ut
1278 1151 1439 1185 maiorem
1463 1149 1506 1186 de
1532 1150 1584 1187 his

43 1215 161 1260 postea
185 1211 401 1248 occasionem
429 1210 569 1247 habeam
597 1211 770 1247 scribendi
794 1210 839 1247 ad
865 1214 958 1247 tuam
987 1210 1251 1247 Celsitudinem.
1302 1210 1345 1246 In
1373 1211 1481 1257 patria
1507 1224 1581 1247 mea

42 1274 109 1309 iam
147 1271 318 1307 habentur
351 1271 503 1307 Comitia
543 1275 578 1307 et
618 1275 781 1319 coeptum
825 1274 879 1307 est
916 1271 984 1307 iam
1022 1271 1076 1318 agi
1101 1270 1144 1305 de
1169 1271 1382 1307 restituenda
1407 1271 1582 1319 religione,

44 1344 150 1381 quare
187 1332 268 1368 mihi
302 1333 369 1368 iam
407 1332 509 1367 etiam
536 1331 603 1367 iter
628 1343 740 1366 meum
767 1332 960 1367 necessario
985 1330 1245 1368 accelerandum
1272 1332 1349 1367 erit.
1399 1331 1505 1370 Quod
1529 1344 1586 1368 su-

47 1398 172 1440 perest.
206 1391 410 1428 commendo
443 1405 497 1427 me
526 1395 563 1427 et
587 1403 662 1428 mea
688 1391 802 1427 omnia
827 1391 1030 1439 suppliciter
1055 1390 1266 1428 Celsitudini
1292 1396 1384 1434 tuae,
1409 1396 1446 1428 et
1472 1393 1584 1429 Deum

50 1466 111 1490 oro
137 1458 175 1489 ut
200 1453 359 1489 omnibus
385 1452 612 1488 Celsitudinis
638 1455 719 1488 tuae
744 1451 896 1488 consiliis
921 1456 1026 1500 atque
1050 1451 1245 1489 actionibus
1269 1455 1305 1487 et
1330 1453 1396 1488 toti
1420 1453 1506 1489 adeo
1530 1454 1591 1489 do·

50 1515 119 1550 mui
146 1514 256 1561 ipsius
285 1514 413 1549 Divina
438 1526 498 1549 sua
525 1514 637 1561 gratia
661 1513 849 1549 clementer
876 1512 1068 1550 benedicat.
1096 1513 1220 1549 Amen.
1274 1512 1498 1561 Witcbergae
1525 1526 1587 1550 un-

46 1574 179 1610 decima
206 1573 412 1610 Novembris
438 1574 543 1610 Anno
576 1575 680 1610 1556.
1133 1570 1135 1574 ’

638 1633 735 1670 Tuae
762 1633 971 1670 Celsitudini
997 1633 1259 1669 Illustrissimae
1285 1633 1542 1670 addictissimus

870 1696 1037 1731 loannes
1062 1695 1082 1730 ἐι
1109 1695 1231 1731 LAsco
1256 1707 1299 1731 m.
1326 1707 1376 1742 pr.

89 1792 115 1832 ¹)
139 1791 176 1823 In
200 1802 359 1834 gynaeceo
383 1802 534 1834 personas
558 1791 629 1823 illas
652 1791 794 1831 latuisse,
818 1792 886 1835 ipse
910 1793 1028 1825 diserte
1052 1795 1163 1825 narrat
1187 1792 1219 1824 in
1245 1793 1305 1835 Ep.
1332 1794 1403 1826 124.

49 1999 112 2035 N⁰.
133 1999 215 2035 124.
783 1999 944 2047 [Fuessli‚
960 2001 999 2042 Ep.
1017 2001 1066 2033 nes.
1082 2001 1145 2033 llelv.
1158 2011 1180 2043 p.
1196 2002 1250 2034 387.
1267 2002 1354 2035 (ἰατά.
1369 2014 1393 2037 o.
1411 2003 1429 2039 Ι.
1444 2004 1492 2037 llb.
1511 2002 1586 2050 730]

634 2119 691 2158 Ad
721 2121 1010 2156 BULLINGERUM.

99 2241 136 2278 S.
171 2242 362 2276 Oraveram
405 2241 594 2277 Dominum
620 2240 858 2278 Valerandum
883 2240 1054 2278 Polanum
1084 2244 1111 2287 ¹)
1137 2241 1172 2278 in
1196 2253 1272 2278 meo
1297 2254 1339 2278 ex
1364 2242 1591 2279 Francfordia

54 2299 164 2342 abitu,
199 2299 276 2336 Viri
313 2301 454 2336 Fratres
479 2301 514 2337 in
541 2301 691 2337 Domino
715 2301 940 2338 observandi!
968 2305 1008 2337 ut
1032 2314 1094 2338 vos
1120 2302 1163 2338 de
1188 2302 1291 2339 rebus
1316 2303 1399 2340 meis
1424 2304 1589 2340 certiores

51 2361 190 2397 faceret.
239 2361 334 2396 Nota
367 2362 457 2396 enim
495 2361 544 2397 illi
580 2366 681 2398 erant
704 2363 818 2398 omnia
843 2366 879 2398 et
904 2375 968 2410 ego
996 2366 1148 2410 tempore
1183 2369 1267 2399 tunc
1303 2363 1345 2399 ad
1371 2364 1588 2401 scribendum

51 2421 193 2456 omuino
217 2420 437 2457 excludebar.
473 2422 595 2470 Neque
621 2422 757 2465 dubito,
796 2422 830 2458 id
856 2423 953 2458 illum
980 2424 1117 2466 fecisse,
1151 2435 1190 2460 ac
1218 2424 1360 2471 proinde
1387 2424 1484 2460 vobis
1510 2436 1588 2461 cau.

55 2493 112 2517 sas
138 2493 257 2517 omnes
283 2482 393 2517 nostri
419 2483 574 2530 suscepti
600 2484 733 2520 itineris
758 2484 916 2532 cognitas
941 2484 1007 2521 iam
1035 2496 1108 2521 esse
1135 2488 1231 2532 puto.
1270 2485 1374 2522 Nunc
1399 2486 1503 2521 etiam
1530 2498 1590 2522 vo·

55 2541 106 2576 bis
133 2540 282 2576 indicare
310 2542 403 2577 volui
428 2543 560 2579 itineris
586 2544 754 2580 hactenus
779 2545 888 2581 nostri
914 2557 1119 2587 successum,
1145 2550 1184 2581 ut
1212 2547 1361 2582 Domino
1380 2546 1455 2583 Deo
1472 2550 1591 2583 nostro

56 2613 117 2648 pro
143 2600 270 2637 Divina
297 2601 509 2648 benignitate
534 2604 639 2650 ipsius
664 2604 844 2641 nobiscum
871 2618 938 2641 una
963 2606 1074 2652 agatis
1102 2606 1243 2652 gratias,
1271 2607 1462 2654 vestrisque
1489 2619 1590 2654 porro

57 2661 161 2697 etiam
188 2661 346 2708 precibus
374 2663 571 2699 institutum
600 2664 663 2702 hoe
688 2666 755 2700 iter
779 2670 935 2701 nostrum
961 2667 1010 2702 illi
1037 2667 1070 2702 in
1098 2670 1211 2702 vestra
1236 2667 1392 2704 Ecclesia
1416 2679 1589 2704 commen-

54 2721 158 2756 detis.
213 2723 334 2758 Habeo
371 2723 453 2758 mihi
484 2723 688 2760 adiunctum
716 2725 886 2762 Achatem
923 2726 1159 2762 fidelissimum
1185 2727 1372 2763 Dominum
1398 2728 1587 2765 Iohannem

56 2781 305 2820 Utenhovium.
341 2784 446 2820 Hunc
486 2785 568 2821 milii
607 2787 752 2823 adiunxi
789 2788 940 2823 omnium
967 2788 1190 2824 consiliorum
1216 2801 1369 2826 meorum
1394 2790 1526 2826 socium
1552 2793 1589 2826 ct

58 2841 275 2886 monitorem,
307 2845 417 2881 sicubi
447 2846 482 2881 in
511 2859 562 2882 me
587 2847 715 2895 aliquid
742 2850 942 2896 requireret,
978 2849 1077 2885 cuius
1101 2849 1228 2897 alioqui
1252 2851 1416 2897 pietatem
1444 2851 1588 2897 integri·

57 2905 164 2941 taten
191 2915 230 2941 ac
256 2904 419 2943 iudicium
449 2907 544 2944 vobis
570 2910 748 2956 perspecta
772 2921 847 2946 esse
881 2913 980 2958 puto.
1027 2910 1241 2948 Divertimus
1264 2915 1380 2949 autem
1406 2912 1440 2949 in
1466 2914 1586 2951 nostro
