1830 3147
177 119 251 159 174

171 231 283 269 modo
321 231 485 269 fructum
524 229 829 268 admonitionum
869 236 1085 269 nostrarum
1121 245 1202 270 esse
1238 233 1442 272 videamus.
1497 233 1582 272 Etsi
1615 234 1714 272 enim

173 296 321 346 singula
349 295 517 333 membra
544 295 584 333 in
613 309 679 333 suo
709 296 830 333 officio
857 296 1013 334 retineri
1043 309 1121 334 non
1147 301 1322 348 possunt,
1350 311 1438 336 cura
1465 298 1577 336 nobis
1591 302 1716 337 tamen

171 367 367 413 propterea
405 361 520 399 totius
556 360 751 399 Ecclesiae
787 375 866 400 non
894 365 950 400 est
977 362 1275 408 intermittenda,
1303 364 1368 401 sed
1395 371 1451 402 est
1478 364 1716 402 admonenda

123 420 125 422 ’
171 427 354 470 Ecclesia,
382 430 424 465 ut
452 426 525 464 sibi
552 426 599 465 ab
628 427 845 466 istiusmodi
874 427 1198 479 contemptoribus
1228 429 1449 480 disciplinae
1477 429 1717 468 Ecclesiasti-

171 493 350 540 (278)0ae
386 491 562 543 deinceps
601 497 740 539 caveat,
777 507 824 531 ne
862 493 976 530 simili
1013 493 1272 543 indulgentiae
1307 495 1345 532 in
1384 495 1546 546 peccatis
1585 498 1715 533 conta-

170 557 284 606 gione
320 556 523 597 inficiatur.
577 557 627 596 Et
665 562 940 610 contemptores
975 557 1048 609 ipsi
1083 559 1277 596 resecandi
1305 564 1393 601 sunt
1421 574 1441 597 a
1468 560 1612 611 reliquo
1640 560 1715 598 Ec-

173 622 307 660 clesiae
345 635 500 674 corpore
534 636 600 675 per
635 623 828 674 publicam
857 623 1203 669 denunciationem,
1229 629 1272 663 ut
1302 629 1336 663 et
1368 626 1534 664 Ecclesia
1562 625 1669 672 sciat,
1696 638 1717 663 a

172 687 310 738 quibus
339 688 412 725 sibi
442 701 572 726 cavere
601 688 746 734 debeat,
772 693 820 732 et,
848 689 913 740 qui
941 693 1145 741 peccarunt
1173 690 1213 727 in
1242 691 1527 729 contemnendis
1542 690 1716 729 admoni-

171 753 355 799 tionibus,
393 753 558 791 sentiant
587 767 625 792 se
652 754 764 792 etiam
793 768 814 791 a
843 755 1022 792 societate
1052 755 1320 793 Ecclesiastica
1348 760 1383 794 et
1411 757 1515 794 omni
1543 756 1718 808 deinceps

173 831 244 855 usu
281 817 516 869 disciplinae,
563 811 744 869 tanquam
783 818 997 870 deploratos
1038 819 1221 866 homines,
1259 821 1431 858 exclusos
1469 834 1561 865 esse,
1596 835 1716 872 neque

172 883 274 921 aliud
304 883 377 921 sibi
404 884 477 921 iam
506 884 553 921 ab
582 884 752 922 Ecclesia
781 884 1055 935 expectandum
1084 898 1177 932 esse,
1205 899 1317 937 quarn
1345 886 1446 937 quod
1466 886 1593 924 eiectis
1614 900 1633 924 e
1653 900 1714 924 so-

174 947 306 985 cietate
343 947 468 999 aliqua
497 962 568 986 usu
605 949 731 986 venire
769 949 875 987 solet.
932 948 1090 1000 Nempe,
1127 955 1179 995 ut,
1216 951 1289 988 nisi
1326 952 1472 1002 culpam
1499 951 1580 1002 ipsa
1609 965 1713 989 suam

171 1018 381 1062 agnoscant
419 1027 562 1065 proque
599 1013 664 1052 illa
694 1014 841 1052 veniam
868 1019 999 1065 petant
1027 1019 1062 1053 et
1091 1029 1129 1053 se
1156 1029 1305 1054 rursum
1335 1016 1526 1054 Ecclesiae
1555 1030 1619 1068 per
1644 1031 1715 1068 pu-

176 1079 311 1117 blicam
339 1079 610 1130 poenitentiam
638 1080 896 1125 reconcilient,
924 1093 1117 1132 nunquam
1148 1081 1223 1119 sint
1251 1082 1408 1119 omnino
1435 1081 1475 1119 in
1505 1081 1713 1120 Ecclesiam

170 1143 388 1194 recipiendi.

223 1211 283 1247 10.
338 1208 527 1253 Diximus,
564 1213 840 1260 contemptores
879 1209 1098 1260 disciplinae
1135 1210 1339 1248 tradendos
1376 1224 1455 1248 esse
1484 1212 1655 1257 Satanae,
1683 1211 1715 1248 si

171 1286 246 1324 quo
283 1273 396 1311 modo
432 1272 470 1310 in
507 1273 582 1311 illis
619 1278 656 1311 et
693 1287 776 1311 caro
813 1274 979 1320 interire,
1016 1274 1116 1325 quod
1144 1275 1190 1313 ad
1220 1275 1298 1312 eius
1326 1274 1476 1313 affectus
1504 1276 1651 1322 attinet,
1679 1280 1715 1313 et

171 1338 323 1390 spiritus
368 1351 433 1389 per
478 1338 779 1389 resipiscentiam
823 1340 964 1377 servari
1011 1339 1160 1377 demum
1197 1339 1330 1391 possit,
1369 1344 1408 1377 ut
1444 1341 1718 1389 intelligamus,

170 1407 310 1454 quanta
345 1416 467 1454 poena
504 1407 780 1454 contemptores
816 1404 1033 1442 istiusmodi
1069 1409 1230 1448 maneat,
1257 1405 1331 1442 nisi
1359 1405 1398 1443 in
1427 1410 1593 1456 tempore
1621 1405 1713 1442 resi-

168 1469 328 1519 piscant,
364 1473 400 1506 et
434 1482 580 1506 rursum
619 1469 1046 1507 excommunicationem
1074 1469 1114 1507 in
1144 1469 1325 1513 Ecclesia,
1353 1483 1430 1508 non
1459 1471 1505 1508 ad
1534 1471 1712 1509 condem-

169 1533 317 1570 nandos
361 1546 450 1570 sane
497 1533 669 1571 homines
710 1533 922 1571 institutam
960 1547 1051 1580 esse,
1088 1534 1152 1572 sed
1191 1535 1236 1572 ad
1275 1535 1493 1572 liberandos
1530 1536 1656 1586 potius
1693 1550 1713 1573 a

170 1601 464 1636 commonstrata
486 1598 800 1636 condemnatione
818 1612 884 1649 per
903 1599 1232 1649 publi-(279)cam
1253 1599 1710 1650 pudefactionem,—im-

168 1662 305 1713 pietate
342 1676 428 1700 vero
456 1667 585 1700 nostra
615 1667 727 1714 atque
754 1663 995 1701 induratione
1022 1664 1061 1701 id
1089 1665 1181 1708 fieri,
1210 1669 1262 1709 ut,
1291 1665 1605 1715 quemadmodum
1633 1665 1713 1703 Lex

169 1728 217 1764 ad
246 1727 360 1767 vitam
389 1727 532 1779 alioqui
561 1728 660 1773 data,
684 1729 724 1765 in
752 1732 911 1766 mortem
940 1728 1051 1766 nobis
1080 1729 1329 1767 nihilominus
1360 1730 1470 1767 cessit
1497 1743 1560 1781 per
1591 1731 1713 1768 carnis

170 1796 322 1830 nostrae
351 1793 599 1844 corruptelam
622 1793 667 1840 ¹),
694 1793 746 1831 ita
773 1798 809 1831 et
825 1793 1180 1838 excommunicatio,
1200 1794 1239 1831 in
1259 1795 1462 1832 remedium
1483 1795 1711 1833 condemna-

169 1858 285 1896 tionis
323 1863 473 1895 nostrae
508 1858 696 1903 instituta,
733 1858 840 1896 cedat
876 1859 1126 1897 nihilominus
1162 1859 1314 1897 tandem
1342 1860 1496 1897 tandem
1522 1860 1563 1897 in
1590 1860 1710 1910 ipsam

171 1923 537 1962 condemnationem.
592 1924 652 1962 Ita
690 1937 778 1975 sane
815 1931 851 1962 et
878 1925 943 1975 qui
971 1930 1057 1962 sunt
1083 1929 1188 1962 extra
1217 1924 1439 1969 Ecclesiam,
1465 1925 1587 1976 palam
1616 1926 1710 1962 alio—

170 1988 236 2039 qui
272 1987 485 2039 blasphemi
511 2001 554 2025 ac
582 1988 764 2038 flagitiosi
793 1988 978 2034 homines,
1006 1989 1168 2039 denique
1196 1994 1231 2026 et
1259 1989 1430 2038 Tyranni
1456 1994 1493 2026 et
1521 1989 1713 2026 Haeretici

169 2051 324 2103 publici,
362 2064 440 2088 non
477 2051 649 2102 equidem
688 2052 773 2089 ideo
810 2052 910 2103 apud
939 2052 1151 2090 Ecclesiam
1179 2053 1329 2104 publice
1357 2052 1644 2100 denunciantur,
1671 2059 1713 2091 ut

170 2131 235 2169 per
269 2117 454 2155 eiusmodi
491 2117 821 2156 denunciationem
858 2131 947 2155 orco
984 2118 1197 2164 tradantur,
1235 2118 1298 2156 scd
1326 2118 1494 2169 ipsorum
1520 2119 1713 2170 impietate

169 2186 283 2233 atque
318 2181 576 2220 obstinatione
611 2183 666 2228 fit,
703 2188 745 2220 ut
781 2183 820 2221 in
855 2183 1070 2221 istiusmodi
1108 2183 1469 2221 denunciationibus
1507 2197 1611 2221 suam
1639 2183 1712 2235 ipsi

170 2247 522 2285 condemnationem
559 2261 763 2297 agnoscere
801 2253 997 2298 cogantur,
1035 2249 1123 2287 dum
1162 2249 1245 2286 illas
1282 2249 1500 2299 praesertim
1527 2249 1598 2287 niti
1626 2263 1710 2287 sen-

167 2313 269 2352 tiunt
294 2314 435 2352 invicta
465 2313 570 2351 verbi
598 2313 730 2351 Divini
756 2314 969 2352 autoritate.
999 2314 1113 2351 Unde
1133 2319 1167 2352 et
1187 2328 1206 2351 a
1227 2314 1344 2361 Paulo
1366 2316 1709 2365 κῦτοκοιτάκριτσι

170 2383 352 2416 vocantur
372 2377 417 2427 ²).
474 2378 761 2416 Denunciantur
797 2391 910 2429 porro
948 2379 1046 2429 apud
1084 2379 1295 2416 Ecclesiam
1332 2379 1498 2428 tyranni,
1535 2378 1711 2416 haeretici

167 2444 366 2494 palamque
403 2443 610 2495 blasphemi
649 2456 692 2481 ac
728 2443 909 2492 flagitiosi
938 2443 1120 2488 homines,
1149 2458 1194 2481 ne
1223 2457 1296 2494 quo
1326 2444 1437 2480 modo
1465 2443 1631 2480 Ecclesia
1662 2443 1708 2480 ab

168 2508 244 2547 illis
277 2513 457 2560 tanquam
493 2523 513 2547 a
550 2510 699 2547 furibus
736 2522 778 2546 ac
815 2509 1027 2547 latronibus
1064 2510 1209 2560 lupisvc
1247 2514 1311 2546 aut
1348 2509 1430 2546 aliis
1468 2508 1592 2546 noxiis
1619 2508 1709 2546 feris

169 2574 380 2625 impleatur,
428 2574 468 2611 id
496 2575 596 2625 quod
625 2574 768 2625 alioqui
796 2577 831 2611 et
852 2573 899 2611 ab
926 2574 1089 2625 ipsomet
1118 2575 1269 2612 Christo
1300 2574 1463 2611 Domino
1492 2578 1528 2611 et
1556 2574 1602 2610 ab
1631 2574 1709 2611 eius

169 2637 368 2689 Apostolis
395 2638 538 2676 factum
567 2639 752 2677 videmus.

222 2703 417 2740 Habemus
451 2703 568 2752 igitur
605 2703 681 2740 iam
717 2702 922 2754 explicatas
949 2706 1061 2753 atque
1089 2705 1200 2752 (280)
1229 2702 1451 2754 approbatas
1479 2707 1601 2753 partes
1628 2717 1708 2742 om-

170 2780 235 2805 nes
263 2772 414 2804 nostrae
443 2767 552 2804 huius
582 2767 830 2806 diffinitionis
868 2766 983 2805 Nunc
1011 2771 1139 2811 restat,
1166 2773 1209 2805 ut
1236 2781 1308 2817 qua
1338 2767 1375 2804 in
1404 2780 1442 2804 re
1469 2767 1707 2817 potissimum

171 2845 257 2870 usus
288 2831 507 2882 disciplinae
534 2831 823 2870 Ecclesiasticae
851 2831 997 2882 positus
1027 2832 1086 2878 sit,
1115 2833 1318 2871 videamus.

165 2900 175 2903 “
217 2920 241 2961 ¹)
266 2920 358 2951 Rom.
381 2919 409 2952 7.
872 2921 899 2959 2)
923 2919 986 2950 Tit·
1011 2919 1039 2950 3·
