1830 3147
218 163 291 202 226

220 277 411 325 neglectae
446 275 683 326 potissiinum
721 275 819 313 inter
858 275 1056 313 Ministros
1081 276 1184 327 ipsos
1224 276 1513 315 Ecclesiasticae
1539 275 1761 328 disciplinae

219 340 468 392 proculdubio
505 340 695 387 debemus,
733 355 826 392 quae
861 341 892 379 si
928 344 1073 379 extaret
1108 342 1394 393 legitimumque
1428 355 1537 381 suum
1573 355 1681 380 usum
1717 342 1758 379 in

224 406 393 443 Ecclesia
431 405 597 451 haberet,
633 419 753 457 neque
789 419 876 444 sane
904 406 1009 443 verbi
1039 405 1224 445 Ministris
1251 408 1380 445 liceret
1414 407 1646 456 negligentes
1680 420 1760 445 esse

219 471 258 507 in
304 470 381 507 suis
427 469 528 521 apud
564 470 831 520 Magistratum
867 470 1205 517 admonitionibus,
1239 485 1361 522 neque
1398 471 1645 520 Magistratus
1679 471 1760 523 ipse

219 536 308 574 item
343 549 412 587 pro
448 535 733 587 DeipMinistro
759 536 799 574 in
828 536 905 573 eius
935 536 1105 574 Ecclesia
1134 537 1346 581 haberetur,
1373 537 1404 575 si
1432 537 1611 575 adversus
1639 536 1759 574 Mini-

219 606 382 639 strorum
427 601 616 651 legitimas
661 615 705 640 ex
750 601 864 640 verbo
910 601 979 639 Dei
1019 602 1296 641 admonitiones
1331 602 1572 654 pertinaciter
1616 601 1757 653 aliquid

217 671 329 718 atque
374 667 564 705 obstinate
605 669 850 716 age-(511)re
893 667 934 705 in
981 666 1151 705 Ecclesia
1195 669 1319 713 vellet,
1363 667 1678 720 quemadmodum
1713 667 1758 705 de

217 732 434 770 Theodosio
469 732 701 783 Imperatore
735 731 909 781 legimus.
962 731 1046 769 Imo
1088 745 1176 770 vero
1214 733 1340 771 omnia
1385 745 1453 771 suo
1493 732 1576 770 loco
1616 744 1757 782 suoque

218 796 339 846 gradu
377 797 624 834 consisterent
659 796 908 834 in«Ecclesia
947 796 1146 847 omniaque
1183 810 1292 835 suum
1328 796 1548 835 hauddubie
1581 809 1756 847 progres-

219 875 300 899 sum
336 861 546 911 legitimum
584 861 777 906 haberent,
814 861 845 899 si
872 861 1064 911 legitimus
1093 860 1383 900 Ecclesiastieae
1410 861 1629 912 disciplinae
1657 874 1760 907 usus,

219 926 317 964 inter
360 926 558 964 Ministros
593 926 833 978 potissimum
869 926 972 977 ipsos
1012 926 1225 966 haberetur.
1280 926 1443 965 Proinde
1480 931 1516 964 et
1553 939 1634 972 nOS‚
1671 929 1758 977 post

216 991 436 1041 permissam
472 990 585 1029 nobis
619 990 759 1029 Divino
797 991 980 1029 beneficio
1008 996 1044 1029 et
1071 991 1189 1040 Regia
1219 990 1451 1041 benignitate
1479 990 1670 1035 Ecclesiae
1697 990 1759 1028 hic

218 1069 321 1094 nunc
346 1056 639 1101 institutionem,
666 1069 713 1094 ne
740 1060 871 1094 nostro
901 1057 971 1094 hac
999 1057 1037 1094 in
1067 1060 1172 1107 parte
1199 1056 1319 1094 officio
1349 1055 1511 1094 defuisse
1539 1055 1613 1093 ullo
1642 1054 1754 1093 modo

219 1121 443 1167 videremur,
478 1121 519 1159 in
556 1121 628 1158 hoc
654 1121 826 1172 protinus
863 1134 993 1159 omnes
1020 1121 1124 1158 omni
1152 1134 1241 1158 cura
1269 1133 1312 1158 ac
1340 1121 1464 1159 studio
1492 1124 1623 1158 nostro
1649 1120 1757 1158 incu-

220 1188 384 1233 buimus,
412 1188 475 1239 qui
512 1187 558 1224 ad
590 1187 692 1225 illius
727 1187 976 1225 ministerium
1013 1187 1156 1225 admoti
1185 1200 1326 1233 sumus,
1355 1191 1407 1233 ut,
1435 1185 1652 1224 constitutis
1680 1185 1755 1223 Ec-

219 1253 352 1291 clesiae
390 1253 611 1291 Senioribus
649 1266 715 1291 seu
750 1253 998 1304 Presbyteris,
1034 1252 1245 1303 legitimum
1281 1252 1380 1291 inter
1416 1265 1485 1290 nos
1515 1255 1601 1290 ante
1629 1251 1756 1289 omnia

221 1318 442 1368 disciplinae
470 1331 576 1355 usum
603 1317 896 1362 institueremus,
924 1317 1071 1355 etiamsi
1098 1330 1167 1355 nos
1195 1317 1234 1354 id
1263 1317 1343 1355 sine
1370 1316 1518 1366 magnis
1552 1316 1756 1355 multorum

221 1382 451 1420 clamoribus
488 1396 698 1433 magnaque
734 1387 924 1433 praeterea
960 1383 1165 1420 multorum
1202 1381 1345 1419 invidia
1382 1383 1504 1419 facere
1532 1394 1608 1419 non
1648 1394 1758 1432 posse

218 1447 528 1496 intelligeremus.
582 1449 708 1498 Atque
735 1460 756 1484 a
783 1446 896 1485 nobis
924 1446 1015 1497 ipsis
1044 1446 1317 1498 auspicandum
1345 1459 1424 1484 esse
1452 1459 1560 1484 usum
1587 1445 1757 1496 discipli-

219 1525 288 1549 nae
324 1512 632 1558 existimavimus,
668 1516 710 1549 ut
737 1511 903 1562 reliquae
930 1516 1081 1549 nostrae
1108 1511 1179 1549 toti
1208 1510 1412 1556 Ecclesiae,
1439 1515 1479 1548 ut
1509 1511 1554 1548 de
1587 1510 1670 1548 aliis
1698 1514 1756 1547 ta-

219 1590 332 1622 ceam,
359 1578 528 1629 exemplo
557 1577 807 1628 qualicunque
834 1580 964 1614 nostro
993 1576 1064 1614 hac
1090 1576 1128 1613 in
1166 1580 1270 1627 parte
1299 1575 1609 1626 praeluceremus.
1648 1574 1756 1613 Qua-

216 1643 289 1680 lem
330 1642 446 1692 igitur
482 1641 748 1680 instaurandae
783 1641 882 1679 inter
918 1654 987 1679 nos
1016 1640 1238 1691 disciplinae
1266 1654 1378 1678 usum.
1415 1639 1756 1690 gubernandaeque

217 1707 309 1745 adeo
346 1708 384 1745 in
413 1709 525 1756 (512)
562 1711 692 1745 nostro
729 1706 938 1744 ministerio
966 1706 1084 1744 totius
1112 1705 1304 1744 Ecclesiae
1330 1705 1513 1744 rationem
1542 1703 1756 1743 institueri-

217 1786 314 1818 mus,
340 1773 379 1810 id
407 1786 495 1811 vero
521 1773 596 1810 iam
622 1776 744 1810 totum
772 1771 905 1810 ordine
931 1784 1128 1823 ponemus.

269 1899 438 1937 Primum
464 1902 543 1937 tota
570 1898 762 1936 Ecclesiae
789 1901 939 1935 nostrae
965 1897 1190 1946 gubernatio
1228 1909 1305 1934 non
1344 1902 1400 1934 est
1426 1896 1549 1947 posita
1577 1895 1617 1933 in
1643 1895 1756 1934 unius

218 1968 281 2003 aut
318 1965 470 2002 alterius
510 1965 729 2015 cuiuspiam,
756 1963 925 2014 quisquis
953 1963 1105 2001 tandem
1132 1962 1196 2000 ille
1223 1962 1284 2008 sit,
1311 1962 1471 2000 arbitrio
1500 1965 1610 2013 atque
1646 1965 1755 2000 auto-

218 2029 340 2076 ritate,
377 2029 439 2068 sed
475 2029 515 2066 in
550 2028 722 2066 unanimi
758 2032 884 2066 coetus
919 2027 1086 2066 universi
1115 2026 1282 2065 omnium
1324 2026 1588 2064 Ministrorum
1616 2039 1660 2064 ac
1687 2027 1754 2064 Se-

220 2095 370 2132 nicrum
397 2095 589 2133 Ecclesiae
615 2107 769 2132 assensu
797 2097 833 2132 et
863 2093 1183 2145 comprobatione.
1225 2093 1273 2130 In
1301 2105 1376 2143 quo
1403 2096 1529 2130 tamen
1560 2095 1669 2129 coetu
1694 2091 1754 2129 in-

218 2161 341 2206 terim,
377 2174 453 2199 non
489 2165 567 2199 tam
604 2160 775 2211 equidem
813 2163 1073 2205 numerantur,
1100 2172 1212 2209 quam
1240 2158 1498 2209 ponderantur
1524 2157 1649 2208 potius
1677 2156 1756 2195 sin·

217 2226 392 2275 gulorum
428 2225 645 2272 sententiae,
683 2229 722 2262 ut
757 2224 883 2262 omnia
920 2237 963 2262 ex
1002 2223 1116 2261 verbo
1155 2223 1224 2260 Dei
1262 2226 1487 2266 statuantur,
1525 2235 1639 2273 eaque
1665 2221 1754 2259 reii-

219 2291 380 2337 ciantur,
417 2289 565 2328 etiamsi
602 2303 760 2328 numero
797 2289 1059 2338 suffragiorum
1097 2288 1290 2338 superiora
1325 2300 1405 2325 esse
1444 2287 1632 2332 videntur,
1655 2299 1755 2337 ,quae

218 2357 323 2394 verbi
360 2356 490 2394 Divini
525 2356 725 2394 autoritate
763 2354 1000 2406 comprobari
1036 2366 1111 2391 non
1149 2357 1310 2404 queant:
1350 2356 1448 2390 certe
1476 2351 1753 2390 nihilomnino

218 2421 296 2466 fiat,
341 2420 441 2471 quod
478 2420 556 2457 ullo
593 2419 706 2458 modo
739 2433 760 2457 a
797 2419 902 2457 verbi
938 2418 1068 2456 Divini
1105 2417 1279 2455 doctrina
1316 2417 1596 2455 dissentaneum
1635 2415 1754 2453 videri

220 2485 352 2534 possit.
405 2485 489 2522 Etsi
525 2488 650 2522 autem
680 2483 1012 2535 superintendenti
1039 2482 1294 2534 proximisque
1320 2485 1405 2533 post
1431 2481 1538 2519 illum
1566 2479 1756 2517 Ministris

219 2548 302 2586 aliis
339 2563 427 2587 suus
457 2550 578 2587 honor
606 2562 749 2599 semper
778 2548 948 2593 habetur,
974 2548 1014 2585 in
1042 2547 1316 2596 gubernatione
1342 2550 1466 2584 tamen
1502 2545 1583 2596 ipsa
1620 2544 1754 2583 Eccle-

222 2612 297 2650 siae
335 2613 566 2665 dicendaque
601 2614 642 2651 in
680 2617 790 2651 coetu
827 2612 1093 2650 Ministrorum
1133 2625 1175 2649 ac
1222 2611 1421 2649 Seniorum
1453 2620 1532 2647 'sua
1570 2609 1754 2648 sententia

222 2678 342 2716 nihilo
370 2679 454 2729 plus
482 2680 595 2717 habet
624 2677 955 2729 Superintendens‚
983 2677 1041 2715 vel
1065 2676 1274 2728 potestatis,
1303 2676 1360 2713 vel
1385 2676 1495 2723 (513)
1525 2674 1754 2719 autoritatis,

219 2756 332 2793 quam
360 2756 454 2781 unus
483 2744 641 2794 quilibet
669 2757 687 2781 e
716 2743 914 2781 Seniorum
942 2755 1109 2788 numero,
1147 2741 1220 2780 nisi
1255 2739 1356 2791 quod
1394 2740 1563 2777 omnium
1601 2743 1750 2778 senten-

220 2808 291 2845 tias
329 2808 474 2856 colligit
509 2816 545 2845 et
581 2809 767 2853 observat,
802 2807 924 2857 idque'
953 2806 1125 2856 inprimis
1160 2818 1311 2856 operam
1346 2803 1422 2851 dat,
1449 2803 1558 2842 utin
1587 2802 1751 2841 ferendis

220 2872 456 2921 singulorum
486 2871 671 2921 suffragiis
699 2872 825 2913 omnia
853 2870 984 2908 ordine
1012 2883 1054 2908 ac
1082 2870 1248 2908 dicenter
1284 2869 1389 2906 fiant.
1447 2867 1615 2906 Maximo
1652 2867 1752 2905 enim

220 2936 475 2974 Ecclesiarum
511 2936 610 2973 malo
646 2936 827 2982 videmus,
864 2934 1036 2973 collatam
1072 2934 1112 2972 in
1148 2947 1265 2971 unum
1303 2936 1368 2970 aut
1404 2932 1565 2970 alterum
1603 2944 1751 2970 omnem

220 3001 487 3052 gubernandae
516 3000 705 3037 Ecclesiae
733 2999 971 3037 autoritatem
1008 2999 1044 3035 in
1080 2997 1418 3035 Antichristianam
1445 2996 1595 3035 tandem
1625 3000 1752 3047 tyran-
