1830 3147
146 75 195 111 40

171 188 286 228 Fines
311 190 463 240 propter
489 197 584 237 quos
610 184 848 237 potissimum
876 187 931 222 est
958 183 1175 222 institutum
1203 184 1495 225 matrimonium.
1524 188 1611 225 604.
1643 189 1706 226 20.

174 253 312 291 Forma
340 250 590 290 absolutionis
617 250 657 288 in
686 249 933 288 concionibus
960 249 1277 289 Dominicalibus.
1301 300 1307 303 ,
1554 253 1615 292 70.
1644 253 1707 290 14.

173 318 311 357 Forma
338 331 381 356 ac
407 317 503 356 ritus
529 312 820 354 administrandi
846 315 1033 367 Baptismi
1060 314 1099 353 in
1127 316 1282 354 ecclesia
1296 315 1586 366 Peregrinorum
1604 316 1710 355 Lon-

225 383 316 422 dini.
1528 382 1616 423 117.
1674 385 1709 424 7.

173 448 310 486 Forma
333 445 557 485 admittendi
582 445 847 492 adolescentes,
872 445 1072 497 pueritiam
1100 459 1392 497 superegressos,
1409 447 1455 485 ad
1475 459 1611 485 coenae
1629 446 1710 484 Do-

223 512 384 550 minicae
408 524 532 550 usum.
1471 538 1477 547 .
1529 514 1616 550 100.
1647 514 1709 550 14.

173 577 310 615 Forma
337 575 576 615 examinandi
602 589 678 623 eos,
713 576 779 627 qui
804 588 933 613 recens
959 575 1000 613 in
1028 575 1220 613 ecclesiam
1249 576 1366 628 recipi
1393 590 1603 628 coenasque
1629 576 1709 615 Do-

224 641 319 680 mini
344 642 506 693 primum
534 641 702 679 omnium
728 641 951 692 participare
978 641 1122 679 volunt.
1533 644 1619 683 167.
1648 645 1710 681 12.

175 707 313 745 Forma
342 706 596 757 inaugurandi
630 706 870 758 presbyteros
897 705 1086 752 ecclesiae,
1114 705 1180 756 qui
1206 706 1246 744 in
1274 706 1388 744 verbo
1417 720 1495 745 non
1522 707 1711 746 laborant.

1552 774 1616 810 42.
1672 774 1709 810 6.

175 836 312 875 Forma
338 836 638 887 inaugurationis
665 835 837 887 publicae
865 834 1135 873 Diaconorum.
1558 838 1621 875 48.
1650 838 1712 874 12.

921 963 973 1003 G.

173 1095 389 1134 Gratiarum
417 1095 514 1133 actio
542 1098 627 1146 post
654 1094 823 1132 habitam
852 1093 1074 1133 catechesim
1101 1095 1260 1133 minoris
1289 1095 1519 1135 catechismi.
1558 1097 1620 1136 97.
1673 1097 1711 1134 4.

173 1160 390 1198 Gratiarum
417 1161 515 1198 actio
541 1163 628 1212 post
655 1160 885 1211 baptismum
912 1159 1231 1199 administratum.
1532 1163 1619 1199 136.
1648 1162 1709 1199 18.

175 1224 391 1262 Gratiarum
408 1225 504 1263 actio
524 1229 609 1276 post
630 1238 766 1262 coenae
783 1224 1005 1262 Dominicae
1023 1224 1400 1263 administrationem.
1422 1227 1509 1264 261.
1532 1227 1567 1264 1.
1588 1226 1641 1274 (A
1651 1226 1712 1272 4³)

177 1289 393 1327 Gratiarum
420 1289 519 1327 actio
538 1302 605 1341 pro
617 1288 980 1340 resipiscentialapsi
998 1289 1126 1328 fratris
1145 1293 1181 1329 et
1195 1290 1513 1329 reconciliatione.
1532 1292 1618 1329 329.
1650 1291 1712 1328 15.

920 1419 975 1458 H.

179 1549 305 1588 Homo
336 1550 472 1588 sociale
500 1550 652 1588 animal.
1539 1553 1624 1590 596.
1679 1554 1716 1590 3.

937 1680 970 1719 I.

180 1811 371 1850 Ieiunium
396 1811 587 1863 publicum
616 1814 702 1849 ante
728 1811 987 1850 ministrorum
1016 1811 1248 1849 electionem.
1589 1813 1624 1848 4.
1679 1813 1717 1848 4.

181 1878 383 1915 Ieiunium.
411 1877 457 1914 ad
486 1890 595 1928 quem
623 1878 735 1914 finem
763 1877 995 1916 institutum.
1538 1878 1625 1914 555.
1657 1878 1718 1913 19.

181 1942 321 1982 Ieiunii
346 1942 487 1980 abusus
514 1943 553 1980 in
582 1943 770 1994 Papismo.
1538 1943 1624 1978 556.
1656 1942 1718 1978 14.

182 2009 352 2046 Infantes
381 2021 457 2046 non
485 2009 665 2046 arcendos
693 2022 773 2046 esse
801 2022 821 2046 a
848 2007 1057 2059 Baptismo.
1542 2009 1626 2047 127.
1656 2009 1720 2045 18.

181 2073 516 2123 Interrogationes,
560 2087 655 2124 quae
691 2073 872 2111 Diaconis
908 2075 1182 2124 proponuntur,
1220 2071 1317 2108 circa
1353 2084 1483 2108 eorum
1515 2070 1720 2120 inaugura-

233 2138 388 2176 tion‘em.
1564 2139 1625 2174 49.
1656 2139 1719 2174 20.

185 2203 518 2252 Inter-rogationes,
555 2216 649 2255 quae
675 2202 856 2242 ministris
884 2202 989 2241 verbi
1016 2206 1080 2240 aut
1109 2201 1432 2253 superintendenti
1459 2204 1724 2252 proponuntur

236 2267 385 2318 publice
412 2268 509 2305 circa
536 2268 703 2320 ipsorum
730 2267 1069 2318 inaugurationem.
1567 2269 1630 2304 49.
1685 2267 1720 2303 1.

187 2331 521 2381 Interrogationes,
548 2346 642 2384 quae
668 2332 896 2384 presbyteris
923 2334 1187 2383 proponuntur
1213 2330 1310 2367 circa
1337 2330 1526 2381 publicam
1552 2328 1721 2379 ipsorum

236 2396 575 2446 inaugurationem.
1568 2397 1629 2432 43.
1659 2396 1720 2432 13.

186 2461 520 2512 Interrogationes‚
547 2476 641 2514 quae
678 2462 889 2501 senioribus
919 2461 1153 2499 subsidiariis
1181 2463 1442 2512 proponuntur
1471 2459 1566 2496 circa
1595 2472 1722 2496 eorum

238 2526 575 2576 inaugurationem.
1569 2527 1630 2562 43.
1686 2527 1723 2561 9.

190 2783 302 2833 Legis
330 2782 511 2826 definiti0‚
1544 2784 1628 2822 178.
1659 2785 1724 2820 23.

189 2848 392 2893 Libertatis
420 2847 655 2892 Christianae
682 2848 720 2891 iu
749 2848 1071 2890 admonitionibus
1100 2850 1152 2900 (A
1180 2845 1241 2899 4¹')
1270 2848 1377 2890 ratio.
1566 2851 1630 2889 40.
1663 2850 1724 2890 16.
