1830 3147
791 90 858 128 587
1317 94 1378 142 [A.
1405 93 1450 131 D.
1477 94 1587 143 1544]

52 213 94 238 ac
125 200 289 237 meritum
323 198 446 236 mortis
477 200 514 234 et
547 197 719 244 pontificii
753 197 897 242 Christi,
931 199 974 235 ab
1006 200 1143 245 origine
1173 201 1296 238 mundi
1329 202 1430 238 iuxta
1468 203 1587 241 Patris

55 261 122 297 Dei
155 260 411 309 providentiam
443 258 547 306 passi,
582 259 702 295 efficax
733 259 800 295 iam
834 263 911 296 tum
946 260 1055 297 fuisse
1088 261 1125 297 in
1150 262 1229 298 Ada
1253 268 1291 299 et
1316 263 1484 301 universo
1510 265 1586 303 eius

50 322 183 358 semine
223 321 266 357 ad
306 319 558 357 conterendum
602 319 639 355 in
672 319 733 356 illo
767 321 940 368 serpentis
974 321 1146 358 veneficae
1179 326 1296 370 caput,
1329 336 1442 371 acque
1475 328 1586 373 atque

52 384 149 419 Adae
174 381 406 429 transgressio
432 381 550 417 efficax
583 386 658 417 erat
691 381 735 418 ad
760 382 1023 429 propagandum
1049 383 1086 419 in
1111 383 1212 419 nobis
1236 384 1283 428 id,
1309 388 1352 421 ut
1378 389 1504 422 natura
1522 399 1582 423 no·

51 448 127 480 stra
157 443 281 479 mortis
315 445 424 489 atque
457 442 529 478 irae
561 441 623 478 filii
657 455 852 486 nascamur,
887 443 990 480 modo
1023 456 1068 480 ne
1093 457 1156 481 nos
1184 445 1249 492 ipsi
1273 458 1294 481 a
1319 448 1424 483 tanto
1450 447 1582 484 Christi

51 504 194 540 Domini
227 503 393 539 beneficio
429 502 630 538 voluntaria
663 503 921 549 ingratitudine
953 507 1076 540 nostra
1116 505 1365 554 destinatoque
1398 511 1583 544 contemtu

50 565 174 599 nostro
207 560 444 598 excludamus.
487 561 577 597 Tum
603 561 694 597 enim
722 568 794 597 tam
821 562 908 598 nihil
932 562 975 598 ad
1001 575 1064 599 nos
1090 564 1271 611 pertinent
1297 578 1417 602 omnes
1443 566 1583 604 divinae

49 623 306 671 promissiones,
332 635 437 670 quam
464 635 528 658 nos
554 623 640 658 nihil
665 622 708 658 ad
734 623 915 660 Christum
943 623 1134 660 Dominum
1161 626 1387 672 pertinemus,
1414 628 1448 663 in
1476 640 1581 675 quem

48 695 168 719 omncs
199 683 332 730 alioqui
367 683 615 730 promissiones
651 684 839 719 intuentur
874 690 911 720 et
936 685 998 731 qui
1025 684 1247 722 infirmitates
1273 688 1415 734 quidem
1442 692 1584 726 nostras

48 743 206 790 portavit
238 746 274 779 et
308 743 464 790 expiavit
490 756 610 778 omnes
637 742 678 778 ab
707 743 779 790 ipso
806 755 920 790 usque
946 743 1067 780 mundi
1093 745 1250 789 exordio,
1276 746 1336 782 sed
1362 751 1582 785 contemtum

47 804 288 841 voluntarium
322 805 377 840 sui
409 803 496 840 adeo
529 816 600 839 non
625 804 795 851 portavit,
822 810 864 839 ut
891 804 986 841 illius
1013 807 1152 841 auctori
1178 806 1328 844 Diabolo
1355 812 1391 844 et
1417 809 1581 847 omnibus

48 865 111 912 qui
142 865 180 901 in
215 864 290 901 eius
324 864 590 900 similitudinem
616 864 667 900 ita
692 865 922 908 transierunt,
955 869 997 901 ut
1030 866 1126 902 illius
1152 867 1269 913 angeli
1295 868 1406 904 videri
1432 871 1581 917 possint,

48 926 241 972 gehennam
275 938 421 973 poenam
453 925 686 962 constitutam
720 937 794 961 esse
830 929 996 962 testetur.
1044 926 1104 962 lta
1135 928 1284 964 arbitror
1311 928 1379 965 Dei
1405 930 1582 969 εὐδοκίκν

46 1000 107 1035 per
144 988 407 1035 promissionem
439 988 573 1024 Adamo
608 989 818 1035 patefactam
844 989 1012 1025 efficacem
1039 1002 1182 1037 prorsus
1213 991 1281 1027 iam
1308 997 1385 1028 tum
1411 993 1519 1029 fuisse
1544 994 1581 1030 in

45 1050 274 1087 condonanda
298 1050 433 1086 Adamo
460 1059 495 1085 et
521 1050 596 1086 eius
621 1049 746 1086 semini
771 1050 936 1086 universa
961 1051 1062 1098 plane
1087 1051 1184 1088 illius
1210 1052 1426 1097 infirmitate,
1444 1057 1580 1101 postea-

45 1124 150 1158 quam
176 1111 331 1147 Adarnus
367 1111 504 1147 oblatae
530 1111 753 1158 promissioni
778 1111 984 1148 credidisset
1008 1133 1056 1139 —-
1080 1118 1301 1149 contemtum
1326 1127 1461 1162 semper
1488 1116 1579 1152 exci-

46 1173 102 1220 pio
127 1194 174 1200 —
199 1178 241 1209 ut
266 1172 376 1208 fidelis
401 1172 514 1208 Adam
540 1172 641 1208 fidele
666 1173 771 1208 etiam
790 1186 908 1209 semen
925 1173 1098 1220 gigneret,
1126 1186 1195 1210 non
1215 1181 1331 1211 tamen
1351 1189 1387 1212 re
1405 1176 1491 1224 ipsa,
1518 1177 1579 1214 scd

45 1234 289 1282 imputatione,
308 1234 414 1281 idque
437 1239 578 1281 propter
597 1234 777 1270 Christum
795 1233 861 1269 sibi
879 1247 990 1281 aeque
1007 1238 1115 1282 atquc
1133 1235 1257 1271 semini
1274 1249 1338 1272 suo
1358 1237 1580 1283 promissum,

46 1295 338 1342 quemadmodum
378 1295 470 1330 idem
507 1294 583 1342 ipse
623 1295 749 1338 Adam,
786 1299 964 1342 quatenus
1003 1299 1256 1343 transgressor,
1293 1302 1442 1334 mortem
1476 1304 1586 1346 atquc

45 1356 133 1392 iram
158 1356 193 1391 in
221 1368 284 1391 nos
320 1368 357 1391 re
390 1355 466 1403 ipsa
492 1355 566 1391 sive
599 1359 726 1391 natura
752 1369 816 1392 sna
841 1357 1062 1404 propagavit,
1088 1361 1130 1392 ut
1155 1358 1190 1393 in
1219 1358 1320 1394 nobis
1346 1359 1487 1406 quidem
1514 1360 1585 1397 isac

46 1422 83 1453 et
114 1416 238 1452 mortis
276 1415 351 1459 filii,
383 1416 420 1451 in
447 1416 590 1452 Christo
617 1429 701 1452 vero
728 1416 811 1453 olim
837 1417 1021 1464 promisso,
1048 1431 1142 1455 nunc
1168 1419 1336 1463 exhibito,
1362 1420 1426 1456 filii
1454 1421 1520 1457 Dei
1547 1425 1584 1458 et

46 1489 228 1514 nascamur
253 1476 295 1512 ab
320 1477 396 1524 ipso
423 1477 545 1512 mundi
570 1477 713 1514 exordio
747 1482 783 1514 et
817 1478 986 1522 vivamus,
1012 1478 1115 1515 modo
1141 1492 1195 1523 ne,
1221 1484 1263 1516 ut
1289 1480 1373 1525 dixi,
1401 1481 1465 1518 hoc
1483 1482 1582 1518 Chri-

44 1539 93 1574 sti
119 1538 323 1574 beneficium
349 1541 624 1574 contemnamus.

92 1599 170 1634 Hac
206 1598 366 1634 doctrina
395 1597 651 1645 simplicissime
676 1597 824 1645 proponi
850 1600 937 1645 puto
970 1598 1006 1634 et
1040 1598 1121 1634 mali
1147 1601 1350 1647 contagium
1377 1602 1418 1638 ab
1445 1603 1580 1641 Adamo

45 1659 82 1695 in
116 1671 180 1695 nos
212 1662 442 1706 propagatum
476 1658 512 1693 et
544 1654 740 1695 efficaciam¹
761 1658 940 1694 Pontificii
973 1658 1106 1695 Christi
1141 1659 1178 1695 in
1204 1660 1340 1697 Adamo
1366 1666 1402 1697 et
1427 1663 1502 1699 eius
1529 1676 1581 1700 sc·

45 1720 137 1756 mine
162 1719 343 1755 servando.
371 1719 447 1755 Nec
473 1719 610 1762 dubito,
637 1719 724 1765 quin
750 1723 828 1755 tota
854 1719 1037 1766 Scriptura
1063 1720 1143 1756 huic
1169 1720 1353 1757 doctrinac
1371 1725 1581 1769 consentiat,

45 1781 74 1817 si
107 1781 202 1817 iusta
234 1780 393 1817 locorum
419 1780 560 1817 collatio
587 1780 659 1816 fiat.
710 1780 815 1816 Certe
841 1780 974 1816 Christi
999 1780 1147 1827 glorium
1173 1786 1256 1818 ante
1281 1783 1398 1819 omnia
1422 1784 1580 1822 illustrat

43 1847 80 1878 et
113 1845 275 1889 amputat
306 1841 473 1889 plurimas
505 1841 731 1877 difficultates
765 1844 801 1876 et
832 1841 1086 1884 dubitationes,
1121 1855 1207 1889 quas
1241 1845 1394 1880 nuncin
1422 1845 1579 1882 Ecclesia

42 1906 163 1939 extare
203 1902 372 1938 videmus.
421 1902 469 1938 Et
511 1906 628 1937 tamen
662 1901 839 1949 invulgati
864 1901 959 1938 illam
994 1902 1116 1947 nolim,
1150 1904 1355 1952 priusquam
1391 1906 1575 1943 doctorum

43 1964 236 2000 sententias
262 1963 571 2011 Ecclesiarumque
595 1963 764 1999 iudicium
791 1963 832 2000 de
857 1963 919 1999 illa
943 1964 1094 2008 audiam,
1121 1977 1165 2001 ne
1191 1966 1277 2013 quid
1303 1967 1474 2004 eiusmodi
1499 1969 1577 2005 aliis

41 2024 188 2067 tradam,
214 2024 310 2072 quod
335 2024 410 2072 ipse
435 2037 504 2060 non
531 2024 616 2060 satis
643 2024 882 2061 excussissem.
909 2024 1027 2070 Quare
1052 2029 1088 2061 te
1114 2038 1211 2073 rogo,
1240 2026 1302 2062 Vir
1329 2027 1574 2074 integerrime!

41 2090 84 2122 ut
111 2085 195 2133 quid
230 2085 285 2122 hic
318 2085 449 2121 sentias
474 2098 554 2121 cum
580 2085 781 2133 symmystis
808 2085 880 2121 tuis
906 2086 990 2122 mihi
1015 2086 1211 2133 significare
1237 2088 1335 2132 velis,
1353 2089 1574 2135 potissimum

41 2150 160 2183 autem
191 2146 253 2182 ubi
286 2159 376 2193 quae
407 2145 451 2182 ad
485 2146 670 2182 Albcrtum
709 2147 788 2182 misi
830 2146 965 2194 legeris.
1015 2148 1143 2194 Neque
1176 2148 1377 2196 gravaberis
1411 2150 1576 2197 indicare,

43 2209 72 2244 si
106 2208 191 2255 quid
217 2207 397 2244 doctrinae
422 2207 502 2243 huic
528 2207 658 2254 opponi
683 2220 786 2256 posse
811 2211 926 2255 putes.
978 2208 1131 2245 Videtur
1156 2210 1239 2245 mihi
1266 2210 1304 2246 in
1330 2211 1472 2248 eandem
1498 2226 1574 2250 scn-

43 2269 190 2306 tentiam
215 2268 439 2316 propendisse
464 2275 500 2304 et
526 2267 719 2314 zwinglius
745 2268 840 2311 olim,
867 2268 935 2304 nisi
961 2269 1056 2316 quod
1083 2270 1267 2306 obscurius
1293 2271 1328 2307 id
1354 2272 1575 2312 subindicare

41 2329 166 2367 maluit
199 2328 369 2371 fortassis,
401 2341 505 2376 quam
540 2328 656 2364 verbis
683 2328 826 2365 disertis
851 2329 1022 2376 profiteri.
1072 2330 1139 2366 Sed
1165 2335 1201 2366 et
1227 2337 1362 2368 vestras
1389 2345 1482 2370 nunc
1507 2334 1573 2372 Ec-

39 2389 162 2426 clesias
188 2400 258 2424 non
284 2399 427 2435 prorsus
451 2399 471 2422 a
496 2399 550 2423 me
574 2386 631 2422 hic
656 2386 842 2423 dissentire
867 2391 969 2435 puto.
995 2388 1118 2424 Malim
1145 2392 1263 2425 tamen
1289 2396 1387 2427 certo
1421 2391 1456 2428 id
1483 2393 1573 2430 scirc

40 2461 146 2497 quam
180 2452 316 2496 putare.
365 2447 521 2483 Proinde
552 2446 674 2484 literas
708 2450 789 2484 tuas
822 2460 862 2485 ea
887 2447 930 2485 de
955 2461 992 2485 re
1017 2461 1145 2497 magno
1171 2450 1342 2488 desiderio
1369 2454 1571 2500 expectabo.

41 2511 189 2547 Interim
215 2509 344 2546 nollem
369 2511 411 2545 ut
436 2508 624 2555 quisquam
649 2511 787 2556 praeter
813 2513 1020 2558 symmystas
1048 2518 1185 2547 vestros
1211 2511 1294 2549 haec
1318 2512 1427 2560 legat.

87 2572 141 2608 De
166 2571 270 2608 rebus
303 2570 386 2606 meis
411 2569 460 2606 sic
485 2569 618 2617 accipe:
644 2569 803 2606 Fratrem
829 2571 995 2607 habebam
1020 2571 1185 2608 maiorem
1211 2577 1298 2609 natu
1325 2577 1368 2621 ὁ),
1394 2574 1568 2613 hominem

41 2633 137 2681 pium
162 2637 199 2670 ct
223 2633 290 2669 mei
314 2631 603 2668 amantissimum.
629 2631 668 2667 Is
693 2631 754 2668 ubi
778 2631 1025 2676 intellexisset,
1051 2646 1106 2670 me
1132 2634 1226 2671 vitae
1252 2648 1345 2672 meae
1361 2649 1474 2684 genus
1493 2652 1569 2674 mu-

40 2699 133 2731 tasse
165 2698 202 2730 et
236 2693 376 2730 deserto
409 2692 643 2728 Pharisaismo
675 2693 879 2739 coniugium
904 2693 1101 2740 amplexum
1127 2707 1214 2739 esse,
1240 2695 1383 2734 nolebat
1407 2697 1491 2734 dum
1517 2700 1568 2736 vi—

39 2761 149 2799 veret,
182 2758 224 2791 ut
257 2767 312 2790 mc
344 2754 508 2800 cuiquam
541 2752 746 2797 addicerem,
779 2753 875 2801 quod
908 2759 1064 2800 speraret
1098 2767 1152 2790 me
1176 2768 1196 2791 a
1221 2756 1307 2793 meis
1334 2762 1497 2794 vocatum
1524 2760 1568 2796 iri

39 2814 151 2852 adhuc
185 2815 341 2862 meisque
374 2813 506 2851 servire
538 2826 650 2860 posse.
699 2814 758 2850 Ita
792 2814 925 2851 sactum
956 2818 1022 2858 est,
1055 2818 1098 2852 ut
1131 2815 1214 2853 vivo
1247 2816 1356 2854 fratre
1388 2818 1478 2855 nulli
1513 2833 1568 2857 me

35 2875 236 2912 addixerim.
277 2877 309 2911 A
335 2878 449 2911 morte
473 2873 569 2910 illius
595 2873 790 2911 deserebam
816 2875 1042 2912 nihilominus
1068 2876 1153 2912 meis
1179 2889 1317 2925 operam
1344 2891 1464 2917 meam.
1498 2881 1566 2919 Sed
