1830 3147
52 517 124 549 Act.
145 516 177 549 2.

53 560 152 592 Gene.
174 559 204 591 3.

52 603 165 633 Roma.
189 601 219 633 5.

51 644 69 675 1
96 644 169 675 Cor.
193 643 244 676 15.

50 686 139 718 Ioan.
163 686 214 717 10.

49 729 154 760 Math.
178 728 229 759 28.

50 771 153 803 Marc.
177 771 229 803 16.

48 813 127 845 Luc.
150 813 202 845 24.

49 855 140 888 Ioan.
162 857 192 888 2.

51 898 67 929 1
92 898 166 932 Cor.
187 898 238 931 15.

49 940 184 984 Phillip.
208 941 239 973 3.

50 983 67 1015 1
94 983 167 1018 Cor.
192 984 243 1016 15.

50 1089 135 1122 Psal.
159 1089 188 1124 6,
211 1087 283 1124 115.

49 1133 122 1164 Esa.
146 1131 197 1162 38.

49 1174 164 1207 Ezech.
188 1173 239 1208 32.

49 1217 123 1250 Psa.
168 1216 218 1255 18,
262 1217 313 1256 30,

93 1260 146 1298 49,
168 1259 219 1293 85.

54 1303 135 1335 Tob.
159 1302 210 1335 13.

52 1346 70 1377 1
95 1345 204 1378 Samu.
225 1344 270 1378 ΙΙ.

51 1430 130 1463 Luc.
152 1429 205 1463 23.

50 1474 121 1505 Act.
145 1472 196 1504 11.

51 1514 138 1548 Psal.
161 1515 212 1548 16.

55 1712 134 1744 Luc.
151 1711 180 1748 9,
198 1711 248 1742 16.
264 1710 316 1743 23.

53 1754 144 1785 Ioan.
167 1754 195 1791 5,
219 1753 249 1791 8,
266 1753 316 1785 14.

53 1797 166 1828 Roma.
191 1796 243 1827 14.

53 1838 187 1880 Phillip.
210 1838 241 1871 1.

54 1882 182 1912 Actum.
208 1880 239 1914 7.

54 1923 134 1955 Luc.
157 1923 209 1956 23.

58 2560 159 2594 Hebr.
182 2560 216 2592 4.

337 97 410 133 426
816 102 991 130 CATEGH.
1019 103 1129 131 neor„
1158 102 1275 132 LOND.

917 207 1056 247 Interr.
1087 210 1174 246 153.

389 273 494 312 Quid
522 285 635 325 porro
665 272 710 311 de
738 272 904 310 Domino
934 277 1067 310 nostro
1094 273 1183 310 Iesu
1211 273 1366 310 Christo
1397 272 1546 310 credis?

993 337 1107 388 Resp.

387 401 486 440 Eum
513 401 626 440 tertio
655 401 716 440 die
742 415 763 440 a
791 400 953 440 mortuis
979 401 1243 441 resurrexisse.

913 532 1052 570 Interr.
1081 533 1168 570 154.

389 596 497 636 Quid
525 596 627 635 hoc?

990 661 1105 712 Resp.

388 726 510 767 Credo
547 729 659 778 atque
697 727 895 774 confiteor,
930 727 1059 765 Iesum
1095 726 1299 772 Christum,
1337 731 1510 766 sanctum
1538 727 1622 775 Dei,
1648 727 1754 766 omni

336 793 482 830 macula
519 796 633 844 atque
668 796 823 844 peccato
852 795 1055 843 expertem,
1093 805 1170 829 non
1198 792 1367 843 potuisse
1395 793 1582 831 contineri
1609 807 1629 830 a
1656 793 1754 843 liga-

335 859 471 896 mentis
500 858 646 902 mortis,
674 871 768 908 quae
796 857 950 896 nonnisi
971 857 1020 895 ob
1040 862 1236 909 peccatum
1256 858 1295 895 in
1317 858 1500 896 mundum
1522 858 1754 898 intravisset.

336 923 476 961 Divina
494 923 612 972 igitur
631 936 697 961 sua
716 922 885 973 potentia
905 926 1064 961 mortem
1083 923 1303 974 inferosque
1324 923 1526 974 superavit,
1545 922 1656 961 tertia
1671 936 1754 961 rur-

335 1001 399 1026 sus
437 987 497 1026 die
531 987 737 1026 resurrexit
774 991 809 1026 et
836 987 875 1025 in
905 987 983 1026 vita
1010 987 1241 1039 impassibili
1268 992 1380 1039 atque
1408 987 1613 1026 immortali
1642 987 1755 1026 disci-

334 1090 404 1122 loco
428 1101 487 1132 pro
511 1091 653 1122 extremo
677 1100 795 1131 angore
818 1090 914 1131 atque
937 1088 1135 1121 contritione
1158 1088 1293 1127 animae,
1317 1091 1350 1120 et
1371 1089 1470 1121 hocce
1487 1089 1617 1131 quidem
1633 1089 1754 1132 duplici

335 1156 429 1177 sensu
453 1145 606 1177 articulus
629 1144 684 1176 ille
707 1145 746 1176 de
769 1144 892 1176 Christi
916 1144 1069 1176 descensu
1093 1144 1216 1176 sincere
1239 1144 1467 1187 intelligendus
1491 1147 1548 1178 est.

984 1257 1103 1290 Interr.

378 1314 548 1357 Quomodo
572 1315 655 1347 hoc?

997 1371 1094 1413 Resp.

380 1427 476 1470 Quod
500 1427 539 1459 ad
569 1427 668 1469 prius,
693 1438 766 1459 eum
789 1437 863 1458 vere
886 1429 1052 1459 mortuum
1074 1426 1301 1469 sepultumque
1325 1438 1402 1465 esse,
1426 1427 1631 1469 animamque
1654 1428 1756 1470 ipsius

338 1494 437 1525 usque
467 1483 505 1514 ad
541 1485 668 1525 tempus
702 1483 948 1515 resurrectionis
971 1493 989 1514 a
1012 1493 1147 1525 corpore
1170 1482 1349 1514 seiunctam
1371 1483 1470 1515 fuisse
1493 1494 1595 1525 neque
1618 1484 1756 1525 amplius

337 1549 410 1570 cum
432 1539 623 1570 mortalibus
645 1538 678 1570 in
701 1541 796 1576 terra,
820 1538 884 1577 sed,
908 1538 963 1570 ubi
987 1538 1129 1569 fidelium
1152 1538 1276 1570 animae
1289 1541 1539 1577 commorentur,
1556 1539 1588 1570 in
1606 1539 1754 1581 paradiso

338 1592 462 1624 scilicet
484 1592 592 1624 fuisse.

992 1648 1110 1681 Interr-

381 1704 487 1746 Quam
510 1703 766 1735 consolationem
790 1702 897 1735 fideles
921 1703 954 1734 in
979 1714 1015 1735 ea
1037 1714 1071 1734 re
1094 1703 1235 1735 habent?

999 1759 1096 1801 Resp.

380 1815 532 1846 Animam
555 1826 675 1853 eornm,
699 1825 798 1857 usquc
822 1815 861 1846 ad
886 1815 970 1846 diem
994 1815 1238 1847 resurrectionis
1262 1826 1280 1847 a
1296 1826 1430 1857 corpore
1446 1817 1549 1846 morte
1565 1817 1756 1856 separatam,

340 1880 403 1900 non
434 1869 613 1911 perituram
637 1880 704 1901 esse
727 1871 845 1906 tamen,
871 1880 973 1910 neque
997 1880 1110 1901 somno
1134 1869 1277 1911 sopitum
1300 1869 1350 1906 iri,
1374 1869 1429 1900 scd
1453 1869 1570 1900 laetam
1593 1879 1660 1900 csse
1683 1879 1755 1900 cuin

340 1924 470 1956 Christo
492 1924 526 1956 in
549 1935 646 1966 regno
670 1925 782 1967 ipsius,
806 1925 1076 1967 quemadmodum
1099 1924 1219 1957 latroni
1242 1924 1436 1967 promissum
1459 1926 1552 1956 essct.

989 1982 1108 2014 Interr.

381 2038 550 2081 Quomodo
575 2037 730 2070 articulus
754 2037 809 2069 ille
833 2037 871 2069 de
895 2037 1026 2069 Christo
1050 2037 1152 2069 altero
1176 2049 1211 2069 eo
1236 2048 1330 2069 sensu
1353 2037 1581 2079 intelligendus
1605 2038 1671 2068 est?

998 2094 1095 2136 Resp.

383 2149 498 2181 Anima
530 2160 587 2181 sua
615 2149 758 2192 sapuisse
782 2160 854 2181 eum
877 2160 987 2181 omnes
1011 2149 1139 2181 dolores
1164 2149 1326 2181 cruciatus
1349 2151 1444 2191 atque
1468 2160 1600 2190 angores
1624 2149 1689 2180 irae
1712 2148 1758 2180 di·

339 2206 432 2237 vinae
465 2207 661 2247 nostraeque
696 2205 976 2237 condemnationis
1007 2216 1064 2247 per
1087 2207 1189 2237 totam
1212 2206 1323 2244 vitam,
1348 2205 1402 2237 sed
1425 2205 1598 2247 praecipue
1620 2204 1654 2236 in
1677 2204 1758 2246 pati-

338 2261 414 2293 bulo
437 2261 551 2300 crucis,
575 2261 651 2303 quia
674 2261 799 2293 scilicet
822 2272 959 2303 poenam
981 2261 1093 2293 mundi
1116 2264 1323 2303 peccatorum
1345 2261 1379 2292 in
1402 2272 1435 2292 sc
1458 2261 1650 2292 sustulisset.

988 2373 1105 2405 Interr.

382 2427 469 2470 Quid
492 2427 616 2460 fructus
640 2427 674 2459 111
697 2438 733 2459 ea
756 2427 878 2460 Christi
902 2428 1030 2470 angoris
1054 2428 1172 2460 noti‘cia
1196 2429 1268 2460 est?

1001 2485 1097 2526 Resp.

382 2539 465 2570 Eum
494 2549 558 2570 non
581 2540 708 2570 tantum
731 2539 764 2570 in
788 2549 924 2581 corpore
947 2550 1004 2571 suo
1028 2539 1243 2571 sublationem
1267 2539 1301 2570 in
1325 2549 1462 2576 crucem,
1494 2539 1631 2569 mortem
1656 2539 1688 2568 ct
1710 2548 1755 2568 se-

341 2596 503 2637 pulturam
527 2597 619 2637 (quae
643 2606 699 2627 suo
722 2595 794 2627 loco
818 2598 911 2628 antea
934 2596 967 2627 in
991 2596 1137 2638 symbolo
1160 2596 1252 2628 brevi
1275 2596 1506 2634 recensentur),
1530 2593 1585 2625 scd
1609 2593 1706 2625 etiam
1720 2594 1753 2626 in

341 2651 446 2682 anima
480 2662 536 2682 sua
558 2662 689 2693 gravem
710 2651 773 2683 Dei
795 2651 876 2683 iram
899 2654 1032 2694 propter
1055 2654 1187 2694 peccata
1210 2654 1319 2683 nostra
1342 2650 1521 2688 sustulisse,
1545 2649 1579 2681 iu
1604 2649 1752 2681 omnibus

340 2705 409 2737 sine
441 2708 573 2747 peccato
607 2708 781 2748 repertum,
806 2709 841 2738 ut
863 2707 896 2738 in
919 2707 979 2738 hac
1003 2707 1125 2739 Christi
1147 2707 1296 2749 passione
1320 2702 1441 2738 certam
1464 2705 1654 2736 haberemus
1679 2716 1752 2736 con-

340 2759 541 2797 solationem,
566 2771 629 2792 non
652 2763 779 2793 tantum
802 2761 835 2793 in
858 2762 1008 2803 gravibus
1033 2762 1177 2804 corporis
1201 2762 1303 2794 nostri
1326 2761 1493 2798 molestiis,
1518 2760 1572 2791 sed
1597 2760 1693 2791 etiam
1717 2760 1750 2792 in

341 2813 428 2846 omni
451 2814 574 2846 animae
598 2816 802 2855 contritione,
825 2816 889 2849 imo
913 2816 945 2848 in
968 2817 1167 2859 gravissimis
1191 2816 1423 2859 desperationis
1449 2815 1682 2848 vexationibus.
