1830 3147
806 105 872 142 741
1339 104 1401 152 [A.
1425 102 1471 139 D.
1497 99 1607 148 1556]

74 225 174 249 suam
208 216 244 249 et
275 215 360 249 tuae
394 211 571 248 Maiestati
606 218 642 248 et
673 213 798 260 Regno
826 212 989 248 universo
1014 224 1078 259 pro
1105 224 1145 248 eo
1170 223 1210 248 ac
1235 211 1384 249 debeant
1409 211 1600 260 approbare

73 274 214 319 volunt,
247 274 360 323 palam
392 273 428 310 id
462 273 592 310 faciant
624 276 731 321 atque
762 274 800 310 in
825 273 937 310 lucem
963 273 1138 322 publicam
1163 276 1200 311 et
1224 274 1365 322 ipsimet
1390 274 1534 311 veniant
1560 280 1597 312 et

71 349 152 373 suas
187 336 456 379 criminationes,
491 347 535 371 ne
571 335 681 371 dicam
715 335 917 379 calumnias,
948 335 1155 384 producant.
1203 336 1350 372 Nullius
1384 336 1476 372 enim
1508 337 1599 374 mala

71 410 186 446 opera,
220 398 256 434 in
282 397 379 434 verbi
403 396 625 445 potissimum
652 397 774 433 Divini
799 397 888 442 luce,
914 397 1049 445 palliari
1074 397 1124 433 ita
1148 403 1310 445 possunt,
1335 401 1377 434 ut
1402 411 1474 434 non
1499 401 1601 436 tanto

73 458 183 505 magis
214 458 320 494 etiam
354 470 428 494 sese
460 457 623 505 prodant,
661 461 795 505 quanto
830 458 959 495 maiore
984 458 1063 506 quis
1088 459 1263 506 hypocrisi
1287 459 1392 496 celari
1417 459 1476 496 illa
1501 460 1600 499 velit.

71 519 148 566 Ego
174 531 266 562 sane,
292 522 334 555 ut
360 521 395 555 et
420 519 483 565 qui
508 532 562 555 me
588 519 654 555 huc
680 523 852 556 vocarunt
878 533 1009 562 omnes,
1036 521 1166 568 optime
1191 520 1323 568 alioqui
1349 521 1449 558 nobis
1475 521 1517 558 de
1533 522 1602 559 fide

71 580 365 628 observantiaque
389 584 510 617 nostra
535 582 570 617 in
597 583 694 617 tuam
719 581 943 618 Maiestatem
969 582 1109 626 conscii,
1135 582 1183 618 sit
1209 582 1284 619 Deo
1310 583 1440 630 gratia!
1467 583 1599 620 nullam

72 639 214 676 omnino
246 639 360 676 lucem
393 653 506 687 neque·
532 641 728 688 refugimus
753 653 867 688 neque
894 641 1131 685 formidamus,
1157 641 1216 677 sed
1242 642 1354 690 palam
1379 643 1539 691 cupimus
1566 647 1602 681 et

72 702 227 738 accusari
271 704 307 738 et
340 702 548 750 respondere
580 703 753 746 omnibus,
790 704 853 750 qui
886 716 950 739 nos
984 703 1058 740 ullo
1091 716 1234 752 prorsus
1267 705 1406 742 nomine
1447 705 1603 753 legitime

71 775 234 799 accusare
267 763 398 800 volent.
433 764 478 800 ld
503 777 607 811 porro
633 765 662 800 si
687 768 852 802 recusant
878 766 1069 802 adversarii
1094 766 1219 810 nostri,
1245 772 1435 814 nostraque
1461 768 1597 805 interim

72 824 189 861 omnia
220 824 445 861 clandestinis
480 826 552 862 suis
579 826 895 863 obtrectationibus
920 827 1084 863 arrodere
1109 840 1179 864 non
1205 831 1354 872 cessant,
1380 841 1444 865 nos
1470 829 1603 866 Christi

73 885 216 921 Domini
248 898 430 922 censuram
464 890 640 923 aeternam
675 890 784 934 atque
818 887 1070 924 immutabilem
1101 888 1316 936 appellamus
1351 902 1497 937 eamque
1522 893 1558 927 et
1582 904 1603 928 a

72 946 148 981 Tua
181 945 369 983 Maiestate
405 947 518 994 Regia
551 951 587 984 et
620 961 640 984 a
665 949 730 997 piis
759 948 906 985 ubilibet
931 949 1093 986 omnibus
1118 950 1349 998 approbatum
1375 952 1417 988 iri
1443 965 1514 988 11011
1539 953 1604 989 du-

74 1006 236 1051 bitamus,
263 1008 448 1055 quaeillis
473 1022 608 1046 omnem
635 1010 768 1057 alioqui
794 1011 1023 1058 quantumvis
1042 1012 1216 1059 speciosae
1233 1012 1454 1060 hypocriseos
1470 1013 1602 1050 larvam

75 1069 228 1105 detrahit
264 1082 394 1118 eosque
418 1071 514 1107 aliud
539 1071 626 1108 nihil
652 1084 755 1119 quam
782 1071 927 1118 Φειῦλει
955 1070 1209 1118 πράσσοντες,
1234 1073 1297 1109 1100
1323 1077 1377 1110 est
1402 1075 1603 1122 iniquitatis

74 1131 250 1178 operarios
275 1132 441 1180 furesque
465 1145 503 1169 ac
528 1133 682 1170 latrones
706 1146 780 1170 esse
805 1133 934 1170 diserte
960 1136 1126 1170 testatur.

123 1193 309 1230 Caeterum
343 1197 396 1230 est
428 1198 465 1230 et
489 1194 595 1239 aliud,
622 1195 701 1231 Rex
725 1195 987 1242 potentissime!
1020 1195 1116 1242 quod
1141 1195 1225 1231 mihi
1251 1196 1355 1232 etiam
1381 1197 1522 1234 silentio
1547 1198 1603 1235 hic

74 1256 367 1303 praetereundum
393 1269 464 1292 non
490 1268 564 1292 esse
589 1256 724 1304 putavi,
751 1269 873 1304 nempe
898 1256 941 1292 de
966 1256 1101 1293 Aloisio
1126 1257 1333 1305 Lipomano,
1359 1258 1502 1306 indigno
1525 1261 1602 1307 qui·

75 1316 153 1352 deni
187 1329 320 1360 revera,
355 1319 397 1353 ut
422 1317 567 1364 ipsemet
594 1318 739 1361 fatetur,
766 1317 826 1353 sed
850 1317 956 1365 longe
981 1318 1187 1364 dignissimo
1212 1322 1320 1366 atque
1344 1321 1603 1367 appositissimo

73 1378 268 1426 apostatica
300 1379 416 1426 Papae
449 1379 601 1415 Romani
636 1378 798 1415 cathedra
830 1379 961 1426 legato,
996 1380 1058 1426 qui
1096 1392 1150 1416 me
1188 1380 1222 1416 in
1249 1393 1313 1417 sua
1338 1382 1381 1417 ad
1406 1381 1601 1419 illustrissi-

75 1453 171 1475 mum
207 1440 407 1488 Principem
445 1439 637 1476 Dominum
670 1440 873 1477 Vilnensem
908 1440 1110 1477 Palatinum
1136 1443 1166 1488 9)
1200 1446 1266 1478 etc.
1300 1455 1336 1478 se
1370 1442 1471 1491 plane
1496 1444 1602 1491 digna

74 1502 222 1550 epistola
253 1503 464 1539 haereticum
497 1503 672 1539 hominem
704 1515 778 1539 esse
803 1503 934 1540 scribit.
984 1503 1064 1539 Etsi
1090 1504 1182 1540 enim
1208 1504 1468 1542 illustrissimus
1498 1507 1596 1543 Prin-

73 1576 153 1611 ceps
186 1563 244 1599 ille
278 1577 340 1612 pro
373 1564 504 1612 pietate
539 1564 746 1611 virtuteque
772 1577 835 1600 sua
860 1564 990 1611 insigni
1016 1565 1169 1600 hominis
1195 1565 1446 1613 impudentiam
1463 1567 1601 1605 abunde

73 1626 248 1662 retuderit
283 1638 345 1661 sua
378 1626 603 1673 responsione
628 1626 920 1669 luculentissima,
947 1629 988 1662 ut
1014 1626 1056 1662 ad
1081 1626 1181 1662 illum
1208 1627 1295 1664 1111111
1321 1628 1391 1665 fere
1416 1629 1496 1665 addi
1525 1643 1602 1678 pos-

74 1687 132 1729 sit,
158 1707 206 1714 -—
223 1686 290 1722 etsi
307 1687 391 1722 item
409 1685 489 1734 plus
505 1687 590 1722 satis
604 1686 746 1733 cognita
763 1686 810 1722 sit
830 1692 908 1722 toto
927 1687 1008 1723 orbe
1027 1687 1227 1724 Christiano
1244 1687 1431 1736 Lipomani
1447 1689 1604 1737 improba

74 1747 265 1795 hypocrisis
301 1749 336 1783 et
370 1747 584 1795 hypocritica
609 1747 779 1794 quaedam
805 1747 968 1791 civilitas,
994 1750 1047 1791 ut,
1073 1748 1236 1795 quisquis
1261 1748 1303 1784 ab
1328 1750 1403 1797 ipso
1428 1750 1603 1796 laudetur,

74 1809 199 1845 merito
225 1808 325 1844 bonis
352 1809 512 1844 omnibus
538 1812 723 1856 suspectus
749 1821 834 1852 esse,
860 1809 1022 1856 quisquis
1049 1821 1131 1845 vero
1149 1810 1367 1854 traducatur,
1387 1824 1449 1858 pro
1468 1812 1601 1859 optimo

72 1870 369 1918 integerrimoque
394 1870 532 1906 homine
557 1869 692 1906 censeri
717 1869 841 1917 possit,
868 1873 985 1905 tamen
1011 1872 1046 1905 et
1072 1882 1135 1917 ego
1161 1872 1283 1906 mutus
1301 1870 1354 1906 hic
1373 1871 1513 1908 omnino
1527 1885 1602 1909 esse

73 1945 143 1968 non
178 1932 279 1979 potui
315 1932 352 1967 in
383 1931 585 1980 depellenda
617 1944 637 1967 a
671 1943 725 1967 me
755 1931 858 1967 nimis
892 1931 1050 1968 effrontis
1088 1931 1261 1968 calumnia
1287 1935 1322 1968 et
1347 1933 1602 1970 criminatione.

74 1993 174 2030 Facit
200 2006 283 2030 vero
308 1993 500 2040 ingeniose,
526 2006 570 2029 ne
596 1993 706 2029 dicam
732 1992 856 2029 callide
874 2005 913 2029 ac
932 1992 1184 2037 fraudulenter,
1203 1993 1298 2040 quod
1316 1993 1414 2029 nulla
1431 1994 1603 2042 producta

72 2054 206 2090 haeresi
231 2055 444 2091 haereticum
471 2067 525 2091 me
549 2054 692 2090 interim
717 2066 791 2090 esse
815 2053 930 2100 fingit,
956 2056 998 2090 ut
1025 2053 1111 2090 nihil
1136 2053 1236 2090 illum
1263 2053 1426 2091 videlicet
1455 2055 1602 2102 probare

71 2117 245 2163 oporteat,
270 2115 330 2151 sed
355 2115 387 2151 ei
412 2115 515 2151 liceat
540 2115 674 2152 scilicet
699 2115 914 2152 comminisci
940 2115 1051 2151 adhuc
1077 2128 1168 2162 quae
1193 2115 1291 2159 velit,
1318 2116 1348 2152 si
1374 2116 1516 2163 quidem
1542 2130 1600 2153 ur-

74 2178 211 2223 geatur,
244 2178 308 2212 aut
341 2188 525 2223 vesparum
551 2176 663 2212 instar
689 2175 796 2211 infixo
823 2175 942 2211 aculeo
970 2175 1101 2221 fugere.
1151 2175 1356 2211 Praeclarus
1383 2175 1541 2223 profecto
1568 2179 1606 2213 et

73 2240 258 2274 accusator
284 2236 388 2273 simul
414 2239 450 2273 et
475 2236 597 2272 iudex!
635 2236 770 2283 Quodsi
797 2249 917 2272 eorum
943 2235 1082 2284 culpam
1108 2236 1144 2272 in
1170 2249 1223 2272 me
1250 2249 1393 2284 quoque
1419 2237 1604 2281 transfert,

75 2312 227 2347 quorum
261 2299 401 2335 nomine
433 2299 625 2335 Dominum
658 2298 861 2334 Vilnensem
895 2297 1096 2333 Palatinum
1123 2297 1278 2345 sugillat,
1305 2298 1467 2345 equidem
1495 2301 1536 2335 ut
1560 2299 1603 2335 ad

75 2373 128 2396 me
160 2360 336 2408 pertinere
369 2372 409 2396 ea
442 2360 557 2396 omnia
590 2372 653 2408 pro
689 2372 764 2396 mea
800 2360 976 2396 tenuitate
1009 2372 1081 2397 non
1105 2366 1267 2407 possunt,
1294 2361 1344 2397 ita
1370 2375 1461 2409 quae
1487 2352 1534 2398 in¹
1551 2376 1605 2400 me

75 2421 197 2458 cadere
222 2420 296 2457 ullo
323 2420 424 2457 modo
450 2424 611 2468 possunt,
637 2434 676 2457 ea
701 2433 782 2456 sane
809 2420 908 2456 facile
933 2420 1046 2469 patiar
1071 2421 1115 2456 ad
1140 2434 1195 2457 me
1220 2421 1408 2469 pertinere,
1435 2423 1503 2459 imo
1522 2436 1605 2459 vero

77 2483 227 2530 optarim
251 2482 294 2518 ad
312 2495 366 2518 me
383 2495 482 2530 posse
499 2482 674 2530 pertinere
694 2482 821 2526 omnia,
840 2482 942 2518 modo
960 2485 1001 2518 ut
1019 2484 1062 2530 ¹⁰)
1080 2486 1302 2531 praepostera
1321 2496 1447 2520 vocum
1464 2498 1604 2521 suarum

73 2544 268 2592 usurpatio,
306 2556 376 2591 qua
409 2543 521 2580 bonus
561 2543 615 2579 vir
653 2543 713 2580 ille
744 2556 953 2591 magnopere
986 2543 1151 2579 delectari
1187 2544 1341 2588 videtur,
1367 2547 1430 2581 aut
1457 2546 1606 2582 tollatur

71 2611 134 2641 aut
159 2606 367 2652 corrigatur.
393 2605 485 2641 Nam
511 2605 578 2641 etsi
603 2617 643 2641 ea
667 2617 851 2651 agnoscam
879 2605 1004 2648 omnia,
1034 2607 1211 2652 quatenus
1238 2605 1381 2652 quidem
1408 2619 1479 2642 rem
1496 2607 1606 2654 ipsam

72 2679 130 2714 per
166 2680 213 2710 se,
240 2680 311 2703 11011
335 2670 453 2703 autem
479 2666 619 2703 detorta
645 2666 794 2702 hominis
821 2665 924 2701 verba
950 2668 1158 2713 spectamus,
1186 2666 1272 2703 adeo
1299 2679 1384 2704 sane
1409 2668 1496 2703 1111111
1522 2669 1605 2704 1111111

72 2733 192 2764 metuo
226 2729 262 2764 in
297 2728 363 2764 Dei
389 2728 517 2764 iudicio
544 2728 684 2764 illorum
710 2727 867 2764 omnium
893 2728 1046 2772 nomine,
1074 2731 1115 2764 ut
1142 2728 1254 2765 inulto
1282 2729 1390 2776 magis
1426 2729 1509 2765 1111111
1535 2743 1603 2766 1110-

72 2789 243 2826 tuendum
269 2802 344 2826 esse
368 2789 516 2834 credam,
543 2789 610 2825 nisi
637 2802 675 2825 ea
701 2802 936 2836 agnoscerem.
970 2789 1037 2825 Sed
1064 2789 1182 2826 videat
1207 2790 1423 2838 Lipomanus
1442 2804 1496 2835 ne,
1522 2791 1605 2827 dum

70 2861 106 2884 se
131 2848 245 2896 Papae
271 2850 326 2886 sui
352 2851 567 2886 auctoritate
593 2849 850 2886 haereticorum
876 2852 1116 2885 accusatorem
1142 2850 1273 2897 pariter
1298 2863 1336 2887 ac
1363 2850 1513 2888 iudicem
1532 2864 1607 2887 esse

69 2910 230 2955 somniat,
271 2911 487 2959 gravissimis
530 2912 678 2961 ipsemet
711 2924 790 2950 cum
826 2924 890 2949 suo
925 2911 1021 2960 Papa
1056 2914 1094 2948 et
1128 2912 1293 2950 universa
1334 2912 1453 2952 schola
1493 2913 1605 2963 ipsius
