1830 3147
141 77 214 115 280

337 189 626 235 aOmnibus,
670 188 726 227 ad
764 201 882 241 quos
920 193 1207 241 praesentes
1241 191 1419 230 literae
1453 203 1689 243 pervene-

287 256 416 302 rint,
444 255 666 293 salutem!
1002 247 1009 251 ’

339 338 356 355 n
372 321 480 360 Cum
509 334 709 371 magnae
737 320 972 373 quaedam
995 324 1039 360 et
1062 335 1235 372 graves
1261 323 1693 362 considerationes

285 399 370 425 nos
399 387 455 425 ad
483 400 719 439 praesens
746 386 1038 439 specialiter
1064 387 1387 439 impulerunt,
1420 393 1519 428 tum
1546 390 1692 428 etiam

286 451 569 501 cogitantes
606 452 755 496 illud,
787 455 973 503 quanto
1002 452 1169 490 studio
1196 457 1242 492 et
1270 453 1521 492 charitate
1548 453 1695 492 Chri-

284 516 476 555 stianos
520 517 777 569 Principes
821 517 870 555 in
916 522 1288 557 sacrosanctum
1338 519 1427 558 Dei
1468 519 1697 570 Euange-

284 581 399 620 lium
429 584 474 620 et
502 584 613 631 (651)
641 582 938 632 religionem
965 583 1316 633 Apostolicam‚
1342 584 1531 635 abipso
1562 584 1696 623 Chri·

285 651 360 686 sto
409 647 690 686 inchoatam
734 648 1023 686 institutam
1068 652 1113 687 et
1149 649 1408 696 traditam,
1448 650 1696 689 animatos

283 717 329 753 et
364 726 637 766 propensos
679 726 782 751 esse
818 713 1110 761 conveniat,
1147 713 1253 752 sine
1290 728 1380 767 qua
1417 715 1697 755 hauddubie

283 778 464 831 politia
500 783 545 817 et
582 778 728 817 civile
761 778 976 829 regimen
1005 792 1158 830 neque
1187 779 1468 818 consistere
1495 780 1577 819 diu
1613 794 1695 819 ne-

283 858 373 896 que
400 853 572 883 nomen
600 857 732 882 suum
760 844 888 883 tueri
915 848 1102 896 potest,
1129 844 1230 883 nisi
1255 845 1507 897 principes
1536 849 1697 886 caete-

283 910 422 962 rique
448 911 807 961 praepotentes
842 908 963 957 viri,
1000 923 1121 961 quos
1156 909 1287 949 Deus
1324 910 1381 949 ad
1418 910 1695 961 Regnorum

281 974 622 1025 gubernacula
673 973 845 1012 sedere
889 974 1075 1022 voluit,
1119 974 1166 1013 id
1215 974 1457 1026 imprimis
1502 988 1697 1028 operam

282 1038 422 1086 dent,
456 1042 508 1077 ut
547 1052 631 1090 per
656 1041 815 1078 totum
840 1038 1156 1091 reipublicae
1193 1052 1371 1091 corpus
1409 1044 1545 1079 casta
1582 1055 1697 1092 syn-

282 1118 493 1156 ceraque
536 1104 719 1155 religio
763 1104 1082 1143 diffundatur
1125 1109 1171 1144 et
1205 1105 1459 1152 Ecclesia,
1495 1106 1543 1145 in
1580 1120 1697 1145 vere

282 1169 595 1210 Christianis
630 1173 677 1209 et
712 1169 1034 1222 Apostolicis
1071 1169 1401 1222 opinionibus
1437 1175 1482 1210 et
1508 1171 1696 1211 ritibus

281 1235 522 1275 instituta
558 1237 602 1273 et
629 1235 819 1281 adulta,
845 1248 930 1287 per
958 1240 1158 1274 sanctos
1187 1249 1239 1274 ac
1267 1235 1406 1274 carni
1434 1240 1480 1275 et
1515 1237 1695 1276 mundo

283 1304 504 1339 mortuos
531 1299 796 1339 ministros
825 1304 1178 1349 conservetur,
1203 1313 1286 1353 pro
1315 1314 1367 1340 eo
1395 1301 1522 1353 quod
1552 1301 1697 1340 Chri-

283 1365 439 1405 stiani
486 1364 742 1417 Principis
795 1365 1024 1405 officium
1068 1365 1357 1411 statuimus,
1394 1365 1529 1405 inter
1570 1366 1696 1417 ali2as

281 1429 608 1481 gravissimas
644 1430 699 1469 de
725 1443 873 1480 regno
902 1443 987 1469 suo
1014 1430 1137 1469 bene
1165 1429 1524 1482 splendideque
1552 1430 1696 1470 admi-

283 1495 544 1535 nistrando
581 1495 947 1546 cogitationes,
975 1496 1121 1534 etiam
1147 1495 1390 1547 religioni
1417 1499 1464 1535 et
1489 1496 1694 1547 religio-

284 1560 361 1599 nis
406 1573 551 1599 causa
597 1560 878 1600 calamitate
914 1560 1096 1600 fractis
1131 1565 1173 1600 et
1208 1560 1431 1600 afflictis
1463 1561 1697 1600 exulibus

284 1626 563 1665 consulere:

343 1692 520 1737 ‘'Sciatis,
545 1691 671 1743 quod
699 1703 795 1731 non
818 1691 975 1730 solum
1002 1691 1276 1743 praemissa
1305 1691 1702 1743 002ntemp1antes

288 1760 333 1796 et
369 1757 646 1795 Ecclesiam
683 1770 704 1795 a
738 1756 950 1809 Papatus
984 1755 1257 1807 tyrannide
1291 1768 1375 1808 per
1408 1768 1497 1794 nos
1538 1754 1699 1794 vindi-

291 1826 445 1861 catam
478 1821 527 1860 in
561 1821 780 1874 pristina
815 1821 1052 1860 libertate
1089 1833 1386 1860 conservare
1421 1820 1700 1872 cupientes,

290 1900 455 1926 verum
483 1886 625 1926 etiam
655 1887 852 1925 exulum
880 1899 931 1925 ac
957 1886 1331 1939 peregjrinorum
1361 1885 1696 1925 conditionem

291 1953 611 2000 miserantes,
655 1953 738 2005 qui
780 1953 871 1991 iam
918 1952 1066 1992 bonis
1102 1951 1411 2004 temporibus
1447 1952 1495 1990 in
1532 1952 1698 2001 Regno

292 2022 461 2058 nostro
490 2018 700 2068 Angliae
730 2018 999 2058 commorati
1017 2019 1130 2068 (652)
1149 2021 1268 2064 sunt,
1293 2016 1567 2056 voluntario
1597 2017 1700 2056 exi-

293 2086 362 2123 lio
390 2085 661 2136 religionis
698 2088 742 2123 et
769 2085 1031 2123 Ecclesiae
1060 2097 1204 2122 causa
1231 2084 1484 2140 mulctati,
1509 2105 1561 2112 —
1588 2084 1701 2135 quia

293 2150 517 2203 hospites
543 2153 589 2189 et
616 2154 810 2189 exteros
838 2150 1081 2196 homines,
1107 2153 1310 2201 propter
1338 2147 1529 2187 Christi
1551 2148 1703 2188 Euan·

300 2216 479 2267 gelium
523 2228 577 2255 ex
612 2214 774 2267 patria
809 2228 894 2254 sua
929 2213 1235 2267 profligatos
1271 2217 1317 2253 et
1352 2213 1540 2253 eiectos
1574 2217 1620 2252 et
1653 2213 1701 2252 in

292 2280 509 2332 Regnum
537 2283 755 2320 nostrum
782 2280 1044 2333 profugos,
1071 2278 1340 2332 praesidiis
1368 2278 1423 2318 ad
1450 2278 1602 2318 vitam
1627 2277 1702 2316 de·

291 2347 509 2398 lgendam
543 2346 845 2385 necessariis
869 2345 919 2385 in
946 2346 1114 2397 Regno
1142 2348 1316 2385 nostro
1345 2357 1487 2395 egere
1513 2356 1608 2382 non
1637 2343 1701 2381 di-

295 2425 436 2463 gnum
472 2425 600 2457 esse,
635 2424 788 2464 neque
825 2410 1118 2450 Christiano
1147 2410 1361 2457 homine,
1387 2422 1541 2460 neque
1566 2407 1703 2446 Prin-

295 2477 422 2529 cipis
449 2477 834 2533 magnificentia
862 2476 1059 2527 dignum
1086 2489 1189 2515 esse
1217 2475 1463 2520 duximus,
1492 2473 1703 2512 cuiusli-

296 2543 535 2582 beralitas
571 2544 708 2583 nullo
743 2543 883 2582 modo
918 2543 966 2581 in
995 2543 1089 2581 tali
1117 2554 1275 2581 rerum
1303 2544 1438 2580 statu
1466 2538 1703 2578 restricta

305 2609 541 2647 clausave
567 2622 673 2648 esse
701 2607 855 2647 debet.
908 2608 973 2645 Ac
1001 2607 1232 2659 quoniam
1259 2605 1404 2644 multi
1433 2603 1704 2642 Germanae

292 2673 510 2712 nationis
546 2673 772 2713 homines
809 2685 862 2712 ac
897 2673 986 2711 alii
1021 2671 1299 2724 peregrini,
1335 2669 1417 2722 qui
1450 2669 1703 2708 confluxe-

291 2742 419 2790 {runt
454 2742 500 2778 et
537 2739 587 2778 in
623 2740 725 2779 dies
763 2738 992 2790 singulos
1021 2739 1291 2777 confluunt
1316 2728 1366 2774 in
1393 2747 1597 2785 regnum
1624 2748 1701 2773 no-

295 2809 447 2845 strum
482 2805 694 2856 Angliae
727 2818 781 2845 ex
818 2804 1075 2844 Germania
1109 2807 1155 2844 et
1189 2802 1307 2842 aliis
1342 2800 1703 2839 remotioribus

292 2869 544 2927 partibus,
586 2868 635 2908 in
680 2869 860 2922 quibus
894 2869 1108 2921 Papatus
1146 2866 1398 2906 dominatu
1436 2863 1705 2916 Euangelii
