1830 3147
834 65 900 102 759
1365 63 1429 110 [A.
1451 61 1496 98 D.
1523 61 1632 110 1559]

99 178 180 215 fidei
213 174 526 222 observantiaeque
559 175 596 210 in
629 176 666 211 te
699 186 794 212 meae
829 175 866 210 et
899 173 1054 210 omnium
1088 184 1151 220 pro
1183 184 1317 208 summa
1341 172 1436 208 virili
1461 184 1536 207 mea
1560 171 1629 208 ossi-

102 241 237 278 ciorum
262 236 583 276 commendatione!

146 299 294 348 Quoties
330 298 414 334 mihi
437 297 474 333 in
500 299 654 333 mentem
680 296 780 333 venit
802 317 850 325 -
874 295 974 333 venit
997 299 1116 332 autem
1141 294 1256 331 multo
1281 294 1564 342 frequentissime
1588 314 1635 324 -

103 362 278 399 Dominus
303 360 387 398 olim
412 359 522 395 frater
547 361 633 396 tuus
658 358 844 395 Eduardus
869 358 947 394 Rex
973 356 1226 405 pientissimus,
1253 369 1324 404 quo
1349 356 1502 392 mundus
1527 357 1581 393 hic
1599 369 1636 393 re

104 435 188 461 vera
220 422 348 469 dignus
380 433 453 457 non
485 422 560 456 erat
596 425 708 467 tuque
739 419 824 456 adeo
857 420 1005 467 ipsamet
1038 422 1074 454 et
1106 430 1224 454 rerum
1260 418 1341 454 istic
1368 418 1522 454 omnium
1549 418 1636 454 mira

105 483 306 521 hauddubie
340 481 512 530 planeque
537 480 749 517 incredibilis
774 493 813 517 ac
838 481 953 517 minus
978 479 1090 516 multo
1116 479 1228 516 adhuc
1255 481 1439 527 expectata
1462 492 1482 515 a
1514 479 1635 526 1110115-

103 557 174 592 que
206 543 426 586 vicissitudo,
460 541 568 579 toties
599 542 683 578 mihi
716 541 828 589 abripi
860 541 978 578 nescio
1013 553 1084 588 quo
1110 541 1213 577 modo
1239 540 1360 577 videor
1385 541 1422 576 in
1448 542 1640 577 extremam

107 604 285 654 quandam
317 603 584 640 admirationem
616 602 859 650 providentiae
890 602 1080 649 sapientiae
1111 604 1147 638 et
1181 604 1345 639 aeternae
1377 601 1536 638 iustitiae
1562 602 1640 639 Dei.

105 667 219 703 Cuius
243 664 378 712 alioqui
403 663 562 708 consilia,
587 676 659 711 quo
685 664 794 710 magis
821 675 956 699 omnem
985 662 1113 699 mentis
1139 667 1281 699 nostrae
1305 665 1446 710 captum
1465 669 1641 700 transcen-

105 727 208 771 dunt,
242 727 307 763 hoc
341 738 424 762 sane
449 725 557 772 magis
589 725 733 761 illorum
766 724 1045 761 consideratione
1078 724 1261 761 humiliare
1285 737 1350 760 nos
1375 725 1468 771 ipsos
1492 724 1557 760 sub
1583 737 1642 773 po-

109 788 203 825 tenti
237 799 343 824 manu
375 785 472 823 illius
497 788 710 833 nostraeque
733 785 771 822 in
796 786 872 821 vita
896 786 958 822 hac
983 785 1197 822 conditionis
1221 784 1418 821 meminisse
1443 797 1562 821 omnes
1587 785 1644 822 de-

106 850 240 886 bemus.
277 849 392 886 Novit
416 848 582 884 nimirum
607 847 666 885 ille
691 848 898 894 figmentum
923 860 1038 892 suum,
1062 850 1210 884 naturae
1234 847 1377 894 inquam
1402 849 1542 884 nostrae
1567 860 1642 884 cor-

109 910 296 958 ruptelam,
322 922 392 957 qua
418 910 459 946 fit
484 912 526 946 ut
551 912 587 945 et
612 909 715 946 rebus
741 909 903 945 secundis
929 913 1068 957 praeter
1094 909 1235 946 modum
1253 922 1390 946 omnem
1409 909 1508 946 facile
1526 911 1643 947 effera-

107 985 199 1017 mur,
234 974 271 1008 et
307 970 463 1007 adversis
489 983 630 1007 rursum
654 971 817 1018 protinus
843 971 1059 1015 deiiciamur,
1084 983 1123 1007 ac
1148 971 1294 1019 proinde
1320 975 1482 1008 nostrum
1507 973 1644 1010 utrobi-

110 1045 181 1081 que
214 1033 363 1069 officium
398 1034 588 1080 praestare,
620 1031 716 1079 quod
749 1031 893 1068 interim
927 1032 1059 1068 Divina
1091 1032 1188 1068 illius
1214 1032 1326 1080 gloria
1350 1045 1371 1068 a
1395 1033 1495 1069 nobis
1520 1034 1557 1070 in
1585 1047 1648 1070 sua

105 1094 330 1143 potissimum
354 1093 515 1130 Ecclesia
539 1093 701 1140 requirit,
727 1092 999 1140 haudquaquam
1025 1093 1210 1141 possimus.
1253 1093 1435 1130 Gubcrnat
1460 1094 1582 1141 itaque
1608 1101 1645 1131 et

110 1155 313 1192 moderatur
354 1157 476 1191 nostra
510 1154 626 1190 omnia
656 1154 831 1190 inaccesso
862 1154 1004 1201 quidem
1037 1154 1149 1198 nobis}
1182 1155 1244 1191 sed
1277 1157 1395 1190 tamen
1427 1157 1646 1192 sanctissimo

110 1216 264 1253 Divinae
307 1227 391 1252 suae
432 1215 678 1263 providentiae
709 1215 857 1252 consilio
892 1215 1013 1262 sicque
1047 1218 1084 1252 et
1117 1228 1234 1252 amara
1267 1216 1430 1253 dulcibus
1463 1221 1500 1252 et
1534 1217 1650 1253 dulcia

113 1277 239 1313 amaris
265 1276 310 1313 ad
334 1276 486 1312 nominis
513 1276 569 1312 sui
593 1275 762 1312 adorandi
791 1276 939 1323 gloriam
964 1279 1146 1324 temperat,
1172 1280 1215 1313 ut
1232 1277 1397 1313 nimirum
1415 1280 1451 1313 et
1471 1290 1534 1314 nos
1554 1281 1650 1314 utro-

112 1339 218 1385 bique
251 1338 401 1374 officium
436 1349 500 1384 pro
534 1337 739 1374 infirmitate
772 1341 894 1373 nostra
925 1340 1104 1385 praestare
1146 1337 1318 1374 discamus
1345 1351 1536 1386 omnesque
1561 1340 1650 1375 eius-

115 1400 210 1437 modi
244 1411 362 1435 rcrum
396 1398 660 1434 vicissitudines
686 1398 853 1434 salutaria
876 1398 1107 1446 proculdubio
1132 1399 1352 1447 corruptelae
1377 1404 1518 1436 nostrae
1543 1413 1651 1437 remc-

113 1461 169 1497 dia
194 1473 269 1497 esse
293 1462 504 1503 statuamus,
530 1472 653 1507 nempe
677 1462 720 1495 ut
745 1459 829 1496 dum
854 1464 917 1495 aut
938 1461 964 1507 ยน)
991 1459 1106 1496 dulcia
1126 1460 1227 1496 nobis
1244 1460 1380 1497 affluere
1398 1461 1531 1498 Divino
1550 1461 1651 1498 bene-

120 1523 200 1560 ficio
244 1522 416 1566 videmus,
448 1534 493 1558 ne
526 1533 725 1558 amarorum
759 1521 936 1558 oblivione
968 1521 1116 1557 nimium
1149 1521 1280 1569 alioqui
1315 1522 1430 1559 securi
1463 1524 1651 1571 capiamur,

118 1583 177 1620 vel
211 1594 332 1619 eorum
366 1593 489 1617 rursus
521 1593 612 1628 quae
637 1584 722 1617 sunt
747 1594 863 1617 amara
887 1585 999 1628 gustu
1021 1582 1168 1618 nimium
1195 1583 1422 1627 offendamur,
1448 1584 1507 1620 sed
1533 1597 1655 1621 eorum

115 1643 313 1681 molestiam
338 1642 534 1679 certissima
558 1642 714 1678 dulcium
739 1655 800 1690 spe
823 1645 932 1689 atque
957 1643 1213 1690 expectatione,
1248 1643 1348 1679 nobis
1374 1644 1515 1691 quidem
1540 1646 1652 1691 diffisi,

117 1703 178 1740 sed
203 1703 336 1739 Divina
359 1704 504 1750 propter
529 1702 710 1738 Christum
735 1702 928 1739 Dominum
963 1703 1184 1750 benignitate
1217 1705 1350 1749 confisi,
1375 1706 1589 1753 perferamus
1615 1720 1654 1744 ac

118 1764 290 1802 leniamus
315 1776 378 1812 per
410 1763 585 1800 assiduam
619 1776 659 1800 ac
693 1763 886 1812 supplicem
919 1765 1072 1801 nominis
1107 1765 1220 1801 sancti
1255 1765 1350 1802 illius
1383 1768 1654 1805 invocationem.

120 1827 180 1863 Ita
205 1838 288 1862 sane
312 1837 376 1872 ego
403 1828 439 1861 et
463 1824 545 1861 istic
570 1824 687 1861 Deum
712 1825 896 1872 Optimum
921 1826 1117 1862 Maximum
1143 1827 1256 1873 egisse
1282 1827 1514 1876 iustitiaeque
1539 1842 1577 1866 ac
1596 1843 1653 1866 ve-

118 1888 237 1925 ritatis
272 1899 356 1923 suae
388 1887 561 1934 specimen
597 1886 773 1934 quoddam
806 1888 984 1935 singulare
1016 1887 1117 1924 edere
1149 1888 1303 1925 voluisse
1341 1889 1443 1937 plane
1481 1891 1657 1936 existimo,

117 1953 160 1986 ut
198 1952 234 1986 et
258 1949 381 1997 populi
406 1948 699 1996 ingratitudinem
724 1949 830 1985 simul
855 1952 892 1986 et
917 1951 1179 1998 hypocritarum
1204 1951 1381 1999 perfidiam
1407 1954 1561 2000 puniret,
1580 1954 1654 2001 pio-

119 2024 198 2048 rum
222 2024 306 2048 vero
330 2011 433 2047 fidem
458 2023 496 2047 ac
523 2011 772 2047 fortitudinem
796 2012 867 2048 toti
892 2012 1023 2049 mundo
1048 2013 1268 2060 conspicuam
1294 2013 1465 2058 redderet,
1492 2028 1552 2063 per
1578 2016 1656 2053 illo-

120 2085 199 2109 rum
234 2072 459 2110 tolerantiam
493 2075 530 2109 et
563 2072 606 2109 ad
639 2085 738 2109 suam
771 2073 910 2109 demum
946 2074 1094 2121 gloriam
1128 2087 1301 2122 veraeque
1326 2076 1506 2122 religionis
1532 2077 1570 2113 in
1595 2090 1659 2114 sua

121 2134 280 2172 Ecclesia
321 2134 621 2171 confirmationem
662 2135 867 2183 posteritati
899 2136 1169 2172 commendaret.
1218 2137 1298 2173 Etsi
1330 2141 1448 2174 autem
1484 2138 1658 2176 Dominus

121 2197 205 2234 olim
237 2196 346 2232 frater
377 2200 463 2232 tuus
496 2196 533 2231 in
566 2198 688 2233 tenera
719 2197 853 2244 alioqui
887 2200 1005 2234 aetate
1039 2198 1150 2235 adhuc
1185 2211 1248 2234 sua
1272 2199 1374 2236 lactis
1400 2200 1450 2235 ita
1477 2200 1660 2238 fruebatur

124 2270 168 2294 ex
193 2257 326 2293 Divina
351 2257 570 2304 benignitate
603 2262 639 2294 et
664 2258 859 2302 clementia,
885 2262 927 2295 ut
952 2259 1063 2296 nihilo
1089 2260 1202 2296 secius
1228 2261 1345 2296 tristia
1371 2274 1515 2310 quoque
1540 2275 1659 2300 secum

123 2331 214 2367 quae
239 2319 374 2356 eminus
399 2318 616 2363 intuebatur,
642 2320 791 2356 subinde
816 2323 998 2368 reputaret
1034 2324 1070 2358 et
1094 2322 1194 2358 velut
1219 2323 1256 2358 in
1281 2328 1472 2372 prospectu
1498 2337 1576 2369 suo,
1595 2339 1658 2373 pro

123 2382 296 2418 donorum
327 2394 348 2418 a
380 2382 534 2418 Domino
569 2382 607 2418 in
640 2395 677 2418 se
709 2382 920 2419 collatorum
954 2383 1150 2420 admirabili
1174 2397 1318 2432 prorsus
1344 2386 1562 2431 excellentia,
1589 2391 1657 2424 sta-

125 2446 244 2480 tueret
267 2463 314 2471 โ-
336 2442 372 2478 id
391 2443 487 2489 quod
504 2455 569 2490 ego
587 2443 692 2480 etiam
711 2443 752 2480 de
771 2444 845 2480 eius
863 2445 996 2492 pietate
1014 2457 1096 2482 vere
1114 2446 1302 2482 testificare
1321 2459 1463 2495 possum
1480 2469 1526 2476 --
1543 2451 1661 2485 tamen

124 2517 204 2542 cum
231 2516 295 2540 suo
321 2504 432 2552 ipsius
457 2504 569 2540 ductu
594 2504 682 2541 nihil
707 2505 778 2541 sere
802 2505 913 2542 adhuc
938 2510 1059 2554 posset
1083 2519 1186 2553 agere
1212 2509 1248 2543 et
1274 2520 1317 2544 ex
1347 2508 1495 2544 aliorum
1514 2510 1661 2546 consilio

121 2570 230 2613 atque
268 2566 462 2602 autoritate
494 2566 645 2613 pendere
677 2567 929 2614 propemodum
974 2568 1142 2616 Princeps
1184 2569 1425 2605 sanctissimus
1464 2574 1662 2617 cogeretur,

125 2629 236 2666 donec
260 2628 304 2664 ad
329 2627 549 2675 grandiorem
574 2628 679 2676 paulo
705 2632 856 2665 aetatem
880 2630 1110 2677 pervenisset,
1135 2630 1211 2666 fieri
1236 2643 1307 2667 non
1335 2633 1466 2680 potuit,
1493 2632 1581 2679 quin
1607 2633 1663 2669 vel

126 2690 283 2727 invictus
316 2689 528 2737 quandoque
554 2691 732 2738 speciosiS,
758 2695 799 2728 ut
824 2693 876 2735 fit,
901 2692 1113 2739 prudentiae
1139 2693 1307 2730 hnmanae
1332 2694 1487 2730 consiliis
1513 2695 1663 2739 cederet,

128 2760 402 2800 transverseque
444 2756 621 2799 ageretur.
669 2753 796 2800 Neque
839 2754 870 2790 ei
915 2754 1055 2790 defuere
1085 2754 1295 2802 Potiphares
1327 2755 1482 2802 quidam,
1515 2768 1666 2803 quorum

132 2815 306 2862 cuiusque
340 2825 432 2850 uxor
469 2814 574 2861 (ratio
606 2814 750 2861 inquam
777 2815 943 2863 humana)
971 2828 1050 2852 eum
1076 2816 1264 2864 losephum
1289 2820 1460 2861 nostrum,
1488 2817 1667 2853 Christum

134 2876 339 2921 Dominum,
371 2879 561 2925 propterea
596 2876 691 2923 quod
725 2888 803 2913 cum
838 2876 898 2912 illa
930 2877 1221 2914 consuetudinem
1258 2877 1390 2914 nullam
1425 2877 1461 2914 in
1487 2878 1669 2915 vocatione
