<?xml version="1.0" encoding="UTF-8"?>
<!DOCTYPE html PUBLIC "-//W3C//DTD XHTML 1.0 Transitional//EN"
    "http://www.w3.org/TR/xhtml1/DTD/xhtml1-transitional.dtd">
<html xmlns="http://www.w3.org/1999/xhtml" xml:lang="en" lang="en">
 <head>
  <title>
</title>
<meta http-equiv="Content-Type" content="text/html;charset=utf-8" />
  <meta name='ocr-system' content='tesseract 3.04.00' />
  <meta name='ocr-capabilities' content='ocr_page ocr_carea ocr_par ocr_line ocrx_word'/>
</head>
<body>
  <div class='ocr_page' id='page_1' title='image "./operatameditaqua02lask_0681.png"; bbox 0 0 1830 3147; ppageno 0'>
   <div class='ocr_carea' id='block_1_1' title="bbox 748 124 1545 175">
    <p class='ocr_par' dir='ltr' id='par_1_1' title="bbox 748 124 1545 175">
     <span class='ocr_line' id='line_1_1' title="bbox 748 124 1545 175; baseline -0.006 -9"><span class='ocrx_word' id='word_1_1' title='bbox 748 130 817 166; x_wconf 83' lang='lat'>659</span> <span class='ocrx_word' id='word_1_2' title='bbox 1276 128 1337 175; x_wconf 91' lang='lat' dir='ltr'>[A.</span> <span class='ocrx_word' id='word_1_3' title='bbox 1363 125 1409 162; x_wconf 87' lang='lat' dir='ltr'>D.</span> <span class='ocrx_word' id='word_1_4' title='bbox 1435 124 1545 172; x_wconf 88' lang='lat'>1551]</span> 
     </span>
    </p>
   </div>
   <div class='ocr_carea' id='block_1_2' title="bbox 12 234 1556 1506">
    <p class='ocr_par' dir='ltr' id='par_1_2' title="bbox 12 234 1550 958">
     <span class='ocr_line' id='line_1_2' title="bbox 13 234 1541 287; baseline -0.005 -11"><span class='ocrx_word' id='word_1_5' title='bbox 13 240 131 277; x_wconf 86' lang='lat' dir='ltr'>haberi</span> <span class='ocrx_word' id='word_1_6' title='bbox 163 252 267 287; x_wconf 87' lang='lat' dir='ltr'>quam</span> <span class='ocrx_word' id='word_1_7' title='bbox 301 239 419 281; x_wconf 86' lang='lat' dir='ltr'>amari,</span> <span class='ocrx_word' id='word_1_8' title='bbox 455 239 587 285; x_wconf 85' lang='lat' dir='ltr'>quique</span> <span class='ocrx_word' id='word_1_9' title='bbox 621 238 786 274; x_wconf 85' lang='lat' dir='ltr'>invidiam</span> <span class='ocrx_word' id='word_1_10' title='bbox 823 239 998 274; x_wconf 86' lang='lat' dir='ltr'>sustinere</span> <span class='ocrx_word' id='word_1_11' title='bbox 1031 248 1133 284; x_wconf 84' lang='lat' dir='ltr'>quam</span> <span class='ocrx_word' id='word_1_12' title='bbox 1167 234 1409 272; x_wconf 70' lang='lat' dir='ltr'>benevolentia</span> <span class='ocrx_word' id='word_1_13' title='bbox 1434 234 1541 269; x_wconf 89' lang='grc'><strong>1101111-</strong></span> 
     </span>
     <span class='ocr_line' id='line_1_3' title="bbox 13 294 1545 348; baseline -0.005 -10"><span class='ocrx_word' id='word_1_14' title='bbox 13 315 98 339; x_wconf 92' lang='lat' dir='ltr'>num</span> <span class='ocrx_word' id='word_1_15' title='bbox 130 302 201 337; x_wconf 80' lang='lat' dir='ltr'>frui</span> <span class='ocrx_word' id='word_1_16' title='bbox 233 300 362 337; x_wconf 85' lang='lat' dir='ltr'>malim.</span> <span class='ocrx_word' id='word_1_17' title='bbox 401 299 469 336; x_wconf 88' lang='lat' dir='ltr'>Sed</span> <span class='ocrx_word' id='word_1_18' title='bbox 495 302 578 336; x_wconf 84' lang='lat' dir='ltr'>ante</span> <span class='ocrx_word' id='word_1_19' title='bbox 603 300 718 336; x_wconf 89' lang='lat' dir='ltr'>omnia</span> <span class='ocrx_word' id='word_1_20' title='bbox 743 300 779 336; x_wconf 90' lang='lat' dir='ltr'>id</span> <span class='ocrx_word' id='word_1_21' title='bbox 804 299 1036 348; x_wconf 83' lang='lat' dir='ltr'>spectandum</span> <span class='ocrx_word' id='word_1_22' title='bbox 1061 303 1097 334; x_wconf 90' lang='lat' dir='ltr'>et</span> <span class='ocrx_word' id='word_1_23' title='bbox 1122 298 1206 333; x_wconf 85' lang='grc'><strong>1111111</strong></span> <span class='ocrx_word' id='word_1_24' title='bbox 1231 301 1266 334; x_wconf 84' lang='grc'>01</span> <span class='ocrx_word' id='word_1_25' title='bbox 1292 296 1359 344; x_wconf 86' lang='lat' dir='ltr'>piis</span> <span class='ocrx_word' id='word_1_26' title='bbox 1384 294 1545 332; x_wconf 89' lang='lat' dir='ltr'>omnibus</span> 
     </span>
     <span class='ocr_line' id='line_1_4' title="bbox 12 357 1546 411; baseline -0.005 -11"><span class='ocrx_word' id='word_1_27' title='bbox 12 376 87 400; x_wconf 87' lang='lat' dir='ltr'>esse</span> <span class='ocrx_word' id='word_1_28' title='bbox 120 365 220 411; x_wconf 91' lang='lat' dir='ltr'>puto,</span> <span class='ocrx_word' id='word_1_29' title='bbox 245 361 340 409; x_wconf 90' lang='lat' dir='ltr'>quod</span> <span class='ocrx_word' id='word_1_30' title='bbox 365 360 408 397; x_wconf 89' lang='lat' dir='ltr'>ad</span> <span class='ocrx_word' id='word_1_31' title='bbox 433 361 553 397; x_wconf 90' lang='lat' dir='ltr'>divina</span> <span class='ocrx_word' id='word_1_32' title='bbox 576 362 780 408; x_wconf 88' lang='lat' dir='ltr'>praesertim</span> <span class='ocrx_word' id='word_1_33' title='bbox 806 360 949 405; x_wconf 76' lang='lat' dir='ltr'><strong>attinet,</strong></span> <span class='ocrx_word' id='word_1_34' title='bbox 975 372 1019 396; x_wconf 92' lang='lat' dir='ltr'>ne</span> <span class='ocrx_word' id='word_1_35' title='bbox 1044 359 1131 406; x_wconf 90' lang='lat' dir='ltr'>quid</span> <span class='ocrx_word' id='word_1_36' title='bbox 1161 358 1262 395; x_wconf 87' lang='lat' dir='ltr'>nobis</span> <span class='ocrx_word' id='word_1_37' title='bbox 1286 357 1546 406; x_wconf 75' lang='lat' dir='ltr'><strong>permittamus,</strong></span> 
     </span>
     <span class='ocr_line' id='line_1_5' title="bbox 13 418 1546 471; baseline -0.004 -11"><span class='ocrx_word' id='word_1_38' title='bbox 13 424 109 471; x_wconf 90' lang='lat' dir='ltr'>quod</span> <span class='ocrx_word' id='word_1_39' title='bbox 142 424 230 461; x_wconf 88' lang='lat' dir='ltr'>certi</span> <span class='ocrx_word' id='word_1_40' title='bbox 262 422 404 459; x_wconf 88' lang='lat' dir='ltr'>omnino</span> <span class='ocrx_word' id='word_1_41' title='bbox 439 435 509 458; x_wconf 91' lang='lat' dir='ltr'>non</span> <span class='ocrx_word' id='word_1_42' title='bbox 542 435 676 468; x_wconf 87' lang='lat' dir='ltr'>sumus,</span> <span class='ocrx_word' id='word_1_43' title='bbox 702 435 766 459; x_wconf 98' lang='grc'><strong>1105</strong></span> <span class='ocrx_word' id='word_1_44' title='bbox 791 424 873 458; x_wconf 86' lang='lat' dir='ltr'>tuta</span> <span class='ocrx_word' id='word_1_45' title='bbox 897 421 1160 468; x_wconf 87' lang='lat' dir='ltr'>tranquillaque</span> <span class='ocrx_word' id='word_1_46' title='bbox 1185 422 1307 457; x_wconf 87' lang='lat' dir='ltr'>nostra</span> <span class='ocrx_word' id='word_1_47' title='bbox 1331 418 1546 456; x_wconf 86' lang='lat' dir='ltr'>conscientia</span> 
     </span>
     <span class='ocr_line' id='line_1_6' title="bbox 12 481 1546 532; baseline -0.004 -11"><span class='ocrx_word' id='word_1_48' title='bbox 12 486 114 522; x_wconf 84' lang='lat' dir='ltr'>iuxta</span> <span class='ocrx_word' id='word_1_49' title='bbox 138 485 281 522; x_wconf 87' lang='lat' dir='ltr'>verbum</span> <span class='ocrx_word' id='word_1_50' title='bbox 308 483 376 520; x_wconf 91' lang='lat' dir='ltr'>Dei</span> <span class='ocrx_word' id='word_1_51' title='bbox 402 484 515 520; x_wconf 85' lang='lat' dir='ltr'>facere</span> <span class='ocrx_word' id='word_1_52' title='bbox 539 497 653 532; x_wconf 89' lang='lat' dir='ltr'>posse.</span> <span class='ocrx_word' id='word_1_53' title='bbox 702 485 761 521; x_wconf 88' lang='lat' dir='ltr'>Ita</span> <span class='ocrx_word' id='word_1_54' title='bbox 787 497 862 532; x_wconf 86' lang='lat' dir='ltr'>ego,</span> <span class='ocrx_word' id='word_1_55' title='bbox 897 495 977 520; x_wconf 90' lang='lat' dir='ltr'>cum</span> <span class='ocrx_word' id='word_1_56' title='bbox 1003 495 1057 519; x_wconf 86' lang='lat' dir='ltr'>me</span> <span class='ocrx_word' id='word_1_57' title='bbox 1082 495 1154 519; x_wconf 90' lang='lat' dir='ltr'>non</span> <span class='ocrx_word' id='word_1_58' title='bbox 1179 481 1319 518; x_wconf 86' lang='lat' dir='ltr'>videam</span> <span class='ocrx_word' id='word_1_59' title='bbox 1346 483 1425 517; x_wconf 89' lang='lat' dir='ltr'>tuta</span> <span class='ocrx_word' id='word_1_60' title='bbox 1450 483 1546 516; x_wconf 84' lang='lat' dir='ltr'>tran-</span> 
     </span>
     <span class='ocr_line' id='line_1_7' title="bbox 13 540 1548 594; baseline -0.003 -12"><span class='ocrx_word' id='word_1_61' title='bbox 13 546 196 594; x_wconf 87' lang='lat' dir='ltr'>quillaque</span> <span class='ocrx_word' id='word_1_62' title='bbox 230 557 306 582; x_wconf 91' lang='lat' dir='ltr'>mea</span> <span class='ocrx_word' id='word_1_63' title='bbox 329 545 544 582; x_wconf 88' lang='lat' dir='ltr'>conscientia</span> <span class='ocrx_word' id='word_1_64' title='bbox 568 548 687 582; x_wconf 84' lang='lat' dir='ltr'>vestes</span> <span class='ocrx_word' id='word_1_65' title='bbox 714 545 791 582; x_wconf 87' lang='lat' dir='ltr'>illas</span> <span class='ocrx_word' id='word_1_66' title='bbox 825 545 862 580; x_wconf 90' lang='lat' dir='ltr'>in</span> <span class='ocrx_word' id='word_1_67' title='bbox 895 547 1051 580; x_wconf 87' lang='lat' dir='ltr'>nostram</span> <span class='ocrx_word' id='word_1_68' title='bbox 1078 543 1269 580; x_wconf 83' lang='lat' dir='ltr'>Ecclesiam</span> <span class='ocrx_word' id='word_1_69' title='bbox 1293 541 1458 578; x_wconf 84' lang='lat' dir='ltr'>inducere</span> <span class='ocrx_word' id='word_1_70' title='bbox 1483 540 1548 577; x_wconf 88' lang='lat' dir='ltr'>sub</span> 
     </span>
     <span class='ocr_line' id='line_1_8' title="bbox 15 602 1544 654; baseline -0.003 -11"><span class='ocrx_word' id='word_1_71' title='bbox 15 620 90 644; x_wconf 92' lang='lat' dir='ltr'>meo</span> <span class='ocrx_word' id='word_1_72' title='bbox 115 606 310 643; x_wconf 89' lang='lat' dir='ltr'>ministerio</span> <span class='ocrx_word' id='word_1_73' title='bbox 336 618 448 654; x_wconf 86' lang='lat' dir='ltr'>posse,</span> <span class='ocrx_word' id='word_1_74' title='bbox 474 607 614 643; x_wconf 89' lang='lat' dir='ltr'>haerere</span> <span class='ocrx_word' id='word_1_75' title='bbox 640 606 694 642; x_wconf 88' lang='lat' dir='ltr'>hic</span> <span class='ocrx_word' id='word_1_76' title='bbox 720 618 826 653; x_wconf 86' lang='lat' dir='ltr'>cogor</span> <span class='ocrx_word' id='word_1_77' title='bbox 851 606 1025 653; x_wconf 75' lang='lat' dir='ltr'>tantisper</span> <span class='ocrx_word' id='word_1_78' title='bbox 1051 605 1134 641; x_wconf 85' lang='lat' dir='ltr'>dum</span> <span class='ocrx_word' id='word_1_79' title='bbox 1159 617 1269 641; x_wconf 90' lang='lat' dir='ltr'>meam</span> <span class='ocrx_word' id='word_1_80' title='bbox 1296 602 1544 640; x_wconf 83' lang='lat' dir='ltr'>conscientiam</span> 
     </span>
     <span class='ocr_line' id='line_1_9' title="bbox 13 663 1546 714; baseline -0.004 -10"><span class='ocrx_word' id='word_1_81' title='bbox 13 667 124 704; x_wconf 84' lang='lat' dir='ltr'>laxari</span> <span class='ocrx_word' id='word_1_82' title='bbox 149 668 284 704; x_wconf 85' lang='lat' dir='ltr'>videam</span> <span class='ocrx_word' id='word_1_83' title='bbox 309 666 418 703; x_wconf 90' lang='lat' dir='ltr'>Verbi</span> <span class='ocrx_word' id='word_1_84' title='bbox 446 667 568 703; x_wconf 82' lang='lat' dir='ltr'>Divini</span> <span class='ocrx_word' id='word_1_85' title='bbox 592 667 822 711; x_wconf 84' lang='lat' dir='ltr'>authoritate,</span> <span class='ocrx_word' id='word_1_86' title='bbox 849 679 919 714; x_wconf 90' lang='lat' dir='ltr'>qua</span> <span class='ocrx_word' id='word_1_87' title='bbox 945 666 1019 702; x_wconf 88' lang='lat' dir='ltr'>sola</span> <span class='ocrx_word' id='word_1_88' title='bbox 1044 666 1138 702; x_wconf 89' lang='lat' dir='ltr'>illam</span> <span class='ocrx_word' id='word_1_89' title='bbox 1165 671 1202 702; x_wconf 89' lang='lat' dir='ltr'>et</span> <span class='ocrx_word' id='word_1_90' title='bbox 1219 665 1328 701; x_wconf 83' lang='lat' dir='ltr'>laxari</span> <span class='ocrx_word' id='word_1_91' title='bbox 1346 667 1381 700; x_wconf 91' lang='lat' dir='ltr'>et</span> <span class='ocrx_word' id='word_1_92' title='bbox 1398 663 1546 708; x_wconf 82' lang='lat' dir='ltr'>astringi</span> 
     </span>
     <span class='ocr_line' id='line_1_10' title="bbox 13 722 1547 775; baseline -0.004 -11"><span class='ocrx_word' id='word_1_93' title='bbox 13 728 140 765; x_wconf 85' lang='lat' dir='ltr'>debere</span> <span class='ocrx_word' id='word_1_94' title='bbox 164 730 263 775; x_wconf 84' lang='lat' dir='ltr'>puto.</span> <span class='ocrx_word' id='word_1_95' title='bbox 289 727 436 775; x_wconf 85' lang='lat' dir='ltr'>Alioqui</span> <span class='ocrx_word' id='word_1_96' title='bbox 463 728 491 764; x_wconf 90' lang='lat' dir='ltr'>si</span> <span class='ocrx_word' id='word_1_97' title='bbox 518 728 602 763; x_wconf 79' lang='lat' dir='ltr'>mihi</span> <span class='ocrx_word' id='word_1_98' title='bbox 628 739 704 763; x_wconf 87' lang='lat' dir='ltr'>mea</span> <span class='ocrx_word' id='word_1_99' title='bbox 728 727 944 764; x_wconf 87' lang='lat' dir='ltr'>conscientia</span> <span class='ocrx_word' id='word_1_100' title='bbox 969 729 1108 775; x_wconf 90' lang='lat' dir='ltr'>praeter</span> <span class='ocrx_word' id='word_1_101' title='bbox 1135 726 1203 762; x_wconf 90' lang='lat' dir='ltr'>Dei</span> <span class='ocrx_word' id='word_1_102' title='bbox 1228 725 1373 762; x_wconf 87' lang='lat' dir='ltr'>verbum</span> <span class='ocrx_word' id='word_1_103' title='bbox 1400 722 1547 759; x_wconf 82' lang='lat' dir='ltr'>laxanda</span> 
     </span>
     <span class='ocr_line' id='line_1_11' title="bbox 13 784 1550 836; baseline -0.005 -10"><span class='ocrx_word' id='word_1_104' title='bbox 13 793 119 834; x_wconf 89' lang='lat' dir='ltr'>esset,</span> <span class='ocrx_word' id='word_1_105' title='bbox 150 789 234 825; x_wconf 90' lang='lat' dir='ltr'>alibi</span> <span class='ocrx_word' id='word_1_106' title='bbox 265 788 359 825; x_wconf 88' lang='lat' dir='ltr'>illam</span> <span class='ocrx_word' id='word_1_107' title='bbox 394 788 611 826; x_wconf 87' lang='lat' dir='ltr'>commodius</span> <span class='ocrx_word' id='word_1_108' title='bbox 646 788 762 824; x_wconf 88' lang='lat' dir='ltr'>multo</span> <span class='ocrx_word' id='word_1_109' title='bbox 796 789 913 824; x_wconf 86' lang='lat' dir='ltr'>laxare</span> <span class='ocrx_word' id='word_1_110' title='bbox 947 788 1152 836; x_wconf 87' lang='lat' dir='ltr'>potuissem,</span> <span class='ocrx_word' id='word_1_111' title='bbox 1180 787 1208 834; x_wconf 75' lang='lat'>³)</span> <span class='ocrx_word' id='word_1_112' title='bbox 1244 786 1303 823; x_wconf 86' lang='lat' dir='ltr'>scd</span> <span class='ocrx_word' id='word_1_113' title='bbox 1329 797 1394 832; x_wconf 86' lang='lat' dir='ltr'>ago</span> <span class='ocrx_word' id='word_1_114' title='bbox 1420 784 1550 832; x_wconf 81' lang='lat' dir='ltr'>gratias</span> 
     </span>
     <span class='ocr_line' id='line_1_12' title="bbox 17 848 1550 897; baseline -0.005 -10"><span class='ocrx_word' id='word_1_115' title='bbox 17 850 170 887; x_wconf 88' lang='lat' dir='ltr'>Domino</span> <span class='ocrx_word' id='word_1_116' title='bbox 198 850 275 886; x_wconf 92' lang='lat' dir='ltr'>Deo</span> <span class='ocrx_word' id='word_1_117' title='bbox 301 862 390 894; x_wconf 89' lang='lat' dir='ltr'>meo,</span> <span class='ocrx_word' id='word_1_118' title='bbox 416 849 512 897; x_wconf 90' lang='lat' dir='ltr'>quod</span> <span class='ocrx_word' id='word_1_119' title='bbox 540 862 594 886; x_wconf 90' lang='lat' dir='ltr'>me</span> <span class='ocrx_word' id='word_1_120' title='bbox 619 850 661 885; x_wconf 88' lang='lat' dir='ltr'>ab</span> <span class='ocrx_word' id='word_1_121' title='bbox 687 849 857 886; x_wconf 87' lang='lat' dir='ltr'>eiusmodi</span> <span class='ocrx_word' id='word_1_122' title='bbox 883 849 1064 885; x_wconf 86' lang='lat' dir='ltr'>laxatione</span> <span class='ocrx_word' id='word_1_123' title='bbox 1090 849 1250 891; x_wconf 84' lang='lat' dir='ltr'>servarit,</span> <span class='ocrx_word' id='word_1_124' title='bbox 1277 852 1313 884; x_wconf 85' lang='lat' dir='ltr'>et</span> <span class='ocrx_word' id='word_1_125' title='bbox 1338 859 1412 891; x_wconf 91' lang='lat' dir='ltr'>oro,</span> <span class='ocrx_word' id='word_1_126' title='bbox 1437 848 1478 882; x_wconf 91' lang='lat' dir='ltr'>ut</span> <span class='ocrx_word' id='word_1_127' title='bbox 1495 857 1550 881; x_wconf 89' lang='lat' dir='ltr'>me</span> 
     </span>
     <span class='ocr_line' id='line_1_13' title="bbox 13 909 1150 958; baseline -0.001 -11"><span class='ocrx_word' id='word_1_128' title='bbox 13 911 174 958; x_wconf 86' lang='lat' dir='ltr'>deinceps</span> <span class='ocrx_word' id='word_1_129' title='bbox 200 923 343 958; x_wconf 86' lang='lat' dir='ltr'>quoque</span> <span class='ocrx_word' id='word_1_130' title='bbox 369 923 506 947; x_wconf 86' lang='lat' dir='ltr'>servare</span> <span class='ocrx_word' id='word_1_131' title='bbox 531 910 642 946; x_wconf 86' lang='lat' dir='ltr'>adhue</span> <span class='ocrx_word' id='word_1_132' title='bbox 668 923 728 958; x_wconf 93' lang='lat' dir='ltr'>per</span> <span class='ocrx_word' id='word_1_133' title='bbox 755 923 852 946; x_wconf 87' lang='lat' dir='ltr'>suam</span> <span class='ocrx_word' id='word_1_134' title='bbox 878 910 1025 956; x_wconf 81' lang='lat' dir='ltr'>gratiam</span> <span class='ocrx_word' id='word_1_135' title='bbox 1052 909 1150 946; x_wconf 87' lang='lat' dir='ltr'>velit.</span> 
     </span>
    </p>

    <p class='ocr_par' dir='ltr' id='par_1_3' title="bbox 15 967 1556 1506">
     <span class='ocr_line' id='line_1_14' title="bbox 64 967 1554 1018; baseline -0.004 -11"><span class='ocrx_word' id='word_1_136' title='bbox 64 971 117 1007; x_wconf 88' lang='lat' dir='ltr'>Ut</span> <span class='ocrx_word' id='word_1_137' title='bbox 153 978 271 1008; x_wconf 87' lang='lat' dir='ltr'>autem</span> <span class='ocrx_word' id='word_1_138' title='bbox 306 984 376 1007; x_wconf 93' lang='lat' dir='ltr'>non</span> <span class='ocrx_word' id='word_1_139' title='bbox 411 974 542 1007; x_wconf 86' lang='lat' dir='ltr'>temere</span> <span class='ocrx_word' id='word_1_140' title='bbox 577 983 686 1007; x_wconf 89' lang='lat' dir='ltr'>meam</span> <span class='ocrx_word' id='word_1_141' title='bbox 723 971 785 1007; x_wconf 88' lang='lat' dir='ltr'>hac</span> <span class='ocrx_word' id='word_1_142' title='bbox 811 971 845 1006; x_wconf 91' lang='lat' dir='ltr'>in</span> <span class='ocrx_word' id='word_1_143' title='bbox 872 973 974 1018; x_wconf 86' lang='lat' dir='ltr'>parte</span> <span class='ocrx_word' id='word_1_144' title='bbox 1000 969 1246 1006; x_wconf 81' lang='lat' dir='ltr'>conscientiam</span> <span class='ocrx_word' id='word_1_145' title='bbox 1272 967 1451 1004; x_wconf 84' lang='lat' dir='ltr'>astrictam</span> <span class='ocrx_word' id='word_1_146' title='bbox 1479 978 1554 1001; x_wconf 87' lang='lat' dir='ltr'>esse</span> 
     </span>
     <span class='ocr_line' id='line_1_15' title="bbox 15 1026 1551 1079; baseline -0.004 -11"><span class='ocrx_word' id='word_1_147' title='bbox 15 1032 210 1076; x_wconf 87' lang='lat' dir='ltr'>ostendam,</span> <span class='ocrx_word' id='word_1_148' title='bbox 235 1032 387 1068; x_wconf 84' lang='lat' dir='ltr'>adferam</span> <span class='ocrx_word' id='word_1_149' title='bbox 415 1032 500 1075; x_wconf 86' lang='lat' dir='ltr'>tibi,</span> <span class='ocrx_word' id='word_1_150' title='bbox 524 1032 571 1067; x_wconf 89' lang='lat' dir='ltr'>mi</span> <span class='ocrx_word' id='word_1_151' title='bbox 598 1031 768 1068; x_wconf 83' lang='lat' dir='ltr'>Domine!</span> <span class='ocrx_word' id='word_1_152' title='bbox 796 1031 913 1079; x_wconf 88' lang='lat' dir='ltr'>plures</span> <span class='ocrx_word' id='word_1_153' title='bbox 939 1043 1043 1078; x_wconf 85' lang='lat' dir='ltr'>quam</span> <span class='ocrx_word' id='word_1_154' title='bbox 1073 1043 1173 1066; x_wconf 88' lang='lat' dir='ltr'>unam</span> <span class='ocrx_word' id='word_1_155' title='bbox 1199 1029 1333 1067; x_wconf 86' lang='lat' dir='ltr'>consilii</span> <span class='ocrx_word' id='word_1_156' title='bbox 1360 1029 1463 1064; x_wconf 82' lang='lat' dir='ltr'>huius</span> <span class='ocrx_word' id='word_1_157' title='bbox 1484 1026 1551 1062; x_wconf 87' lang='lat' dir='ltr'>mci</span> 
     </span>
     <span class='ocr_line' id='line_1_16' title="bbox 16 1091 1556 1141; baseline -0.005 -12"><span class='ocrx_word' id='word_1_158' title='bbox 16 1094 144 1141; x_wconf 86' lang='lat' dir='ltr'>petitas</span> <span class='ocrx_word' id='word_1_159' title='bbox 182 1105 225 1129; x_wconf 84' lang='lat' dir='ltr'>ex</span> <span class='ocrx_word' id='word_1_160' title='bbox 261 1093 369 1129; x_wconf 88' lang='lat' dir='ltr'>verbo</span> <span class='ocrx_word' id='word_1_161' title='bbox 404 1092 472 1129; x_wconf 89' lang='lat' dir='ltr'>Dei</span> <span class='ocrx_word' id='word_1_162' title='bbox 498 1093 663 1129; x_wconf 89' lang='lat' dir='ltr'>rationes.</span> <span class='ocrx_word' id='word_1_163' title='bbox 714 1092 808 1128; x_wconf 88' lang='lat' dir='ltr'>Illud</span> <span class='ocrx_word' id='word_1_164' title='bbox 837 1095 954 1128; x_wconf 81' lang='lat' dir='ltr'>tamen</span> <span class='ocrx_word' id='word_1_165' title='bbox 980 1092 1173 1140; x_wconf 70' lang='lat' dir='ltr'>piaesabor,</span> <span class='ocrx_word' id='word_1_166' title='bbox 1199 1103 1252 1127; x_wconf 92' lang='lat' dir='ltr'>me</span> <span class='ocrx_word' id='word_1_167' title='bbox 1278 1091 1331 1126; x_wconf 87' lang='lat' dir='ltr'>hic</span> <span class='ocrx_word' id='word_1_168' title='bbox 1357 1102 1427 1125; x_wconf 91' lang='grc'><strong>11011</strong></span> <span class='ocrx_word' id='word_1_169' title='bbox 1453 1099 1556 1134; x_wconf 78' lang='lat' dir='ltr'>agere</span> 
     </span>
     <span class='ocr_line' id='line_1_17' title="bbox 16 1148 1555 1201; baseline -0.004 -12"><span class='ocrx_word' id='word_1_170' title='bbox 16 1153 60 1190; x_wconf 90' lang='lat' dir='ltr'>de</span> <span class='ocrx_word' id='word_1_171' title='bbox 83 1153 213 1189; x_wconf 90' lang='lat' dir='ltr'>ritibus</span> <span class='ocrx_word' id='word_1_172' title='bbox 240 1153 445 1189; x_wconf 86' lang='lat' dir='ltr'>iamdudum</span> <span class='ocrx_word' id='word_1_173' title='bbox 470 1153 508 1189; x_wconf 90' lang='lat' dir='ltr'>in</span> <span class='ocrx_word' id='word_1_174' title='bbox 532 1153 652 1201; x_wconf 88' lang='lat' dir='ltr'>aliqua</span> <span class='ocrx_word' id='word_1_175' title='bbox 677 1152 833 1190; x_wconf 88' lang='lat' dir='ltr'>Ecclesia</span> <span class='ocrx_word' id='word_1_176' title='bbox 858 1153 1051 1201; x_wconf 90' lang='lat' dir='ltr'>usurpatis,</span> <span class='ocrx_word' id='word_1_177' title='bbox 1077 1152 1150 1199; x_wconf 90' lang='lat' dir='ltr'>qui,</span> <span class='ocrx_word' id='word_1_178' title='bbox 1168 1151 1297 1187; x_wconf 91' lang='lat' dir='ltr'>dudum</span> <span class='ocrx_word' id='word_1_179' title='bbox 1318 1150 1458 1193; x_wconf 85' lang='lat' dir='ltr'>invecti,</span> <span class='ocrx_word' id='word_1_180' title='bbox 1477 1148 1555 1184; x_wconf 89' lang='lat' dir='ltr'>tolli</span> 
     </span>
     <span class='ocr_line' id='line_1_18' title="bbox 16 1212 1550 1262; baseline -0.004 -11"><span class='ocrx_word' id='word_1_181' title='bbox 16 1214 121 1251; x_wconf 87' lang='lat' dir='ltr'>simul</span> <span class='ocrx_word' id='word_1_182' title='bbox 154 1227 225 1251; x_wconf 94' lang='lat' dir='ltr'>non</span> <span class='ocrx_word' id='word_1_183' title='bbox 258 1217 408 1262; x_wconf 87' lang='lat' dir='ltr'>possunt</span> <span class='ocrx_word' id='word_1_184' title='bbox 434 1217 470 1251; x_wconf 88' lang='lat' dir='ltr'>et</span> <span class='ocrx_word' id='word_1_185' title='bbox 495 1214 641 1262; x_wconf 87' lang='lat' dir='ltr'>proinde</span> <span class='ocrx_word' id='word_1_186' title='bbox 665 1214 905 1262; x_wconf 88' lang='lat' dir='ltr'>aliquousque</span> <span class='ocrx_word' id='word_1_187' title='bbox 942 1213 1116 1250; x_wconf 86' lang='lat' dir='ltr'>tolerandi</span> <span class='ocrx_word' id='word_1_188' title='bbox 1141 1212 1253 1249; x_wconf 88' lang='lat' dir='ltr'>adhuc</span> <span class='ocrx_word' id='word_1_189' title='bbox 1278 1212 1455 1254; x_wconf 89' lang='lat' dir='ltr'>videntur,</span> <span class='ocrx_word' id='word_1_190' title='bbox 1481 1221 1550 1245; x_wconf 90' lang='grc'><strong>11011</strong></span> 
     </span>
     <span class='ocr_line' id='line_1_19' title="bbox 15 1272 1554 1324; baseline -0.003 -12"><span class='ocrx_word' id='word_1_191' title='bbox 15 1277 91 1313; x_wconf 89' lang='grc'><strong>51110</strong></span> <span class='ocrx_word' id='word_1_192' title='bbox 123 1279 241 1312; x_wconf 89' lang='lat' dir='ltr'>tamen</span> <span class='ocrx_word' id='word_1_193' title='bbox 275 1276 381 1323; x_wconf 84' lang='lat' dir='ltr'>digna</span> <span class='ocrx_word' id='word_1_194' title='bbox 406 1288 526 1312; x_wconf 90' lang='lat' dir='ltr'>eorum</span> <span class='ocrx_word' id='word_1_195' title='bbox 554 1275 832 1324; x_wconf 86' lang='lat' dir='ltr'>reprehensione,</span> <span class='ocrx_word' id='word_1_196' title='bbox 859 1276 889 1312; x_wconf 91' lang='lat' dir='ltr'>si</span> <span class='ocrx_word' id='word_1_197' title='bbox 914 1275 1057 1322; x_wconf 88' lang='lat' dir='ltr'>quando</span> <span class='ocrx_word' id='word_1_198' title='bbox 1082 1275 1117 1310; x_wconf 92' lang='lat' dir='ltr'>id</span> <span class='ocrx_word' id='word_1_199' title='bbox 1144 1278 1285 1322; x_wconf 86' lang='lat' dir='ltr'>tem&#39;pns</span> <span class='ocrx_word' id='word_1_200' title='bbox 1311 1277 1374 1309; x_wconf 88' lang='lat' dir='ltr'>aut</span> <span class='ocrx_word' id='word_1_201' title='bbox 1399 1285 1454 1308; x_wconf 85' lang='lat' dir='ltr'>res</span> <span class='ocrx_word' id='word_1_202' title='bbox 1480 1272 1554 1319; x_wconf 84' lang='lat' dir='ltr'>ipsa</span> 
     </span>
     <span class='ocr_line' id='line_1_20' title="bbox 16 1334 1551 1385; baseline -0.003 -11"><span class='ocrx_word' id='word_1_203' title='bbox 16 1337 197 1385; x_wconf 89' lang='lat' dir='ltr'>postulare</span> <span class='ocrx_word' id='word_1_204' title='bbox 221 1337 375 1381; x_wconf 87' lang='lat' dir='ltr'>videtur,</span> <span class='ocrx_word' id='word_1_205' title='bbox 400 1358 447 1365; x_wconf 95' lang='lat'><strong>—</strong></span> <span class='ocrx_word' id='word_1_206' title='bbox 472 1337 532 1374; x_wconf 88' lang='lat' dir='ltr'>sed</span> <span class='ocrx_word' id='word_1_207' title='bbox 557 1337 684 1384; x_wconf 90' lang='lat' dir='ltr'>loquor</span> <span class='ocrx_word' id='word_1_208' title='bbox 710 1336 752 1373; x_wconf 91' lang='lat' dir='ltr'>de</span> <span class='ocrx_word' id='word_1_209' title='bbox 778 1337 981 1373; x_wconf 86' lang='lat' dir='ltr'>invehendis</span> <span class='ocrx_word' id='word_1_210' title='bbox 1006 1337 1043 1372; x_wconf 91' lang='lat' dir='ltr'>in</span> <span class='ocrx_word' id='word_1_211' title='bbox 1068 1336 1222 1383; x_wconf 85' lang='lat' dir='ltr'>aliquam</span> <span class='ocrx_word' id='word_1_212' title='bbox 1240 1334 1432 1371; x_wconf 84' lang='lat' dir='ltr'>Ecclesiam</span> <span class='ocrx_word' id='word_1_213' title='bbox 1450 1334 1551 1370; x_wconf 85' lang='lat' dir='ltr'>novis</span> 
     </span>
     <span class='ocr_line' id='line_1_21' title="bbox 17 1395 1553 1445; baseline -0.003 -11"><span class='ocrx_word' id='word_1_214' title='bbox 17 1398 146 1434; x_wconf 87' lang='lat' dir='ltr'>ritibus</span> <span class='ocrx_word' id='word_1_215' title='bbox 171 1402 309 1445; x_wconf 87' lang='lat' dir='ltr'>praeter</span> <span class='ocrx_word' id='word_1_216' title='bbox 334 1397 492 1434; x_wconf 85' lang='lat' dir='ltr'>Verbum</span> <span class='ocrx_word' id='word_1_217' title='bbox 520 1398 597 1442; x_wconf 87' lang='lat' dir='ltr'>Dei,</span> <span class='ocrx_word' id='word_1_218' title='bbox 624 1398 687 1445; x_wconf 86' lang='lat' dir='ltr'>qui</span> <span class='ocrx_word' id='word_1_219' title='bbox 713 1399 750 1433; x_wconf 90' lang='lat' dir='ltr'>in</span> <span class='ocrx_word' id='word_1_220' title='bbox 775 1397 835 1433; x_wconf 87' lang='lat' dir='ltr'>illa</span> <span class='ocrx_word' id='word_1_221' title='bbox 860 1409 1042 1444; x_wconf 88' lang='lat' dir='ltr'>nunquam</span> <span class='ocrx_word' id='word_1_222' title='bbox 1067 1400 1170 1433; x_wconf 88' lang='lat' dir='ltr'>antea</span> <span class='ocrx_word' id='word_1_223' title='bbox 1195 1396 1373 1433; x_wconf 86' lang='lat' dir='ltr'>observati</span> <span class='ocrx_word' id='word_1_224' title='bbox 1392 1395 1553 1431; x_wconf 79' lang='lat' dir='ltr'>fuissent.</span> 
     </span>
     <span class='ocr_line' id='line_1_22' title="bbox 18 1458 1551 1506; baseline -0.001 -12"><span class='ocrx_word' id='word_1_225' title='bbox 18 1458 189 1505; x_wconf 88' lang='lat' dir='ltr'>Redigam</span> <span class='ocrx_word' id='word_1_226' title='bbox 221 1461 340 1495; x_wconf 87' lang='lat' dir='ltr'>autem</span> <span class='ocrx_word' id='word_1_227' title='bbox 377 1460 530 1495; x_wconf 88' lang='lat' dir='ltr'>rationes</span> <span class='ocrx_word' id='word_1_228' title='bbox 557 1471 660 1503; x_wconf 85' lang='lat' dir='ltr'>meaS,</span> <span class='ocrx_word' id='word_1_229' title='bbox 686 1471 774 1506; x_wconf 89' lang='lat' dir='ltr'>quas</span> <span class='ocrx_word' id='word_1_230' title='bbox 800 1459 933 1506; x_wconf 83' lang='lat' dir='ltr'>alioqui</span> <span class='ocrx_word' id='word_1_231' title='bbox 959 1459 1063 1495; x_wconf 88' lang='lat' dir='ltr'>etiam</span> <span class='ocrx_word' id='word_1_232' title='bbox 1089 1459 1196 1505; x_wconf 87' lang='lat' dir='ltr'>attigi</span> <span class='ocrx_word' id='word_1_233' title='bbox 1222 1459 1258 1494; x_wconf 92' lang='lat' dir='ltr'>in</span> <span class='ocrx_word' id='word_1_234' title='bbox 1284 1460 1405 1494; x_wconf 84' lang='lat' dir='ltr'>nostra</span> <span class='ocrx_word' id='word_1_235' title='bbox 1431 1460 1551 1505; x_wconf 86' lang='lat' dir='ltr'>postu-</span> 
     </span>
    </p>
   </div>
   <div class='ocr_carea' id='block_1_3' title="bbox 17 1518 1551 1627">
    <p class='ocr_par' dir='ltr' id='par_1_4' title="bbox 17 1518 1551 1627">
     <span class='ocr_line' id='line_1_23' title="bbox 17 1518 1551 1567; baseline 0 -13"><span class='ocrx_word' id='word_1_236' title='bbox 17 1519 161 1562; x_wconf 82' lang='lat' dir='ltr'>latione,</span> <span class='ocrx_word' id='word_1_237' title='bbox 187 1519 222 1554; x_wconf 92' lang='lat' dir='ltr'>in</span> <span class='ocrx_word' id='word_1_238' title='bbox 247 1522 360 1556; x_wconf 86' lang='lat' dir='ltr'>certas</span> <span class='ocrx_word' id='word_1_239' title='bbox 384 1522 672 1567; x_wconf 86' lang='lat' dir='ltr'>argumentorum</span> <span class='ocrx_word' id='word_1_240' title='bbox 699 1519 837 1564; x_wconf 83' lang='lat' dir='ltr'>formas,</span> <span class='ocrx_word' id='word_1_241' title='bbox 863 1523 905 1556; x_wconf 89' lang='lat' dir='ltr'>ut</span> <span class='ocrx_word' id='word_1_242' title='bbox 930 1532 985 1556; x_wconf 86' lang='lat' dir='ltr'>res</span> <span class='ocrx_word' id='word_1_243' title='bbox 1010 1521 1089 1556; x_wconf 86' lang='lat' dir='ltr'>tota</span> <span class='ocrx_word' id='word_1_244' title='bbox 1113 1519 1204 1556; x_wconf 89' lang='lat' dir='ltr'>clare</span> <span class='ocrx_word' id='word_1_245' title='bbox 1229 1522 1266 1556; x_wconf 85' lang='lat' dir='ltr'>et</span> <span class='ocrx_word' id='word_1_246' title='bbox 1290 1518 1471 1567; x_wconf 86' lang='lat' dir='ltr'>perspicue</span> <span class='ocrx_word' id='word_1_247' title='bbox 1496 1530 1551 1555; x_wconf 91' lang='lat' dir='ltr'>co-</span> 
     </span>
     <span class='ocr_line' id='line_1_24' title="bbox 20 1580 291 1627; baseline 0.004 -12"><span class='ocrx_word' id='word_1_248' title='bbox 20 1580 142 1625; x_wconf 82' lang='lat' dir='ltr'>gnosci</span> <span class='ocrx_word' id='word_1_249' title='bbox 168 1580 291 1627; x_wconf 88' lang='lat' dir='ltr'>possit.</span> 
     </span>
    </p>
   </div>
   <div class='ocr_carea' id='block_1_4' title="bbox 20 1640 1560 2910">
    <p class='ocr_par' dir='ltr' id='par_1_5' title="bbox 20 1640 1556 2725">
     <span class='ocr_line' id='line_1_25' title="bbox 67 1640 1548 1686; baseline -0.001 -10"><span class='ocrx_word' id='word_1_250' title='bbox 67 1653 101 1676; x_wconf 77' lang='lat' dir='ltr'>a.</span> <span class='ocrx_word' id='word_1_251' title='bbox 150 1640 308 1677; x_wconf 89' lang='lat' dir='ltr'>Primum</span> <span class='ocrx_word' id='word_1_252' title='bbox 349 1642 468 1677; x_wconf 82' lang='lat' dir='ltr'>autem</span> <span class='ocrx_word' id='word_1_253' title='bbox 509 1643 757 1686; x_wconf 87' lang='lat' dir='ltr'>argumentum</span> <span class='ocrx_word' id='word_1_254' title='bbox 798 1640 842 1676; x_wconf 90' lang='lat' dir='ltr'>ad</span> <span class='ocrx_word' id='word_1_255' title='bbox 883 1641 1079 1676; x_wconf 87' lang='lat' dir='ltr'>sententiae</span> <span class='ocrx_word' id='word_1_256' title='bbox 1120 1652 1215 1676; x_wconf 88' lang='lat' dir='ltr'>meae</span> <span class='ocrx_word' id='word_1_257' title='bbox 1251 1640 1548 1676; x_wconf 87' lang='lat' dir='ltr'>confirmationem</span> 
     </span>
     <span class='ocr_line' id='line_1_26' title="bbox 22 1701 1552 1749; baseline -0.001 -12"><span class='ocrx_word' id='word_1_258' title='bbox 22 1703 139 1749; x_wconf 88' lang='lat' dir='ltr'>petam</span> <span class='ocrx_word' id='word_1_259' title='bbox 175 1714 217 1737; x_wconf 83' lang='lat' dir='ltr'>ex</span> <span class='ocrx_word' id='word_1_260' title='bbox 250 1701 438 1738; x_wconf 89' lang='lat' dir='ltr'>interdicto</span> <span class='ocrx_word' id='word_1_261' title='bbox 465 1701 531 1737; x_wconf 90' lang='lat' dir='ltr'>Dei</span> <span class='ocrx_word' id='word_1_262' title='bbox 557 1701 617 1737; x_wconf 91' lang='lat' dir='ltr'>illo</span> <span class='ocrx_word' id='word_1_263' title='bbox 644 1701 686 1737; x_wconf 88' lang='lat' dir='ltr'>de</span> <span class='ocrx_word' id='word_1_264' title='bbox 711 1713 783 1737; x_wconf 89' lang='grc'><strong>11011</strong></span> <span class='ocrx_word' id='word_1_265' title='bbox 809 1701 941 1737; x_wconf 88' lang='lat' dir='ltr'>edendo</span> <span class='ocrx_word' id='word_1_266' title='bbox 970 1701 1090 1736; x_wconf 83' lang='lat' dir='ltr'>fructu</span> <span class='ocrx_word' id='word_1_267' title='bbox 1115 1701 1248 1737; x_wconf 86' lang='lat' dir='ltr'>arboris</span> <span class='ocrx_word' id='word_1_268' title='bbox 1274 1702 1406 1737; x_wconf 84' lang='lat' dir='ltr'>vetitae</span> <span class='ocrx_word' id='word_1_269' title='bbox 1431 1702 1552 1748; x_wconf 80' lang='lat' dir='ltr'>primis</span> 
     </span>
     <span class='ocr_line' id='line_1_27' title="bbox 23 1761 1552 1810; baseline 0.001 -13"><span class='ocrx_word' id='word_1_270' title='bbox 23 1761 228 1810; x_wconf 87' lang='lat' dir='ltr'>parentibus</span> <span class='ocrx_word' id='word_1_271' title='bbox 254 1763 386 1798; x_wconf 77' lang='lat' dir='ltr'>nostris</span> <span class='ocrx_word' id='word_1_272' title='bbox 411 1762 506 1805; x_wconf 86' lang='lat' dir='ltr'>dato,</span> <span class='ocrx_word' id='word_1_273' title='bbox 534 1761 576 1798; x_wconf 90' lang='lat' dir='ltr'>dc</span> <span class='ocrx_word' id='word_1_274' title='bbox 601 1774 672 1808; x_wconf 91' lang='lat' dir='ltr'>quo</span> <span class='ocrx_word' id='word_1_275' title='bbox 699 1762 735 1797; x_wconf 89' lang='lat' dir='ltr'>in</span> <span class='ocrx_word' id='word_1_276' title='bbox 761 1764 884 1798; x_wconf 86' lang='lat' dir='ltr'>nostra</span> <span class='ocrx_word' id='word_1_277' title='bbox 908 1761 1040 1808; x_wconf 85' lang='lat' dir='ltr'>alioqui</span> <span class='ocrx_word' id='word_1_278' title='bbox 1069 1762 1307 1809; x_wconf 81' lang='lat' dir='ltr'>postulatione</span> <span class='ocrx_word' id='word_1_279' title='bbox 1332 1762 1455 1806; x_wconf 82' lang='lat' dir='ltr'>multa,</span> <span class='ocrx_word' id='word_1_280' title='bbox 1481 1774 1552 1809; x_wconf 89' lang='lat' dir='ltr'>quo</span> 
     </span>
     <span class='ocr_line' id='line_1_28' title="bbox 22 1822 1550 1870; baseline 0.001 -13"><span class='ocrx_word' id='word_1_281' title='bbox 22 1822 188 1859; x_wconf 89' lang='lat' dir='ltr'>videlicet</span> <span class='ocrx_word' id='word_1_282' title='bbox 214 1823 312 1859; x_wconf 90' lang='lat' dir='ltr'>Deus</span> <span class='ocrx_word' id='word_1_283' title='bbox 338 1822 475 1858; x_wconf 89' lang='lat' dir='ltr'>abunde</span> <span class='ocrx_word' id='word_1_284' title='bbox 501 1822 602 1858; x_wconf 89' lang='lat' dir='ltr'>nobis</span> <span class='ocrx_word' id='word_1_285' title='bbox 629 1822 831 1866; x_wconf 79' lang='lat' dir='ltr'>declaravit,</span> <span class='ocrx_word' id='word_1_286' title='bbox 857 1822 953 1869; x_wconf 90' lang='lat' dir='ltr'>quod</span> <span class='ocrx_word' id='word_1_287' title='bbox 978 1825 1100 1858; x_wconf 86' lang='lat' dir='ltr'>nostra</span> <span class='ocrx_word' id='word_1_288' title='bbox 1117 1823 1336 1870; x_wconf 86' lang='lat' dir='ltr'>potissimum</span> <span class='ocrx_word' id='word_1_289' title='bbox 1354 1822 1550 1859; x_wconf 82' lang='lat' dir='ltr'>obedientia</span> 
     </span>
     <span class='ocr_line' id='line_1_29' title="bbox 20 1883 1549 1931; baseline 0.001 -12"><span class='ocrx_word' id='word_1_290' title='bbox 20 1883 89 1919; x_wconf 90' lang='lat' dir='ltr'>coli</span> <span class='ocrx_word' id='word_1_291' title='bbox 122 1884 219 1920; x_wconf 89' lang='lat' dir='ltr'>velit.</span> <span class='ocrx_word' id='word_1_292' title='bbox 268 1885 390 1931; x_wconf 89' lang='lat' dir='ltr'>Atque</span> <span class='ocrx_word' id='word_1_293' title='bbox 426 1884 505 1920; x_wconf 89' lang='lat' dir='ltr'>huic</span> <span class='ocrx_word' id='word_1_294' title='bbox 537 1883 726 1921; x_wconf 84' lang='lat' dir='ltr'>interdicto</span> <span class='ocrx_word' id='word_1_295' title='bbox 760 1883 914 1930; x_wconf 87' lang='lat' dir='ltr'>adiungo</span> <span class='ocrx_word' id='word_1_296' title='bbox 951 1885 1106 1930; x_wconf 86' lang='lat' dir='ltr'>regulam</span> <span class='ocrx_word' id='word_1_297' title='bbox 1140 1884 1245 1928; x_wconf 88' lang='lat' dir='ltr'>illam,</span> <span class='ocrx_word' id='word_1_298' title='bbox 1279 1897 1299 1920; x_wconf 89' lang='lat' dir='ltr'>a</span> <span class='ocrx_word' id='word_1_299' title='bbox 1325 1884 1483 1921; x_wconf 83' lang='lat' dir='ltr'>Samuele</span> <span class='ocrx_word' id='word_1_300' title='bbox 1508 1885 1549 1921; x_wconf 85' lang='lat' dir='ltr'>ad</span> 
     </span>
     <span class='ocr_line' id='line_1_30' title="bbox 22 1944 1551 1993; baseline 0.001 -14"><span class='ocrx_word' id='word_1_301' title='bbox 22 1944 164 1981; x_wconf 85' lang='lat' dir='ltr'>Saulem</span> <span class='ocrx_word' id='word_1_302' title='bbox 190 1945 323 1993; x_wconf 85' lang='lat' dir='ltr'>Regem</span> <span class='ocrx_word' id='word_1_303' title='bbox 348 1945 531 1993; x_wconf 86' lang='lat' dir='ltr'>prolatam,</span> <span class='ocrx_word' id='word_1_304' title='bbox 557 1945 747 1992; x_wconf 82' lang='lat' dir='ltr'>gratiorem</span> <span class='ocrx_word' id='word_1_305' title='bbox 773 1957 848 1981; x_wconf 89' lang='lat' dir='ltr'>esse</span> <span class='ocrx_word' id='word_1_306' title='bbox 882 1945 958 1982; x_wconf 85' lang='lat' dir='ltr'>Deo</span> <span class='ocrx_word' id='word_1_307' title='bbox 984 1945 1215 1982; x_wconf 82' lang='lat' dir='ltr'>obedientiam</span> <span class='ocrx_word' id='word_1_308' title='bbox 1241 1947 1276 1982; x_wconf 90' lang='grc'>111</span> <span class='ocrx_word' id='word_1_309' title='bbox 1302 1945 1404 1982; x_wconf 87' lang='grc'><strong>0111111</strong></span> <span class='ocrx_word' id='word_1_310' title='bbox 1431 1946 1551 1992; x_wconf 85' lang='lat' dir='ltr'>ipsius,</span> 
     </span>
     <span class='ocr_line' id='line_1_31' title="bbox 21 2005 1549 2053; baseline 0.001 -13"><span class='ocrx_word' id='word_1_311' title='bbox 21 2017 125 2053; x_wconf 85' lang='lat' dir='ltr'>quam</span> <span class='ocrx_word' id='word_1_312' title='bbox 160 2007 332 2051; x_wconf 80' lang='lat' dir='ltr'>victimas,</span> <span class='ocrx_word' id='word_1_313' title='bbox 367 2011 403 2043; x_wconf 89' lang='lat' dir='ltr'>et</span> <span class='ocrx_word' id='word_1_314' title='bbox 436 2019 479 2043; x_wconf 80' lang='lat' dir='ltr'>ex</span> <span class='ocrx_word' id='word_1_315' title='bbox 514 2007 607 2042; x_wconf 88' lang='lat' dir='ltr'>hisce</span> <span class='ocrx_word' id='word_1_316' title='bbox 638 2005 736 2050; x_wconf 88' lang='grc'><strong>10015,</strong></span> <span class='ocrx_word' id='word_1_317' title='bbox 770 2008 939 2053; x_wconf 87' lang='lat' dir='ltr'>tanquam</span> <span class='ocrx_word' id='word_1_318' title='bbox 974 2019 992 2041; x_wconf 91' lang='lat' dir='ltr'>e</span> <span class='ocrx_word' id='word_1_319' title='bbox 1025 2006 1192 2050; x_wconf 81' lang='lat' dir='ltr'>fontibus,</span> <span class='ocrx_word' id='word_1_320' title='bbox 1224 2007 1272 2042; x_wconf 87' lang='lat' dir='ltr'>sic</span> <span class='ocrx_word' id='word_1_321' title='bbox 1307 2010 1549 2053; x_wconf 82' lang='lat' dir='ltr'>argumentor:</span> 
     </span>
     <span class='ocr_line' id='line_1_32' title="bbox 23 2066 1553 2115; baseline 0.001 -13"><span class='ocrx_word' id='word_1_322' title='bbox 23 2066 57 2102; x_wconf 82' lang='lat'>1.</span> <span class='ocrx_word' id='word_1_323' title='bbox 84 2066 153 2112; x_wconf 79' lang='lat' dir='ltr'>Qui</span> <span class='ocrx_word' id='word_1_324' title='bbox 180 2067 215 2102; x_wconf 88' lang='lat' dir='ltr'>in</span> <span class='ocrx_word' id='word_1_325' title='bbox 241 2067 343 2103; x_wconf 88' lang='lat' dir='ltr'>cultu</span> <span class='ocrx_word' id='word_1_326' title='bbox 369 2080 433 2104; x_wconf 90' lang='lat' dir='ltr'>suo</span> <span class='ocrx_word' id='word_1_327' title='bbox 467 2067 702 2103; x_wconf 83' lang='lat' dir='ltr'>obedientiam</span> <span class='ocrx_word' id='word_1_328' title='bbox 731 2066 812 2102; x_wconf 91' lang='lat' dir='ltr'>vult</span> <span class='ocrx_word' id='word_1_329' title='bbox 837 2066 940 2102; x_wconf 88' lang='lat' dir='ltr'>rebus</span> <span class='ocrx_word' id='word_1_330' title='bbox 959 2066 1036 2103; x_wconf 85' lang='lat' dir='ltr'>aliis</span> <span class='ocrx_word' id='word_1_331' title='bbox 1054 2067 1214 2103; x_wconf 86' lang='lat' dir='ltr'>omnibus</span> <span class='ocrx_word' id='word_1_332' title='bbox 1232 2068 1409 2115; x_wconf 82' lang='lat' dir='ltr'>anteponi,</span> <span class='ocrx_word' id='word_1_333' title='bbox 1426 2068 1455 2103; x_wconf 78' lang='lat' dir='ltr'>is</span> <span class='ocrx_word' id='word_1_334' title='bbox 1473 2080 1553 2103; x_wconf 89' lang='lat' dir='ltr'>sane</span> 
     </span>
     <span class='ocr_line' id='line_1_33' title="bbox 23 2127 1549 2174; baseline 0.002 -12"><span class='ocrx_word' id='word_1_335' title='bbox 23 2129 125 2162; x_wconf 82' lang='lat' dir='ltr'>extra</span> <span class='ocrx_word' id='word_1_336' title='bbox 148 2128 324 2174; x_wconf 88' lang='lat' dir='ltr'>praecepti</span> <span class='ocrx_word' id='word_1_337' title='bbox 350 2128 405 2163; x_wconf 88' lang='lat' dir='ltr'>sui</span> <span class='ocrx_word' id='word_1_338' title='bbox 430 2128 517 2163; x_wconf 89' lang='lat' dir='ltr'>fines</span> <span class='ocrx_word' id='word_1_339' title='bbox 542 2127 609 2164; x_wconf 89' lang='lat' dir='ltr'>eoli</span> <span class='ocrx_word' id='word_1_340' title='bbox 635 2139 672 2164; x_wconf 87' lang='lat' dir='ltr'>se</span> <span class='ocrx_word' id='word_1_341' title='bbox 697 2127 791 2163; x_wconf 88' lang='lat' dir='ltr'>nolle</span> <span class='ocrx_word' id='word_1_342' title='bbox 817 2127 1000 2164; x_wconf 82' lang='lat' dir='ltr'>manifeste</span> <span class='ocrx_word' id='word_1_343' title='bbox 1027 2130 1190 2164; x_wconf 88' lang='lat' dir='ltr'>testatur.</span> <span class='ocrx_word' id='word_1_344' title='bbox 1217 2129 1248 2164; x_wconf 78' lang='lat'>2.</span> <span class='ocrx_word' id='word_1_345' title='bbox 1276 2128 1372 2164; x_wconf 87' lang='lat' dir='ltr'>Deus</span> <span class='ocrx_word' id='word_1_346' title='bbox 1390 2132 1425 2165; x_wconf 90' lang='lat' dir='ltr'>et</span> <span class='ocrx_word' id='word_1_347' title='bbox 1444 2129 1549 2165; x_wconf 83' lang='lat' dir='ltr'>inter-</span> 
     </span>
     <span class='ocr_line' id='line_1_34' title="bbox 23 2186 1553 2236; baseline 0.003 -13"><span class='ocrx_word' id='word_1_348' title='bbox 23 2186 111 2223; x_wconf 88' lang='lat' dir='ltr'>dicti</span> <span class='ocrx_word' id='word_1_349' title='bbox 152 2188 248 2224; x_wconf 86' lang='lat' dir='ltr'>illius</span> <span class='ocrx_word' id='word_1_350' title='bbox 289 2188 409 2235; x_wconf 86' lang='lat' dir='ltr'>primis</span> <span class='ocrx_word' id='word_1_351' title='bbox 451 2188 656 2236; x_wconf 85' lang='lat' dir='ltr'>parentibus</span> <span class='ocrx_word' id='word_1_352' title='bbox 698 2188 831 2224; x_wconf 85' lang='lat' dir='ltr'>nostris</span> <span class='ocrx_word' id='word_1_353' title='bbox 872 2188 946 2224; x_wconf 90' lang='lat' dir='ltr'>dati</span> <span class='ocrx_word' id='word_1_354' title='bbox 981 2192 1018 2224; x_wconf 92' lang='lat' dir='ltr'>et</span> <span class='ocrx_word' id='word_1_355' title='bbox 1050 2189 1191 2236; x_wconf 80' lang='lat' dir='ltr'>regulae</span> <span class='ocrx_word' id='word_1_356' title='bbox 1226 2190 1308 2226; x_wconf 85' lang='lat' dir='ltr'>item</span> <span class='ocrx_word' id='word_1_357' title='bbox 1341 2204 1360 2226; x_wconf 85' lang='lat' dir='ltr'>a</span> <span class='ocrx_word' id='word_1_358' title='bbox 1395 2191 1553 2227; x_wconf 75' lang='lat' dir='ltr'>Samuele</span> 
     </span>
     <span class='ocr_line' id='line_1_35' title="bbox 25 2248 1548 2296; baseline 0.002 -12"><span class='ocrx_word' id='word_1_359' title='bbox 25 2248 185 2296; x_wconf 84' lang='lat' dir='ltr'>proditae</span> <span class='ocrx_word' id='word_1_360' title='bbox 219 2249 437 2292; x_wconf 88' lang='lat' dir='ltr'>testimonio,</span> <span class='ocrx_word' id='word_1_361' title='bbox 470 2249 624 2285; x_wconf 86' lang='lat' dir='ltr'>mandati</span> <span class='ocrx_word' id='word_1_362' title='bbox 658 2249 879 2296; x_wconf 82' lang='lat' dir='ltr'>potissimum</span> <span class='ocrx_word' id='word_1_363' title='bbox 914 2249 970 2285; x_wconf 89' lang='lat' dir='ltr'>sui</span> <span class='ocrx_word' id='word_1_364' title='bbox 1004 2250 1235 2286; x_wconf 86' lang='lat' dir='ltr'>obedientiam</span> <span class='ocrx_word' id='word_1_365' title='bbox 1269 2250 1348 2286; x_wconf 90' lang='lat' dir='ltr'>vult</span> <span class='ocrx_word' id='word_1_366' title='bbox 1383 2252 1416 2287; x_wconf 91' lang='lat' dir='ltr'>in</span> <span class='ocrx_word' id='word_1_367' title='bbox 1451 2251 1548 2287; x_wconf 80' lang='lat' dir='ltr'>cultu</span> 
     </span>
     <span class='ocr_line' id='line_1_36' title="bbox 25 2310 1554 2360; baseline 0 -13"><span class='ocrx_word' id='word_1_368' title='bbox 25 2323 90 2347; x_wconf 86' lang='lat' dir='ltr'>suo</span> <span class='ocrx_word' id='word_1_369' title='bbox 117 2311 220 2347; x_wconf 89' lang='lat' dir='ltr'>rebus</span> <span class='ocrx_word' id='word_1_370' title='bbox 245 2311 323 2347; x_wconf 89' lang='lat' dir='ltr'>aliis</span> <span class='ocrx_word' id='word_1_371' title='bbox 349 2311 510 2347; x_wconf 91' lang='lat' dir='ltr'>omnibus</span> <span class='ocrx_word' id='word_1_372' title='bbox 535 2310 712 2358; x_wconf 87' lang='lat' dir='ltr'>anteponi.</span> <span class='ocrx_word' id='word_1_373' title='bbox 745 2311 777 2346; x_wconf 88' lang='lat'>3.</span> <span class='ocrx_word' id='word_1_374' title='bbox 811 2310 906 2356; x_wconf 86' lang='lat' dir='ltr'>Ergo</span> <span class='ocrx_word' id='word_1_375' title='bbox 940 2311 1037 2346; x_wconf 88' lang='lat' dir='ltr'>Deus</span> <span class='ocrx_word' id='word_1_376' title='bbox 1063 2313 1163 2347; x_wconf 78' lang='lat' dir='ltr'>extra</span> <span class='ocrx_word' id='word_1_377' title='bbox 1187 2313 1361 2360; x_wconf 86' lang='lat' dir='ltr'>praecepti</span> <span class='ocrx_word' id='word_1_378' title='bbox 1388 2313 1442 2348; x_wconf 91' lang='lat' dir='ltr'>sui</span> <span class='ocrx_word' id='word_1_379' title='bbox 1469 2313 1554 2348; x_wconf 76' lang='lat' dir='ltr'>fines</span> 
     </span>
     <span class='ocr_line' id='line_1_37' title="bbox 26 2371 1554 2417; baseline 0.001 -10"><span class='ocrx_word' id='word_1_380' title='bbox 26 2371 121 2408; x_wconf 90' lang='lat' dir='ltr'>nolle</span> <span class='ocrx_word' id='word_1_381' title='bbox 146 2384 182 2408; x_wconf 93' lang='lat' dir='ltr'>se</span> <span class='ocrx_word' id='word_1_382' title='bbox 207 2372 275 2409; x_wconf 89' lang='lat' dir='ltr'>coli</span> <span class='ocrx_word' id='word_1_383' title='bbox 301 2372 486 2408; x_wconf 83' lang='lat' dir='ltr'>manifeste</span> <span class='ocrx_word' id='word_1_384' title='bbox 512 2374 678 2408; x_wconf 86' lang='lat' dir='ltr'>testatur.</span> <span class='ocrx_word' id='word_1_385' title='bbox 704 2391 751 2400; x_wconf 94' lang='lat'><strong>—</strong></span> <span class='ocrx_word' id='word_1_386' title='bbox 775 2371 927 2409; x_wconf 87' lang='lat' dir='ltr'>Perinde</span> <span class='ocrx_word' id='word_1_387' title='bbox 953 2375 1007 2408; x_wconf 89' lang='lat' dir='ltr'>est</span> <span class='ocrx_word' id='word_1_388' title='bbox 1032 2375 1161 2416; x_wconf 85' lang='lat' dir='ltr'>autem,</span> <span class='ocrx_word' id='word_1_389' title='bbox 1188 2373 1262 2408; x_wconf 85' lang='lat' dir='ltr'>sive</span> <span class='ocrx_word' id='word_1_390' title='bbox 1288 2373 1399 2409; x_wconf 88' lang='lat' dir='ltr'>Deum</span> <span class='ocrx_word' id='word_1_391' title='bbox 1420 2379 1554 2417; x_wconf 79' lang='lat' dir='ltr'>eontra,</span> 
     </span>
     <span class='ocr_line' id='line_1_38' title="bbox 26 2431 1555 2480; baseline 0.001 -12"><span class='ocrx_word' id='word_1_392' title='bbox 26 2432 102 2469; x_wconf 87' lang='lat' dir='ltr'>sive</span> <span class='ocrx_word' id='word_1_393' title='bbox 129 2435 231 2469; x_wconf 83' lang='lat' dir='ltr'>extra</span> <span class='ocrx_word' id='word_1_394' title='bbox 255 2433 344 2469; x_wconf 88' lang='lat' dir='ltr'>fines</span> <span class='ocrx_word' id='word_1_395' title='bbox 370 2432 545 2480; x_wconf 77' lang='lat' dir='ltr'>praecepti</span> <span class='ocrx_word' id='word_1_396' title='bbox 571 2432 625 2467; x_wconf 89' lang='lat' dir='ltr'>sui</span> <span class='ocrx_word' id='word_1_397' title='bbox 651 2431 765 2468; x_wconf 88' lang='lat' dir='ltr'>colere</span> <span class='ocrx_word' id='word_1_398' title='bbox 790 2431 949 2468; x_wconf 87' lang='lat' dir='ltr'>velimus.</span> <span class='ocrx_word' id='word_1_399' title='bbox 975 2432 1202 2469; x_wconf 87' lang='lat' dir='ltr'>Obedientiac</span> <span class='ocrx_word' id='word_1_400' title='bbox 1228 2445 1309 2469; x_wconf 87' lang='lat' dir='ltr'>sane</span> <span class='ocrx_word' id='word_1_401' title='bbox 1335 2437 1398 2477; x_wconf 84' lang='lat' dir='ltr'>est,</span> <span class='ocrx_word' id='word_1_402' title='bbox 1426 2437 1465 2469; x_wconf 84' lang='lat' dir='ltr'>ut</span> <span class='ocrx_word' id='word_1_403' title='bbox 1493 2446 1555 2469; x_wconf 89' lang='lat' dir='ltr'>nos</span> 
     </span>
     <span class='ocr_line' id='line_1_39' title="bbox 23 2492 1554 2542; baseline 0.001 -13"><span class='ocrx_word' id='word_1_404' title='bbox 23 2493 120 2529; x_wconf 84' lang='lat' dir='ltr'>intra</span> <span class='ocrx_word' id='word_1_405' title='bbox 144 2494 322 2541; x_wconf 87' lang='lat' dir='ltr'>praecepti</span> <span class='ocrx_word' id='word_1_406' title='bbox 348 2493 432 2529; x_wconf 86' lang='lat' dir='ltr'>fines</span> <span class='ocrx_word' id='word_1_407' title='bbox 459 2492 710 2529; x_wconf 86' lang='lat' dir='ltr'>contineamus.</span> <span class='ocrx_word' id='word_1_408' title='bbox 749 2492 815 2528; x_wconf 79' lang='lat' dir='ltr'>Est</span> <span class='ocrx_word' id='word_1_409' title='bbox 841 2492 952 2539; x_wconf 87' lang='lat' dir='ltr'>igitur</span> <span class='ocrx_word' id='word_1_410' title='bbox 977 2493 1242 2537; x_wconf 85' lang='lat' dir='ltr'>inobedientiae,</span> <span class='ocrx_word' id='word_1_411' title='bbox 1270 2494 1355 2530; x_wconf 86' lang='lat' dir='ltr'>fines</span> <span class='ocrx_word' id='word_1_412' title='bbox 1380 2496 1554 2542; x_wconf 79' lang='lat' dir='ltr'>praecepti</span> 
     </span>
     <span class='ocr_line' id='line_1_40' title="bbox 26 2553 1556 2602; baseline 0.001 -12"><span class='ocrx_word' id='word_1_413' title='bbox 26 2555 277 2601; x_wconf 88' lang='lat' dir='ltr'>quoquomodo</span> <span class='ocrx_word' id='word_1_414' title='bbox 311 2554 580 2597; x_wconf 85' lang='lat' dir='ltr'>transcendisse,</span> <span class='ocrx_word' id='word_1_415' title='bbox 613 2553 641 2588; x_wconf 90' lang='lat' dir='ltr'>si</span> <span class='ocrx_word' id='word_1_416' title='bbox 675 2556 776 2589; x_wconf 80' lang='lat' dir='ltr'>extra</span> <span class='ocrx_word' id='word_1_417' title='bbox 807 2556 870 2589; x_wconf 88' lang='lat' dir='ltr'>aut</span> <span class='ocrx_word' id='word_1_418' title='bbox 901 2560 1024 2590; x_wconf 87' lang='lat' dir='ltr'>contra</span> <span class='ocrx_word' id='word_1_419' title='bbox 1050 2555 1127 2591; x_wconf 90' lang='grc'><strong>11105</strong></span> <span class='ocrx_word' id='word_1_420' title='bbox 1153 2555 1285 2602; x_wconf 87' lang='lat' dir='ltr'>aliquid</span> <span class='ocrx_word' id='word_1_421' title='bbox 1312 2556 1488 2599; x_wconf 86' lang='lat' dir='ltr'>faciamus,</span> <span class='ocrx_word' id='word_1_422' title='bbox 1515 2562 1556 2592; x_wconf 78' lang='lat' dir='ltr'>ut</span> 
     </span>
     <span class='ocr_line' id='line_1_41' title="bbox 27 2614 1554 2665; baseline 0.001 -13"><span class='ocrx_word' id='word_1_423' title='bbox 27 2616 95 2652; x_wconf 88' lang='lat' dir='ltr'>iam</span> <span class='ocrx_word' id='word_1_424' title='bbox 121 2617 274 2653; x_wconf 89' lang='lat' dir='ltr'>vetitum</span> <span class='ocrx_word' id='word_1_425' title='bbox 301 2628 377 2652; x_wconf 87' lang='lat' dir='ltr'>esse</span> <span class='ocrx_word' id='word_1_426' title='bbox 402 2615 438 2651; x_wconf 91' lang='lat' dir='ltr'>in</span> <span class='ocrx_word' id='word_1_427' title='bbox 463 2614 565 2652; x_wconf 91' lang='lat' dir='ltr'>cultu</span> <span class='ocrx_word' id='word_1_428' title='bbox 591 2614 657 2651; x_wconf 93' lang='lat' dir='ltr'>Dei</span> <span class='ocrx_word' id='word_1_429' title='bbox 683 2615 726 2651; x_wconf 85' lang='lat' dir='ltr'>ab</span> <span class='ocrx_word' id='word_1_430' title='bbox 751 2615 827 2663; x_wconf 86' lang='lat' dir='ltr'>ipso</span> <span class='ocrx_word' id='word_1_431' title='bbox 853 2616 1021 2652; x_wconf 87' lang='lat' dir='ltr'>instituto</span> <span class='ocrx_word' id='word_1_432' title='bbox 1048 2615 1297 2663; x_wconf 77' lang='lat' dir='ltr'>intelligamus,</span> <span class='ocrx_word' id='word_1_433' title='bbox 1323 2617 1365 2654; x_wconf 88' lang='lat' dir='ltr'>de</span> <span class='ocrx_word' id='word_1_434' title='bbox 1383 2630 1454 2665; x_wconf 91' lang='lat' dir='ltr'>quo</span> <span class='ocrx_word' id='word_1_435' title='bbox 1472 2618 1554 2654; x_wconf 82' lang='grc'><strong>1111111</strong></span> 
     </span>
     <span class='ocr_line' id='line_1_42' title="bbox 26 2677 453 2725; baseline -0.005 -11"><span class='ocrx_word' id='word_1_436' title='bbox 26 2681 250 2725; x_wconf 85' lang='lat' dir='ltr'>praeceptum</span> <span class='ocrx_word' id='word_1_437' title='bbox 276 2677 453 2713; x_wconf 87' lang='lat' dir='ltr'>habemus.</span> 
     </span>
    </p>

    <p class='ocr_par' dir='ltr' id='par_1_6' title="bbox 30 2738 1560 2910">
     <span class='ocr_line' id='line_1_43' title="bbox 77 2738 1558 2785; baseline 0.001 -10"><span class='ocrx_word' id='word_1_438' title='bbox 77 2739 107 2775; x_wconf 85' lang='lat' dir='ltr'>b.</span> <span class='ocrx_word' id='word_1_439' title='bbox 155 2738 265 2775; x_wconf 91' lang='lat' dir='ltr'>Aliud</span> <span class='ocrx_word' id='word_1_440' title='bbox 301 2742 550 2785; x_wconf 86' lang='lat' dir='ltr'>argumentum</span> <span class='ocrx_word' id='word_1_441' title='bbox 586 2751 686 2776; x_wconf 89' lang='grc'><strong>5111110</strong></span> <span class='ocrx_word' id='word_1_442' title='bbox 721 2752 763 2776; x_wconf 78' lang='lat' dir='ltr'>ex</span> <span class='ocrx_word' id='word_1_443' title='bbox 797 2738 961 2776; x_wconf 87' lang='lat' dir='ltr'>mandato</span> <span class='ocrx_word' id='word_1_444' title='bbox 997 2738 1075 2782; x_wconf 90' lang='lat' dir='ltr'>Dei,</span> <span class='ocrx_word' id='word_1_445' title='bbox 1109 2739 1209 2775; x_wconf 84' lang='lat' dir='ltr'>euius</span> <span class='ocrx_word' id='word_1_446' title='bbox 1243 2739 1346 2775; x_wconf 88' lang='lat' dir='ltr'>etiam</span> <span class='ocrx_word' id='word_1_447' title='bbox 1380 2740 1415 2776; x_wconf 91' lang='lat' dir='ltr'>in</span> <span class='ocrx_word' id='word_1_448' title='bbox 1438 2743 1558 2777; x_wconf 86' lang='lat' dir='ltr'>nostra</span> 
     </span>
     <span class='ocr_line' id='line_1_44' title="bbox 30 2799 1559 2849; baseline 0.002 -14"><span class='ocrx_word' id='word_1_449' title='bbox 30 2799 272 2846; x_wconf 85' lang='lat' dir='ltr'>postulatione</span> <span class='ocrx_word' id='word_1_450' title='bbox 306 2800 459 2843; x_wconf 87' lang='lat' dir='ltr'>memini,</span> <span class='ocrx_word' id='word_1_451' title='bbox 487 2800 597 2836; x_wconf 82' lang='lat' dir='ltr'>Dent.</span> <span class='ocrx_word' id='word_1_452' title='bbox 623 2800 700 2836; x_wconf 91' lang='lat' dir='ltr'>XII</span> <span class='ocrx_word' id='word_1_453' title='bbox 725 2813 811 2849; x_wconf 62' lang='lat' dir='ltr'>cap„</span> <span class='ocrx_word' id='word_1_454' title='bbox 839 2800 933 2848; x_wconf 88' lang='lat' dir='ltr'>quod</span> <span class='ocrx_word' id='word_1_455' title='bbox 957 2799 1088 2847; x_wconf 81' lang='lat' dir='ltr'>alioqui</span> <span class='ocrx_word' id='word_1_456' title='bbox 1114 2800 1244 2848; x_wconf 91' lang='lat' dir='ltr'>pluries</span> <span class='ocrx_word' id='word_1_457' title='bbox 1270 2800 1350 2837; x_wconf 85' lang='lat' dir='ltr'>alibi</span> <span class='ocrx_word' id='word_1_458' title='bbox 1377 2802 1481 2838; x_wconf 86' lang='lat' dir='ltr'>etiam</span> <span class='ocrx_word' id='word_1_459' title='bbox 1508 2815 1559 2839; x_wconf 88' lang='lat' dir='ltr'>re-</span> 
     </span>
     <span class='ocr_line' id='line_1_45' title="bbox 31 2860 1560 2910; baseline 0.001 -13"><span class='ocrx_word' id='word_1_460' title='bbox 31 2860 185 2908; x_wconf 85' lang='lat' dir='ltr'>petitum</span> <span class='ocrx_word' id='word_1_461' title='bbox 217 2862 394 2906; x_wconf 86' lang='lat' dir='ltr'>habemus,</span> <span class='ocrx_word' id='word_1_462' title='bbox 433 2861 561 2907; x_wconf 57' lang='lat' dir='ltr'>„Quod</span> <span class='ocrx_word' id='word_1_463' title='bbox 594 2861 660 2898; x_wconf 91' lang='lat' dir='ltr'>tibi</span> <span class='ocrx_word' id='word_1_464' title='bbox 691 2863 877 2910; x_wconf 87' lang='lat' dir='ltr'>praecipio,</span> <span class='ocrx_word' id='word_1_465' title='bbox 911 2862 976 2898; x_wconf 88' lang='lat' dir='ltr'>hoe</span> <span class='ocrx_word' id='word_1_466' title='bbox 1009 2864 1147 2898; x_wconf 81' lang='lat' dir='ltr'>tantum</span> <span class='ocrx_word' id='word_1_467' title='bbox 1174 2862 1276 2899; x_wconf 88' lang='lat' dir='ltr'>facies</span> <span class='ocrx_word' id='word_1_468' title='bbox 1302 2863 1465 2908; x_wconf 89' lang='lat' dir='ltr'>Domino,</span> <span class='ocrx_word' id='word_1_469' title='bbox 1491 2876 1560 2901; x_wconf 90' lang='lat' dir='ltr'>non</span> 
     </span>
    </p>
   </div>
   <div class='ocr_carea' id='block_1_5' title="bbox 28 2920 1564 3021">
    <p class='ocr_par' dir='ltr' id='par_1_7' title="bbox 28 2920 1564 3021">
     <span class='ocr_line' id='line_1_46' title="bbox 28 2920 1564 2972; baseline 0.001 -14"><span class='ocrx_word' id='word_1_470' title='bbox 28 2920 133 2960; x_wconf 83' lang='lat' dir='ltr'>addes</span> <span class='ocrx_word' id='word_1_471' title='bbox 159 2922 353 2972; x_wconf 86' lang='lat' dir='ltr'>quidquam</span> <span class='ocrx_word' id='word_1_472' title='bbox 380 2935 494 2970; x_wconf 89' lang='lat' dir='ltr'>neque</span> <span class='ocrx_word' id='word_1_473' title='bbox 522 2922 693 2959; x_wconf 87' lang='lat' dir='ltr'>adimes.&#39;&#39;</span> <span class='ocrx_word' id='word_1_474' title='bbox 742 2923 833 2959; x_wconf 89' lang='lat' dir='ltr'>Inde</span> <span class='ocrx_word' id='word_1_475' title='bbox 859 2935 942 2958; x_wconf 82' lang='lat' dir='ltr'>vero</span> <span class='ocrx_word' id='word_1_476' title='bbox 968 2923 1017 2960; x_wconf 89' lang='lat' dir='ltr'>sic</span> <span class='ocrx_word' id='word_1_477' title='bbox 1041 2925 1284 2970; x_wconf 83' lang='lat' dir='ltr'>argumentor:</span> <span class='ocrx_word' id='word_1_478' title='bbox 1334 2924 1367 2959; x_wconf 85' lang='lat'>1.</span> <span class='ocrx_word' id='word_1_479' title='bbox 1406 2924 1564 2961; x_wconf 89' lang='lat' dir='ltr'>Ubicun-</span> 
     </span>
     <span class='ocr_line' id='line_1_47' title="bbox 1346 2985 1415 3021; baseline 0.014 -1"><span class='ocrx_word' id='word_1_480' title='bbox 1346 2985 1415 3021; x_wconf 75' lang='lat'>42*</span> 
     </span>
    </p>
   </div>
  </div>
 </body>
</html>
