1830 3147
184 143 254 179 198

184 251 280 291 mini
314 263 359 289 ex
395 248 564 287 Ecclesia
590 247 795 286 eiiciamur.
849 245 1038 285 Nimirum
1067 256 1146 291 θος,
1178 245 1244 296 qui
1270 245 1317 284 ad
1345 245 1446 283 hunc
1470 245 1624 284 modum
1649 259 1716 284 ex·

187 315 522 359 communicantur,
563 313 723 350 Satanae
749 310 822 362 ipsi
848 310 947 348 tradi
974 309 1162 348 audimus.
1218 309 1297 348 Qui
1324 309 1495 360 equidem
1522 308 1718 359 indulgere

186 394 262 419 non
301 379 408 422 solet.
441 377 516 415 illis
552 376 784 428 praesertim,
811 388 904 426 quos
934 374 1007 411 sibi
1035 372 1081 411 ad
1112 387 1195 411 eum
1224 374 1377 411 modum
1405 374 1565 411 traditos
1593 373 1717 418 habet,

188 445 425 498 potissimum
460 446 583 480 autem
619 441 650 479 si
689 442 802 479 ullam
836 441 877 477 in
905 439 958 476 eis
986 451 1089 489 spem
1115 438 1394 490 resipiscenitae
1422 438 1558 482 videat,
1584 440 1659 483 aut,
1687 437 1718 475 si

185 510 321 562 quibus
352 508 536 557 indulget,
571 520 647 544 non
686 506 759 544 alio
786 505 825 542 id
860 503 1109 555 proculdubio
1149 503 1306 541 consilio
1335 503 1438 547 facit,
1465 516 1576 554 quam
1604 502 1718 553 quod,

187 575 277 611 dum
303 573 377 611 sibi
403 572 450 609 ab
477 572 628 609 illorum
655 569 912 621 resipiscentia
940 581 1016 605 non
1044 580 1270 619 magnopere
1286 568 1429 613 metuit,
1450 570 1714 618 comtemptum

187 652 316 677 eorum
343 651 409 676 sua
433 636 648 675 istiusmodi
674 634 910 684 indulgentia
937 634 1034 671 alere
1061 633 1336 684 obfirmareque
1373 637 1540 671 conatur.
1587 632 1718 670 Esset-

190 717 262 755 que
286 703 397 754 plane
425 701 615 752 deplorata
642 713 687 737 ac
714 699 837 737 modis
865 698 1042 736 omnibus
1070 696 1263 748 desperata
1292 710 1401 735 causa
1417 697 1584 734 omnium
1599 697 1718 747 (quod

189 770 230 807 in
255 768 347 820 ipsis
373 768 460 816 est),
486 767 552 817 qui
578 765 626 803 ad
653 778 736 802 eum
766 764 918 802 modum
945 763 992 801 ab
1020 763 1189 800 Ecclesia
1218 762 1430 807 eiiciuntur,
1457 763 1488 800 si
1516 775 1590 799 non
1610 761 1720 799 certis

187 832 328 870 finibus
364 829 476 868 nobis
504 828 666 880 Spiritus
693 830 847 865 sanctus
874 840 954 864 eam
983 827 1145 863 Satanae
1169 825 1210 863 in
1237 824 1716 872 excommunica-(341)tos

189 896 395 948 potentiam
433 892 796 943 circumscripsisset.
852 891 925 929 Sed
952 892 990 928 in
1020 890 1143 927 carnis
1170 890 1365 928 interitum
1392 889 1491 926 tradi
1520 901 1583 927 eos
1611 889 1717 926 Sata-

190 974 259 999 nae
293 961 432 997 Paulus
470 959 591 1005 docet,
625 957 691 1008 qui
726 956 773 994 ad
809 969 893 993 eum
920 955 1073 992 modum
1100 954 1485 999 excommunicantur,
1511 957 1552 991 ut
1580 953 1719 990 intelli-

189 1039 334 1077 gamus,
370 1024 503 1062 merito
540 1022 689 1074 quidem
718 1034 793 1067 eos,
820 1020 884 1071 qui
912 1033 949 1058 se
977 1033 1042 1070 per
1070 1023 1323 1070 contemptum
1353 1018 1521 1056 omnium
1547 1017 1720 1055 admoni-

190 1093 334 1130 tionum
362 1088 681 1129 exeommunicari
706 1086 914 1138 patiuntur,
942 1086 1102 1123 Satanae
1128 1098 1237 1135 posse
1263 1084 1363 1122 tradi
1390 1084 1471 1121 sine
1498 1096 1562 1134 spe
1593 1082 1722 1120 veniae

193 1157 268 1195 ulla
304 1155 350 1193 ad
387 1158 574 1192 aeternam
604 1151 968 1195 condemnationem,
998 1149 1062 1187 sed
1088 1149 1253 1199 gratuita
1279 1148 1317 1185 id
1347 1149 1417 1186 Dei
1443 1161 1531 1197 erga
1559 1161 1627 1185 nos
1656 1147 1720 1184 be-

193 1221 379 1271 nignitate
414 1220 454 1257 in
492 1218 641 1256 Christo
670 1216 763 1261 fieri,
789 1219 831 1254 ut
856 1215 896 1252 in
925 1215 1047 1252 carnis
1077 1214 1261 1252 duntaxat
1288 1213 1483 1251 interitum
1512 1212 1724 1255 tradantur,

192 1287 223 1325 si
260 1284 452 1337 quomodo
487 1296 551 1334 per
586 1282 773 1320 immissas
809 1294 830 1318 a
868 1281 1006 1318 Satana
1033 1280 1138 1317 iuxta
1174 1278 1393 1330 permissam
1420 1277 1477 1314 illi
1500 1280 1722 1328 potestatem

192 1351 315 1406 earnis
343 1348 562 1388 afflictiones
591 1359 677 1385 caro
703 1346 785 1397 ipsa
814 1345 963 1396 spiritui
990 1344 1137 1390 subiici,
1165 1348 1278 1394 atque
1296 1343 1349 1381 ita
1370 1343 1531 1386 demum,
1551 1341 1617 1392 qui
1635 1344 1723 1378 sunt

191 1404 335 1461 resecti,
361 1414 408 1452 ad
435 1412 731 1464 resipiscentiam
758 1414 794 1448 et
819 1409 1167 1448 reconciliationem
1194 1407 1361 1445 revocari
1378 1406 1537 1458 possint.
1565 1405 1721 1443 Interim

192 1486 316 1519 tamen
345 1477 465 1516 Hiobi
491 1476 661 1527 exemplo
689 1476 879 1520 docemur,
906 1474 952 1511 ad
980 1486 1091 1524 quem
1117 1472 1270 1510 modum
1299 1485 1320 1509 a
1348 1472 1486 1508 Satan-a
1505 1473 1726 1513 tractentui,

193 1547 234 1583 in
261 1557 355 1596 quos
383 1543 445 1580 ille
471 1544 692 1593 potestatem
720 1539 807 1586 sibi,
832 1538 934 1589 quod
970 1537 1016 1575 ad
1047 1550 1191 1575 carnem
1220 1538 1367 1581 attinet,
1393 1549 1414 1573 a
1441 1535 1518 1572 Deo
1550 1533 1725 1572 traditam

195 1610 320 1655 habet,
353 1597 615 1659 quamcunque
649 1604 688 1642 id
716 1603 870 1642 tandem
897 1602 946 1640 ob
977 1615 1127 1639 causam
1155 1613 1426 1651 nonnunquam
1454 1599 1640 1637 Dominus
1667 1600 1724 1636 fa-

196 1676 269 1713 ciat
292 1675 334 1721 ¹).
363 1672 446 1710 Neo
473 1672 553 1709 leve
573 1674 642 1716 est,
661 1669 762 1720 quod
780 1668 824 1706 de
845 1667 1041 1705 Corinthio
1060 1667 1126 1704 illo
1147 1679 1210 1717 per
1229 1666 1386 1703 Paulum
1401 1664 1724 1703 excommunicato

192 1739 364 1788 legimuS,
391 1748 523 1787 nempe
549 1740 627 1772 non
653 1734 812 1771 multum
841 1733 1018 1778 abfuisse,
1044 1732 1136 1782 quin
1163 1731 1426 1769 absorberetur
1453 1731 1493 1768 in
1514 1730 1590 1767 suis
1609 1730 1724 1767 affiic-

195 1804 377 1849 tionibus‚
402 1806 647 1853 posteaquam
673 1798 831 1836 reiectus
860 1802 967 1835 esset.
995 1797 1046 1834 Et
1074 1801 1216 1834 certum
1244 1801 1298 1833 est
1326 1797 1365 1833 in
1394 1795 1579 1832 neminem
1606 1795 1725 1832 solere

196 1881 277 1907 esse
312 1866 499 1904 mitiorem
537 1865 713 1901 Satanam
748 1862 788 1899 in
826 1861 895 1899 hac
930 1862 1021 1906 vita,
1047 1873 1159 1911 quam
1187 1860 1227 1897 in
1255 1872 1330 1905 eos,
1358 1873 1378 1896 a
1406 1872 1566 1909 quorum
1594 1857 1725 1908 resipi-

198 1932 339 1971 scentia
366 1931 440 1969 sibi
465 1929 561 1968 nihil
588 1927 731 1972 metuit,
759 1928 870 1975 (342)
898 1925 953 1964 sic
979 1930 1021 1963 ut
1048 1925 1119 1963 hoc
1148 1938 1235 1962 sane
1261 1924 1381 1973 magis
1410 1923 1458 1961 sit
1486 1922 1647 1961 exitialis
1666 1923 1725 1959 iu-

198 1997 356 2036 dicanda
384 2008 512 2033 eorum
539 1991 891 2037 excommunicatio,
917 2003 991 2040 quo
1019 1989 1147 2028 mitius
1175 2003 1196 2026 a
1217 1990 1355 2026 Satana
1373 1988 1528 2025 tractari
1548 1987 1728 2032 videmus,

198 2075 291 2113 quos
326 2061 389 2098 ille
421 2059 493 2097 sibi
527 2058 602 2095 iam
628 2058 669 2094 in
697 2069 801 2094 suam
828 2059 1063 2106 potestatem,
1091 2053 1326 2104 potissimum
1355 2056 1479 2090 autem
1506 2051 1543 2089 in
1574 2051 1724 2089 nornine

203 2127 339 2165 virtute
366 2129 478 2175 atque
504 2122 704 2161 autoritate
724 2120 873 2158 Christi
902 2119 1057 2157 Domini
1086 2118 1245 2155 traditos
1275 2117 1398 2155 habet.

253 2195 288 2230 2.
317 2190 436 2228 Docet
464 2186 721 2232 Ecclesiastes,
748 2198 824 2223 non
851 2190 929 2222 tam
956 2183 1126 2234 equidem,
1156 2181 1311 2219 crimina
1339 2182 1420 2231 ipsa
1449 2185 1560 2231 atque
1574 2180 1729 2228 flagitia,

202 2254 442 2308 quantumvis
469 2253 610 2303 gravia,
636 2264 746 2302 quam
776 2253 1044 2300 comtemptum
1072 2248 1196 2299 potius
1214 2247 1390 2285 rebellem
1408 2259 1451 2283 ac
1468 2246 1728 2296 praefractum,

203 2319 602 2361 excommunicationis
629 2317 793 2356 remedio
821 2317 868 2354 ab
897 2315 1066 2354 Ecclesia
1095 2314 1234 2352 Christi
1261 2313 1392 2351 arceri.
1445 2312 1600 2350 Nullum
1628 2311 1725 2349 enim

203 2393 280 2426 tam
317 2399 396 2424 esse
431 2393 539 2423 atrox
566 2382 714 2420 facinus
741 2394 784 2418 ac
811 2380 1008 2429 flagitium,
1037 2379 1139 2430 quod
1165 2378 1335 2416 Ecclesia
1363 2378 1458 2415 ferre
1481 2389 1558 2414 non
1587 2376 1732 2421 debeat,

205 2465 289 2489 eum
324 2456 360 2488 et
393 2451 474 2501 ipsa
511 2449 559 2486 sit
595 2447 698 2485 omni
732 2442 964 2483 infirmitatis
1001 2456 1135 2492 genere
1172 2442 1413 2486 circumdata,
1439 2446 1583 2491 praeter
1609 2440 1728 2477 obsti·

206 2521 335 2554 natum
369 2514 544 2552 rebellem
573 2525 616 2550 ac
641 2511 891 2562 praefractum
920 2512 1174 2558 contemptum
1211 2505 1508 2544 admonitionum
1537 2517 1582 2542 ex
1617 2503 1728 2541 verbo

145 2613 152 2619 .
208 2580 289 2618 Dei.
320 2579 406 2616 Hoc
433 2578 531 2615 enim
557 2577 783 2614 fermentum
810 2574 907 2611 ferre
934 2585 1011 2609 non
1038 2575 1161 2621 potest
1190 2570 1359 2608 Christus
1387 2568 1570 2606 Dominus
1595 2567 1636 2604 in
1663 2581 1728 2605 sua

207 2642 388 2687 Ecclesia,
422 2641 575 2692 perinde
610 2645 720 2690 atque
747 2637 950 2675 Diabolum
993 2636 1126 2685 ipsun),
1154 2635 1263 2671 huius
1291 2632 1464 2670 sementi
1490 2632 1667 2668 artificem
1695 2636 1731 2668 et

207 2713 388 2746 autorem.
416 2705 511 2742 Inde
538 2717 624 2742 vero
652 2702 761 2740 facile
788 2712 975 2752 apparere,
1002 2699 1182 2749 quidnam
1210 2698 1257 2735 sit
1285 2696 1515 2734 sentiendum
1548 2695 1591 2732 de
1620 2695 1729 2745 Papi-

209 2773 313 2810 sticis
348 2766 816 2811 excommunicationibus,
853 2765 936 2801 dum
974 2776 1038 2813 per
1065 2762 1148 2799 ilhs
1176 2774 1251 2799 non
1280 2760 1449 2810 equidem
1479 2765 1730 2809 contemptum

256 2902 281 2941 ¹)
304 2899 364 2931 Iob
389 2899 417 2929 1.
