1830 3147
339 122 414 160 384
815 130 989 160 caruca.
1017 129 1127 159 acon.
1155 127 1272 157 tom).

925 233 1064 275 Interr.
1093 237 1156 276 65.

393 295 499 337 Quid
528 296 621 336 dicit
647 301 823 337 octavum
851 298 1100 339 mandatum?

981 365 1096 417 Resp.

393 426 454 466 Ne
480 427 630 467 fureris.

928 493 1069 534 Interr.
1097 498 1158 534 66.

396 556 601 595 Quomodo
629 557 851 597 mandatum
878 557 973 597 illud
1001 559 1253 599 observatur?

988 623 1100 675 Resp.

57 696 76 729 2
99 695 194 729 Thes.
216 697 247 728 4.
394 685 525 724 Quum
552 685 758 736 unicuique
786 686 1051 737 permittimus,
1075 701 1230 726 suorum
1248 689 1435 728 bonorum
1458 690 1655 729 dominum
1674 704 1756 729 esse

56 739 247 813 fugerim.
344 750 449 787 omni
492 749 636 788 iustitia
683 753 719 787 et
762 751 950 801 aequitate
995 764 1083 801 erga
1123 753 1315 802 proximos
1348 755 1503 800 utimur,
1539 767 1648 792 suum
1684 754 1758 806 ipsi

53 823 149 856 Deut.
173 823 223 856 15.
344 814 488 862 damus,
534 820 570 853 et
606 828 755 853 omnem
792 815 1041 866 diligentiam,
1077 818 1134 856 uti
1170 818 1210 856 id
1247 819 1336 857 licet
1378 820 1493 871 inque
1536 824 1666 858 nostra
1701 823 1758 858 est

55 865 298 942 ffjib.3}'.ll2'
342 884 540 931 potestate,
582 880 688 918 iuxta
727 893 909 919 canonem
947 881 1183 921 Christianae
1221 883 1447 930 dilectionis,
1492 884 1652 923 fideliter
1690 884 1757 922 ad-

54 951 168 983 Lucas.
192 951 222 982 6.
343 944 529 991 hibemus,
566 949 607 983 ut
644 945 743 983 bona
770 946 903 997 ipsius,
930 960 1018 998 opes
1045 951 1082 986 et
1111 949 1305 998 negotium
1339 950 1571 995 adiuvemus,
1606 963 1757 1002 promo-

55 993 250 1067 ῗοέζῖῗῗό.
342 1023 494 1048 veamus
531 1014 567 1048 et
605 1023 881 1050 conservemus.
937 1012 1047 1058 Item,
1074 1026 1191 1064 quum
1227 1014 1401 1052 liberales
1438 1019 1473 1053 et
1500 1014 1759 1053 misericordes

55 1077 209 1151 ξοξοιὲῐι.
234 1077 263 1109 8.
342 1075 416 1126 ipsi
451 1088 522 1113 nos
557 1076 779 1127 praebemus
815 1077 854 1114 in
892 1078 1182 1125 commodando,
1210 1075 1317 1128 (24b)
1346 1081 1553 1118 mutuando
1581 1081 1657 1118 sive
1684 1081 1759 1118 lar-

343 1140 493 1190 giendo,
529 1154 596 1192 pro
632 1154 674 1179 eo
711 1154 755 1179 ac
782 1143 939 1193 penuria
968 1144 1085 1195 ipsius
1112 1145 1282 1194 indigeat
1318 1149 1354 1183 et
1393 1159 1462 1183 nos
1491 1146 1692 1192 valeamus,
1721 1145 1759 1182 in

344 1219 454 1257 quem
482 1206 594 1244 finem
624 1207 882 1258 unusquisque
909 1212 1083 1247 nostrum
1110 1222 1178 1260 pro
1206 1210 1385 1248 facultate
1412 1214 1448 1247 et
1476 1210 1675 1248 vocatione
1694 1222 1759 1248 sua

344 1271 546 1321 diligenter
573 1272 805 1323 operabitur.

931 1339 1070 1378 Interr.
1101 1342 1163 1380 67.

397 1401 602 1440 Quomodo
629 1402 848 1440 mandatum
878 1403 972 1441 illud
1001 1405 1192 1442 violatur?

1001 1469 1113 1520 Resp.

60 1539 79 1571 1
102 1537 232 1570 Thessa.
256 1537 286 1570 5.
402 1532 530 1571 Quum
565 1533 729 1583 proximi
757 1533 878 1571 nostri
905 1547 994 1585 opes
1021 1546 1064 1570 ac
1091 1537 1290 1584 quaestum
1319 1537 1449 1572 contra
1477 1533 1554 1572 eius
1589 1534 1763 1572 volunta-

62 1580 272 1655 }Zssgffif'sso‘
349 1600 424 1635 tem
460 1597 678 1641 auferimus,
719 1597 899 1635 damnum
938 1598 1015 1636 sive
1047 1598 1260 1636 molestiam
1296 1599 1331 1636 ei
1365 1598 1576 1643 inferimus,
1612 1609 1764 1649 quoquo

62 1666 79 1697 1
104 1665 178 1697 Cor.
201 1664 231 1697 3.
349 1662 503 1701 tandem
531 1662 643 1701 modo
670 1664 749 1709 fiat,
776 1663 871 1701 clam
901 1667 964 1701 aut
991 1664 1127 1714 palam,
1163 1668 1204 1702 ut
1232 1664 1344 1709 bello,
1371 1664 1564 1715 rapiendo,
1590 1663 1764 1709 furando,

62 1706 270 1782 &gisilae
351 1727 461 1773 dolis,
488 1728 717 1773 mentiendo,
745 1728 980 1779 decipiendO,
1008 1728 1227 1774 fenerando,
1253 1729 1389 1766 illicito
1417 1729 1540 1767 fenori
1566 1727 1763 1780 pecuniam

64 1792 177 1824 zacha.
202 1793 231 1823 5-
351 1793 491 1839 dando,
527 1793 737 1831 coemtione
774 1797 809 1831 et
845 1793 884 1830 id
921 1806 1040 1843 genus
1080 1793 1164 1831 aliis
1200 1793 1352 1831 iniustis
1389 1798 1425 1831 et
1461 1793 1635 1844 turpibus
1674 1792 1765 1838 viis,

63 1834 167 1909 giblii.
184 1834 242 1908 2}
351 1858 490 1910 quibus
517 1860 621 1906 (25³)
650 1858 776 1896 omnia
805 1871 908 1896 nune
934 1858 1073 1908 repleta
1104 1862 1204 1896 sunt.
1233 1858 1343 1903 Item,
1371 1871 1484 1909 quum
1507 1857 1764 1896 sollicitudine

64 1919 168 1950 Levit.
191 1918 242 1956 25,

352 1921 570 1973 temporalis
599 1922 753 1971 negotii,
782 1935 905 1960 rerum
934 1926 1148 1960 nostrarum
1177 1922 1521 1973 promovendarum
1553 1921 1679 1959 studio
1708 1922 1765 1959 vel

63 1960 255 2035 ἓθῶλζθὲἷῦὲ,
352 1985 509 2024 avaritia
544 1986 728 2024 rationem
762 1986 976 2024 invenimus
1012 1986 1209 2037 pecuniam
1238 1990 1349 2037 atque
1377 1999 1465 2037 opes
1493 1986 1532 2023 in
1561 1985 1766 2023 detrimen-

66 2045 182 2077 Ezech-
205 2044 257 2117 {133-
352 2054 435 2088 tum
470 2049 635 2102 proximi
670 2050 792 2088 nostri
827 2049 1073 2101 adipiscendi,
1102 2064 1222 2102 neque
1250 2050 1491 2088 emendamus
1521 2050 1613 2088 vitia
1642 2049 1767 2087 cordis

66 2088 190 2163 312:in
213 2111 243 2162 θ’
354 2114 476 2153 nostri
503 2115 652 2153 interna
680 2115 819 2160 omnia,
846 2128 940 2166 quae
969 2120 1128 2165 vergunt
1154 2115 1193 2153 in
1222 2115 1430 2162 avaritiam,
1457 2128 1550 2166 quae
1578 2118 1634 2153 est
1658 2114 1767 2152 radix

68 2172 154 2246 ὲέἷῗ.
170 2171 232 2244 124
355 2179 479 2217 omnis
512 2178 720 2230 nequitiae.
776 2179 847 2217 Sed
877 2178 989 2217 etiam
1018 2192 1132 2230 quum
1163 2179 1254 2217 dura
1280 2179 1512 2230 parcimonia
1539 2177 1768 2217 necessarias

68 2257 86 2288 1
110 2225 193 2288 'iiiiii
215 2237 245 2287 δ’.
355 2245 614 2294 eleemosynas
641 2245 680 2282 in
710 2244 950 2282 commodum
977 2257 1178 2294 egenorum
1207 2258 1229 2281 a
1254 2244 1354 2282 iusto
1383 2248 1513 2282 nostro
1540 2242 1768 2295 patrimonio

70 2299 258 2373 Effiffeff·
355 2314 392 2348 et
429 2313 587 2361 quaestu
614 2322 692 2347 non
720 2322 789 2360 pro
817 2309 917 2348 virili
945 2314 1077 2347 nostra
1104 2309 1363 2360 expendimus.
1418 2310 1513 2347 Item
1543 2322 1657 2360 quum
1684 2308 1768 2359 plus

72 2364 188 2415 Ezecli.
211 2364 261 2413 3'4.
357 2374 405 2412 ab
441 2374 609 2412 Ecclesia
645 2374 832 2426 possimus
867 2379 903 2413 et
931 2374 1111 2412 sumimus
1140 2388 1250 2425 quam
1278 2374 1323 2412 ad
1354 2374 1549 2424 frugaliter
1578 2372 1769 2411 Ecclesiae

73 2425 93 2500 ὲ
116 2423 302 2498 ἓὲξίηῂῃ·
357 2439 566 2477 ministeria
601 2439 788 2485 obeunda,
824 2443 861 2477 et
897 2439 1091 2477 ministros
1121 2438 1387 2477 sustentandos
1415 2438 1630 2489 requiritur,
1655 2440 1691 2474 et
1719 2436 1769 2474 si·

75 2510 93 2541 1
117 2490 221 2540 Tinio.
245 2490 273 2540 δ’.
358 2504 498 2542 militer
525 2517 640 2555 quum
670 2503 838 2542 Ecclesia
856 2503 962 2553 (251³)
991 2505 1133 2542 solvere
1159 2503 1198 2541 id
1227 2506 1388 2542 recusat.
1429 2503 1485 2541 Sit
1514 2502 1626 2540 etiam
1653 2513 1770 2552 quum

76 2551 245 2625 {ffb-5⁶13·
359 2569 603 2617 magistratus
629 2569 798 2619 ineptum
825 2569 1033 2619 portorium
1063 2568 1140 2606 sive
1168 2568 1328 2618 vectigal
1355 2567 1447 2616 (nisi
1475 2566 1521 2604 ad
1549 2566 1692 2616 patriae
1710 2578 1770 2603 sa·

74 2635 179 2670 Math.
202 2634 252 2666 12.
360 2631 479 2669 lutem
505 2632 543 2670 id
571 2632 799 2684 requiratur)
825 2646 846 2670 a
874 2632 1037 2671 subditis
1064 2632 1194 2682 exigit,
1220 2636 1256 2670 et
1284 2631 1428 2670 subditi
1446 2643 1593 2681 quoque
1611 2628 1773 2680 pendere

362 2695 400 2735 id
429 2704 614 2736 recusant.
