1830 3147
244 143 309 190 [A.
337 142 382 180 D.
413 142 522 190 1526]
975 142 1041 179 548

244 250 334 288 rium
365 250 451 291 fore.
492 252 530 286 ut
565 249 654 285 lianc
679 249 930 286 confessionem
957 260 1066 285 meam
1094 250 1254 294 facerem,
1279 250 1322 287 ad
1347 249 1439 286 hunc
1464 249 1620 287 modum:
1667 252 1775 291 Quod

244 310 327 347 licet
361 311 470 346 multa
502 310 690 345 multorum
725 322 766 345 ex
806 309 943 345 indulto
968 309 1174 356 Apostolico
1200 310 1353 357 legerim,
1379 311 1482 346 etiam
1507 323 1624 347 eorum
1649 311 1707 359 qui
1732 311 1775 347 ab

245 371 409 407 ecclesiae
444 371 622 406 Romanae
660 370 797 405 unitate
832 369 1079 412 discesserunt,
1108 372 1271 417 profiteor
1295 373 1411 407 tamen
1436 383 1611 419 nunquam
1635 383 1688 407 me
1712 371 1775 419 ulli

244 444 361 467 eorum
396 431 550 478 opinioni
582 429 790 469 adhaesisse,
823 441 887 465 nee
916 430 1024 465 ullum
1050 442 1167 466 eorum
1193 431 1319 478 dogma
1344 431 1515 467 volentem
1540 443 1581 467 ac
1605 431 1772 468 scientem

242 491 437 538 amplexum
471 502 560 532 esse,
578 530 583 534 ,.
596 490 687 538 quod
711 490 912 537 praesertim
938 490 1059 526 scirem
1087 494 1228 527 sanetae
1253 491 1458 527 Catholicae
1482 495 1518 527 et
1544 491 1771 539 Apostolicae

244 554 423 589 Romanae
457 552 624 588 ecclesiae
649 563 861 598 repugnare:
886 551 979 598 quod
1012 553 1039 587 si
1072 551 1269 599 imprudens
1303 538 1393 588 sorte
1417 553 1558 594 alicubi,
1588 559 1629 589 ut
1655 566 1772 589 sumus

242 614 411 656 homines,
442 613 558 660 lapsus
590 613 654 648 sim
688 615 749 648 aut
781 613 817 648 in
850 612 998 659 aliquem
1025 612 1131 648 incidi
1163 624 1324 656 errorem,
1348 613 1384 649 id
1409 614 1501 661 quod
1527 613 1646 649 multis
1671 625 1772 660 saepe

241 674 450 710 doctissimis
476 685 515 710 ac
539 672 765 709 sanctissimis
792 673 894 708 etiam
922 672 1004 708 viris
1030 685 1094 708 usu
1121 673 1229 715 venit,
1255 673 1306 709 illi
1327 685 1419 709 nunc
1438 673 1537 720 plane
1556 676 1591 709 et
1611 685 1772 720 expresse

241 735 403 771 renuntio
435 738 470 770 et
496 735 644 781 ingenue
671 735 792 775 fateor,
817 746 870 769 me
896 733 1008 769 nullas
1036 738 1149 770 sectas
1173 745 1215 770 ac
1239 734 1413 770 doctrinas
1438 735 1536 782 sequi
1559 734 1660 776 velle,
1684 746 1772 782 quae

242 810 261 833 a
285 799 424 833 sanctae
453 795 649 831 Catholicae
675 797 711 829 et
735 794 961 841 Apostolicae
987 795 1166 830 Romanae
1191 795 1356 832 ecclesiae
1381 797 1515 832 unitate
1540 800 1576 831 et
1600 796 1772 832 institutis

243 862 361 893 essent
384 855 628 904 quoquomodo
654 855 803 895 alienae,
830 855 900 891 imo
923 855 958 890 id
984 854 1096 891 solum
1121 855 1284 902 amplecti
1309 855 1398 891 velle
1424 855 1516 904 quod
1540 859 1695 893 asancta
1708 856 1772 892 Ca·

240 918 351 953 holica
375 921 409 953 et
434 916 640 964 Apostolica
664 916 824 958 Romana
848 916 991 952 ecclesia
1016 920 1192 963 receptum
1226 920 1279 952 est
1314 920 1350 952 et
1383 917 1625 964 approbatum,
1662 916 1772 952 illius-

239 991 306 1027 que
331 978 406 1014 sedi
431 981 572 1014 sanctae
598 976 753 1013 obediam
781 976 864 1012 dum
890 977 970 1012 vivo
994 980 1030 1012 et
1051 977 1234 1012 ordinariis
1260 977 1422 1024 praelatis
1448 978 1532 1013 meis
1557 980 1662 1024 atque
1689 977 1772 1025 Epi·

241 1039 353 1085 scopis
386 1038 431 1074 ad
463 1050 502 1074 ea
535 1037 727 1085 designatis
754 1037 788 1073 in
813 1037 972 1073 omnibus
1000 1037 1103 1073 licitis
1130 1041 1166 1072 et
1191 1037 1356 1081 honestis,
1382 1043 1417 1074 et
1441 1038 1491 1074 ita
1514 1038 1603 1079 iuro,
1636 1038 1694 1075 Sic
1719 1049 1773 1073 me

242 1100 337 1136 Deus
360 1098 501 1136 adiuvet
526 1100 707 1136 et‘sancta
733 1098 799 1135 Dei
823 1098 1035 1146 Euangelia!
1063 1098 1131 1145 [κιο.
1155 1098 1281 1144 1526].

966 1159 1129 1195 lomnes
1153 1160 1174 1195 a
1198 1159 1326 1195 Lnsxo
1350 1171 1455 1195 manu
1482 1158 1630 1206 propria.

291 1220 437 1266 [Inscr.:
476 1220 550 1255 Hoc
574 1221 791 1255 iuramentum
815 1232 912 1255 manu
935 1221 1076 1265 propria
1096 1220 1250 1264 scriptum
1275 1219 1424 1255 exhibuit
1448 1219 1596 1255 Ioannes
1619 1217 1642 1252 ὰ
1665 1218 1774 1253 Lasko

239 1282 490 1326 Arcln‘episcopo
520 1283 702 1317 Gnesnensi
719 1283 753 1316 et
777 1282 938 1326 Episcopo
966 1281 1180 1315 Craeovienst‘
1203 1293 1271 1315 cum
1296 1280 1432 1315 rediens
1454 1292 1495 1314 ex
1521 1280 1704 1315 Germania
1720 1279 1774 1325 as·

237 1344 390 1389 firmaret
414 1354 448 1377 se
473 1354 531 1378 nec
555 1343 690 1378 duxisse
709 1354 841 1378 uxorem
867 1354 925 1378 nec
949 1342 1125 1377 doctrinae
1149 1341 1334 1388 Euanqelz‘z'
1355 1341 1575 1388 adhaesisse]

240 1638 304 1675 ΝΟ.
331 1639 361 1675 3.
1144 1635 1283 1683 [eunonian
1303 1639 1331 1671 ll.
1346 1639 1370 1671 S.
1387 1637 1458 1673 Lond.
1474 1638 1566 1680 Vespas.
1583 1637 1602 1671 l.
1615 1636 1638 1670 1.
1653 1635 1696 1669 ΝΟ.
1712 1633 1769 1680 st]

726 1757 785 1794 Ad
811 1758 1049 1795 ANTHONIUM
1074 1756 1279 1804 R1N90N1).

382 1882 573 1928 Magnifice
597 1880 766 1917 Domine!
804 1880 924 1917 Amice
949 1878 1280 1916 observandissime!

288 1943 415 1979 Essent
439 1943 522 1979 mihi
547 1943 658 1978 multa
681 1942 862 1978 scribenda
886 1941 930 1977 ad
955 1944 1051 1977 tuam
1078 1940 1370 1982 Dominationem,
1394 1950 1482 1987 quae
1507 1938 1687 1986 negocium
1714 1938 1773 1974 Se-

241 2004 411 2040 renissimi
435 2004 638 2050 Hungariae
662 2003 770 2050 Regis
795 2002 938 2038 Domini
951 2005 1198 2038 concernerent
1210 2001 1254 2048 Ξ),
1276 2000 1337 2036 sed
1362 2003 1398 2036 et
1415 2001 1530 2048 cyfras
1545 1999 1623 2036 illas
1639 2010 1773 2035 mecum

241 2076 335 2099 nunc
366 2076 435 2099 non
469 2063 589 2105 habeo,
627 2063 751 2111 quibus
786 2063 900 2098 omnia
937 2066 1014 2098 tuto
1038 2062 1142 2098 scribi
1167 2061 1366 2109 potuissent
1390 2063 1425 2096 et
1449 2071 1543 2096 nunc
1567 2060 1629 2096 vix
1656 2062 1770 2095 tutum

241 2129 295 2160 est
318 2124 504 2173 quidquam
531 2124 656 2160 litteris
681 2120 908 2161 committere.
936 2123 1035 2159 Haec
1059 2126 1176 2159 tamen
1202 2125 1237 2158 te
1263 2122 1350 2158 scire
1374 2120 1489 2163 velim,
1513 2120 1542 2156 si
1565 2119 1700 2169 quidem
1727 2119 1771 2155 ad

241 2189 334 2222 tuam
372 2186 652 2222 Dominationem
690 2185 901 2232 pervenient,
934 2184 1099 2232 imprimis
1140 2184 1234 2219 illius
1259 2182 1440 2219 Maiestati
1464 2182 1580 2217 omnia
1605 2193 1668 2229 pro
1692 2182 1775 2216 voto

243 2253 399 2294 nutuque
425 2245 616 2282 succedere.
650 2246 758 2281 Cuius
784 2245 965 2287 Maiestas,
990 2244 1110 2280 relicta
1135 2246 1252 2280 nostra
1279 2242 1434 2283 Polonia,
1459 2242 1612 2289 ingressa
1636 2244 1690 2277 est
1704 2240 1775 2276 Re-

241 2320 346 2353 gnum
382 2319 481 2343 suum
508 2307 611 2342 tertia
640 2306 858 2346 Novembris,
882 2306 960 2342 istic
985 2308 1130 2352 excepta
1155 2304 1198 2340 ab
1224 2306 1303 2341 octo
1329 2302 1467 2339 milibus
1490 2302 1645 2350 equitum
1670 2301 1772 2337 Hun-

242 2381 398 2415 garorum
425 2368 516 2414 apud
540 2367 726 2402 Dominum
753 2367 936 2414 Homofiay
966 2366 1006 2411 3).
1033 2365 1207 2413 Nuncque
1231 2376 1294 2400 sua
1318 2363 1488 2400 Maiestas
1512 2366 1566 2399 est
1591 2360 1774 2408 Szegedini

242 2440 309 2463 una
333 2440 410 2463 cum
443 2428 631 2463 'l‘urcarum
658 2428 811 2462 exercitu
838 2427 989 2474 copios0,
1013 2425 1057 2462 ad
1083 2425 1262 2461 servitium
1288 2436 1370 2460 suae
1396 2422 1591 2459 Maiestatis
1616 2421 1659 2456 ab
1685 2422 1773 2457 Cae-

242 2500 316 2524 sare
349 2489 540 2524 Turcarum
573 2488 666 2530 dato,
701 2499 872 2535 operaque
897 2487 1012 2522 fratris
1047 2487 1114 2523 mei
1138 2485 1279 2521 Domini
1304 2484 1457 2521 Palatini
1481 2486 1513 2528 ⁴)
1539 2494 1690 2530 eousque
1714 2482 1773 2518 de-

242 2550 361 2591 ducto,
388 2550 447 2593 qui
472 2552 623 2596 quantus
647 2560 740 2585 nunc
767 2549 814 2584 sit
838 2548 966 2590 nescio,
991 2547 1121 2595 poterit
1145 2550 1261 2583 tamen
1286 2558 1361 2582 esse
1376 2546 1468 2582 intra
1485 2543 1773 2591 quattuordecem

243 2609 316 2645 dies
347 2610 525 2656 sexaginta
551 2610 681 2645 milium
705 2609 869 2656 equitum,
894 2610 922 2644 si
948 2620 1001 2644 res
1026 2608 1076 2644 ita
1110 2610 1244 2655 poscat.
1293 2605 1351 2641 Ita
1376 2608 1459 2640 sunt
1484 2616 1543 2651 per
1568 2603 1644 2640 loca
1668 2615 1774 2651 quae·

242 2683 306 2717 que
341 2671 494 2716 proxima
526 2670 699 2716 dispositi,
735 2673 774 2704 ut
808 2669 908 2704 facile
932 2668 1093 2704 advocari
1119 2667 1254 2715 possint
1279 2678 1339 2714 per
1364 2664 1510 2712 Regiam
1536 2664 1775 2704 Maiestatem,

243 2731 273 2765 si
307 2731 442 2777 inquam
481 2742 533 2765 res
569 2733 699 2777 poscat.
750 2730 856 2764 Nulla
893 2733 1008 2764 tamen
1033 2732 1113 2764 sunt
1137 2728 1251 2764 adhuc
1278 2727 1403 2763 indicia
1429 2725 1539 2773 prelii.
1588 2725 1679 2761 Nam
1704 2726 1773 2761 etsi

243 2790 482 2827 Perdinandus
515 2790 650 2826 dicatur
684 2790 797 2826 facere
831 2788 1002 2825 delectum
1037 2789 1186 2824 militum
1211 2787 1381 2830 Viennae,
1406 2785 1491 2821 nihil
1517 2787 1634 2821 tamen
1659 2783 1772 2820 adhuc

244 2851 398 2897 gentium
433 2849 549 2891 habet,
592 2854 626 2885 et
664 2854 738 2885 tota
776 2849 976 2896 Hungariae
1001 2848 1166 2884 nobilitas
1191 2847 1367 2894 omnisque
1393 2846 1541 2894 populus
1566 2845 1770 2893 agminatim

244 2910 431 2949 convolant
455 2910 497 2946 ad
523 2911 785 2947 Serenissimum
814 2911 978 2947 loannem
1004 2911 1150 2958 Regem,
1178 2909 1300 2957 partim
1316 2908 1505 2944 'furcarum
1520 2908 1627 2950 metu,
1643 2905 1766 2954 partim
