1830 3147
152 112 227 149 184

162 223 216 262 dit
252 237 317 275 per
352 221 793 268 excommunicationem,
830 221 935 259 cuius
982 221 1139 259 formam
1178 219 1320 271 alioqui
1363 218 1474 257 etiam
1510 217 1697 255 indicabi-

163 301 246 325 mus
273 291 359 338 post
385 285 595 337 expositum
622 286 737 323 ritum
765 299 808 323 ac
836 285 1084 323 ceremoniam
1109 284 1280 336 publicae
1295 282 1559 335 poenitentiae,
1576 281 1699 333 prius-

165 363 276 401 quam
305 349 352 387 ad
378 348 804 387 excommunicationem
833 348 1086 401 perveniatur.

326 479 470 518 Ratio
507 492 560 517 ac
596 480 750 518 forma
785 479 1022 530 publicae
1057 478 1397 530 poenitentiae
1434 480 1545 515 ante

600 591 603 595 Ι
647 545 1218 583 excommunicationem.

198 679 338 717 ‘Nemo
365 678 413 717 ad
439 677 630 729 publicam
657 675 926 728 poenitentiam
956 674 1059 726 prius
1088 673 1315 718 admittitur,
1343 686 1455 724 quam
1483 672 1585 709 illius
1609 669 1701 708 resi-

161 744 345 796 piscentia
381 756 444 794 per
482 742 680 780 Ministros
717 754 760 778 ac
789 740 964 778 seniores
993 739 1185 776 Ecclesiae
1214 738 1251 775 in
1281 743 1388 775 coetu
1416 737 1585 787 ipsorum
1613 734 1700 772 dili-

160 815 291 860 genter
318 810 544 859 exploretur,
580 808 634 846 sic
660 811 714 851 ut,
743 806 807 857 qui
835 806 882 843 ad
909 805 1100 857 publicam
1129 803 1398 855 poenitentiam
1426 801 1572 840 admitti
1600 801 1702 846 velit,

162 876 300 913 claram
326 874 430 926 prius
458 887 500 911 ac
527 873 762 924 perspicuam
791 871 878 908 dare
894 873 1005 919 (304)
1035 869 1170 907 debeat
1198 868 1238 906 in
1269 872 1378 905 coetu
1408 866 1606 904 Saniorum
1636 878 1696 902 ve·

161 954 222 978 rae
251 939 560 989 Christianaeque
588 936 870 987 resipiscentiae
897 934 1176 986 (displicentiae
1203 933 1357 983 inquam
1387 935 1423 969 et
1451 929 1702 968 accusationis

160 1006 218 1043 sui
256 1005 296 1042 in
338 1017 405 1042 suo
441 1004 614 1054 peccato)
653 1001 970 1051 significationem
1010 1013 1073 1051 per
1110 999 1258 1050 plenam
1302 1002 1337 1035 et
1366 996 1544 1034 disertam
1573 995 1702 1045 culpae

160 1083 247 1109 suae
275 1069 507 1118 agnitionem
534 1071 569 1105 et
598 1066 911 1118 deprecationem,
940 1065 994 1102 sic
1021 1068 1063 1102 ut
1090 1065 1129 1102 in
1157 1064 1222 1101 illa
1250 1076 1270 1100 a
1299 1061 1486 1100 Ministris
1506 1073 1549 1098 ac
1569 1059 1707 1097 Senio-

158 1135 264 1172 ribus
292 1133 388 1171 nihil
417 1133 571 1170 omnino
601 1131 845 1169 desideretur.
899 1130 1060 1167 Interest
1088 1129 1187 1166 enim
1219 1127 1496 1172 Ministrorum‚
1525 1139 1570 1163 ne
1598 1125 1701 1176 quis-

163 1213 271 1251 quam
312 1198 454 1236 Christi
480 1196 672 1234 Ecclesiae
712 1195 858 1247 ipsique
886 1194 977 1232 adeo
1008 1193 1159 1232 Christo
1190 1193 1353 1230 Domino
1381 1204 1446 1242 per
1473 1190 1703 1242 hypocrisim

165 1278 269 1303 suam
307 1263 594 1312 simulatamque
630 1261 914 1312 poenitentiam,
951 1264 1134 1310 quatenus
1169 1257 1208 1295 id
1244 1257 1394 1308 quidem
1424 1254 1543 1293 caveri
1570 1257 1704 1305 potest,

160 1329 305 1368 illudat.
336 1329 429 1365 Turn
460 1328 608 1365 demum
637 1338 723 1364 vero
751 1326 790 1363 in
819 1324 960 1362 iudicio
989 1324 1180 1361 Ecclesiae
1208 1336 1292 1360 vere
1319 1321 1520 1372 resipuisse
1547 1320 1705 1371 quisque

162 1393 434 1433 existimandus
476 1396 544 1435 est,
582 1391 669 1429 dum
706 1391 779 1428 sibi
815 1390 895 1441 ipse
928 1402 1017 1441 prae
1054 1388 1231 1425 omnibus
1259 1387 1343 1424 aliis
1372 1386 1491 1435 magis
1520 1384 1702 1436 displicet,

163 1460 254 1498 dum
280 1461 473 1510 peccatum
502 1457 582 1508 ipse
611 1469 720 1494 suum
747 1456 832 1507 plus
861 1454 1014 1492 caeteris
1044 1457 1206 1498 accusat,
1236 1465 1312 1490 non
1340 1455 1463 1489 autem
1493 1450 1587 1488 ullas
1603 1450 1706 1487 illius

162 1524 423 1564 excusationes
451 1522 609 1574 quaerit,
637 1521 774 1559 nedum
804 1524 843 1558 ut
869 1520 964 1557 alios
992 1519 1071 1570 pari
1101 1519 1209 1569 culpa
1238 1530 1393 1555 onerare
1414 1516 1460 1554 ad
1480 1515 1624 1567 peccati
1645 1515 1715 1563 sui,

165 1589 467 1629 extenuationem
504 1591 672 1626 conetur.
728 1585 886 1637 Alioqui
922 1586 1035 1634 longe
1071 1585 1176 1622 abest
1204 1583 1328 1621 adhuc
1356 1596 1376 1620 a
1405 1595 1491 1620 vera
1520 1580 1704 1619 Christia-

168 1669 287 1708 naque
314 1653 559 1707 poenitentia,
588 1652 653 1703 qui
681 1652 754 1690 sibi
782 1652 861 1703 ipse
887 1651 1008 1700 magis
1037 1663 1148 1701 quam
1178 1649 1275 1693 aliis,
1302 1662 1348 1686 ne
1368 1648 1489 1686 dicam
1520 1646 1708 1685 Ministris

169 1720 371 1766 Ecclesiae,
406 1720 445 1757 in
472 1722 625 1769 peccato
663 1730 729 1755 suo
767 1717 900 1767 placet,
937 1715 1047 1767 quive
1084 1714 1358 1759 excusationes,
1389 1713 1473 1751 aliis
1502 1716 1706 1764 suspectas,

168 1789 208 1826 in
246 1790 399 1838 peccato
446 1797 513 1822 suo
549 1783 707 1835 quaerit,
744 1786 807 1820 aut
844 1782 909 1833 qui
946 1782 1054 1832 culpa
1090 1781 1183 1818 alios
1211 1780 1291 1831 pari
1321 1783 1384 1817 aut
1413 1779 1526 1816 etiam
1565 1777 1706 1815 maiore

169 1865 323 1891 onerare
368 1853 539 1894 conatur,
572 1862 644 1900 quo
692 1847 812 1896 magis
848 1851 1039 1897 peccatum
1077 1846 1156 1896 ipse
1194 1858 1302 1882 suum
1339 1848 1541 1882 extenuare
1575 1843 1709 1894 possit.

220 1918 300 1956 Ubi
334 1917 451 1967 igitur
486 1919 598 1953 notae
633 1914 728 1952 istae
763 1926 871 1950 verae
900 1912 1208 1962 Christianaeque
1235 1910 1490 1962 poenitentiae
1525 1909 1566 1946 in
1594 1910 1709 1947 fratre

171 1984 396 2023 denunciato
434 1995 511 2019 non
551 1979 987 2031 conspi-(305)ciuntur,
1022 1982 1101 2015 tum
1140 1991 1229 2015 sane
1266 1976 1435 2014 Ministri
1471 1978 1506 2013 et
1536 1975 1709 2012 Seniores

171 2049 362 2088 Ecclesiae
414 2050 500 2099 post
544 2046 764 2084 observatos
810 2044 1110 2082 admonitionum
1158 2041 1311 2092 gradus,
1357 2045 1399 2079 ut
1455 2041 1597 2078 dictum
1644 2044 1712 2087 est,

171 2113 377 2165 procedant
412 2110 461 2149 ad
496 2110 624 2148 fratris
660 2109 763 2146 illius
802 2108 1019 2146 denunciati
1055 2105 1498 2144 excommunicationem.
1555 2104 1595 2141 Si
1623 2117 1709 2142 vero

173 2183 281 2217 notas
307 2178 392 2215 illas
420 2190 527 2213 verae
557 2174 867 2225 Christianaeque
895 2173 1148 2225 poenitentiae
1176 2172 1341 2215 videant,
1360 2170 1534 2220 agnoscit
1548 2169 1711 2221 primum

175 2244 342 2281 omnium
381 2241 629 2280 denunciatus
666 2240 781 2277 frater
819 2239 881 2276 ille
920 2243 1029 2289 atque
1058 2237 1170 2276 etiam
1200 2237 1421 2288 deprecatur
1450 2236 1597 2286 culpam
1624 2248 1711 2286 pec·

175 2309 248 2347 cati
292 2309 349 2346 sui
384 2307 426 2345 in
463 2310 573 2344 coetu
607 2306 691 2356 ipso
726 2305 923 2343 Seniorum
962 2303 1061 2355 apud
1097 2303 1260 2341 offensos
1295 2301 1534 2353 peculiariter
1579 2301 1712 2338 fratres

178 2388 276 2420 suos,
318 2373 384 2425 qui
411 2373 519 2410 illum
548 2375 783 2418 accusarant,
810 2374 845 2408 et
874 2370 984 2408 simul
1011 2369 1123 2408 etiam
1151 2368 1249 2420 apud
1279 2367 1479 2406 Ministros
1507 2379 1551 2404 ac
1579 2365 1712 2403 Senio-

174 2452 232 2476 res
268 2438 458 2475 Ecclesiae
494 2450 636 2475 omnes.
692 2436 839 2474 Deinde
870 2448 956 2473 vero
985 2434 1065 2472 dies
1094 2433 1338 2472 constituitur
1365 2430 1596 2483 peragendae
1623 2443 1712 2480 poe-

176 2503 358 2541 nitentiae
384 2501 570 2553 publicae,
598 2499 915 2552 quemadmodum
945 2513 1055 2550 supra
1085 2499 1228 2536 dictum
1257 2500 1323 2537 est.
1353 2500 1388 2534 et
1416 2497 1531 2534 frater
1558 2495 1620 2532 ille
1649 2494 1713 2532 de-

174 2567 376 2606 nunciatus
403 2570 588 2612 monetur,
617 2579 662 2603 ne
689 2565 795 2602 illum
825 2564 961 2615 pudeat
988 2564 1139 2614 publice
1168 2576 1291 2600 coram
1320 2565 1400 2599 tota
1428 2559 1598 2597 Ecclesia
1625 2571 1712 2610 pec-

177 2637 300 2670 catum
337 2644 446 2668 suum
479 2631 580 2668 ultro
617 2643 660 2668 ac
701 2630 811 2681 plene
846 2633 1063 2678 agnoscere,
1090 2626 1395 2678 quandoquidem
1423 2628 1459 2662 et
1485 2623 1558 2674 ipsi
1585 2636 1714 2661 omnes

173 2699 249 2735 sint
286 2696 395 2734 etiam
435 2708 480 2733 ex
516 2708 635 2746 aequo
673 2697 901 2746 peccatores,
937 2693 1001 2744 qui
1029 2706 1106 2730 non
1134 2697 1212 2729 tam
1238 2692 1374 2741 ipsum,
1402 2701 1512 2739 quam
1543 2702 1581 2726 se
1609 2688 1712 2739 ipsos

173 2762 299 2813 potius
335 2760 375 2798 in
412 2759 531 2810 ipsius
558 2764 712 2810 peccato
742 2762 865 2796 essent
892 2757 990 2808 apud
1021 2757 1141 2794 Deum
1170 2756 1308 2807 pariter
1325 2766 1463 2791 *omnes
1492 2753 1718 2798 accusaturi,

173 2826 387 2878 pariterque
424 2837 509 2861 cum
544 2824 626 2874 ipso
665 2824 776 2861 etiam
811 2822 957 2859 veniam
993 2825 1231 2872 peccatorum
1268 2831 1419 2857 suorum
1456 2817 1553 2868 apud
1594 2817 1715 2855 Deum

174 2891 371 2945 Optimum
409 2888 620 2926 Maximum
655 2886 907 2939 imploraturi.
962 2885 1108 2924 Deinde
1144 2887 1343 2937 praestare,
1379 2886 1421 2921 ut
1449 2882 1511 2919 hic
1537 2881 1576 2919 in
1606 2885 1713 2920 coetu
