1830 3147
208 97 269 145 [A.
295 96 341 134 D.
367 97 479 145 1549]
938 100 1008 135 024

253 205 372 252 Quare
396 207 433 242 et
458 206 501 242 tu
525 207 645 254 persta
680 217 811 253 quaeso
845 207 1141 255 nequeanimum
1168 209 1403 258 despondeas3
1429 224 1501 249 non
1525 215 1611 250 sunt
1635 214 1747 252 adhuc

205 279 327 304 omnes
359 268 558 321 canes-aut
591 267 688 316 porci
720 268 837 313 isthic,
869 271 913 307 ut
938 268 1008 307 illis
1034 272 1196 307 sanctum
1221 271 1408 311 subducas.
1457 273 1506 311 Et
1529 275 1626 311 nosti
1650 288 1748 320 sane,

204 331 366 366 sanctum
390 328 481 365 illud
506 328 752 367 iusiurandum
779 329 859 375 Dei,
885 342 958 378 quo
983 330 1084 368 nobis
1111 331 1212 368 fidem
1240 333 1334 378 fecit,
1360 333 1506 371 verbum
1532 348 1636 373 suum
1662 336 1747 383 legi-

203 391 290 427 time
315 393 430 427 satum
456 403 639 439 nunquam
665 392 740 429 sine
766 391 887 429 fructu
911 392 1108 429 rediturum
1135 406 1220 432 esse.
1262 395 1345 432 Non
1371 399 1425 434 est
1449 397 1651 436 abbreviata
1676 413 1746 437 ma-

204 463 270 487 nus
297 451 454 496 Domini,
479 452 584 489 modo
610 465 675 489 nos
700 453 737 489 in
764 453 919 490 statione
945 455 1069 490 nostra
1093 467 1138 491 ne
1162 468 1350 493 cessemus.

251 512 288 549 Si
311 515 437 561 potens
462 515 517 550 est
541 514 754 562 pythonicus
780 514 926 563 spiritus
954 515 1107 553 excitare
1132 519 1271 565 spectra
1297 518 1533 565 Samuelitica,
1559 533 1650 568 quae
1666 520 1744 558 vul-

203 586 270 620 gus
295 574 500 618 admiratur,
525 575 639 612 multo
666 578 720 612 est
745 575 928 625 potentior
954 576 1101 625 spiritus
1127 577 1196 614 Dei
1225 578 1268 615 ad
1285 579 1489 617 excitandos
1507 581 1619 618 adhuc
1637 581 1747 626 Elias,

204 638 240 672 et
266 635 458 683 Baptistas‚
484 636 548 684 qui
573 636 666 672 viam
692 637 808 674 denuo
834 640 977 674 struant
1002 638 1145 675 domino
1171 639 1209 675 in
1232 639 1428 689 Euangelio
1458 641 1580 690 ipsius,
1613 642 1745 691 quibus

202 695 319 733 larvae
352 696 395 733 ad
429 700 626 734 extremum
653 698 899 736 Samueliticae
924 699 1044 737 cedere
1074 713 1292 749 prorsusque
1326 702 1465 739 demum
1490 703 1533 741 ad
1559 703 1638 741 illos
1664 717 1743 741 eva-

203 768 343 794 nescere
368 759 554 805 cogentur.

253 818 330 865 Ego
356 819 465 856 tertio
491 819 558 856 iam
585 819 629 856 ad
654 832 771 867 regem
797 822 960 857 nostrum
982 822 1112 868 scribo,
1138 823 1297 861 deferens
1322 824 1374 860 illi
1399 837 1510 861 meam
1536 838 1688 874 operam,
1715 827 1745 863 si

202 879 262 916 illa
295 880 331 917 111
357 881 603 918 Ecclesiastico
630 882 833 919 Ministerio
858 883 960 920 iuxta
986 875 1182 922 doctrinam
1209 886 1342 923 Christi
1379 887 1435 923 uti
1468 887 1567 932 velit,
1603 891 1639 925 et
1674 901 1743 925 res-

202 953 351 989 ponsum
377 955 460 979 suae
486 943 685 979 Maiestatis
711 943 765 980 hic
791 944 884 993 apud
910 945 1198 984 Illustrissimum
1223 948 1358 984 Ducem
1376 948 1541 985 Prussiae
1557 949 1744 986 Albertum

202 1006 378 1051 exspecto.
428 1004 576 1054 Scripsit
609 1004 646 1041 in
681 1017 786 1042 causa
810 1018 887 1043 mea
911 1006 1100 1045 Eduardus
1126 1008 1205 1046 Rex
1230 1009 1380 1057 Angliae
1411 1009 1454 1047 ad
1487 1012 1648 1048 nostrum
1675 1011 1743 1048 Re-

203 1075 282 1111 gem
317 1065 498 1113 [Regiom.
526 1079 571 1104 m.
597 1065 686 1103 Iulii
712 1067 824 1116 1549]
852 1069 895 1116 ⁵²).

247 1177 272 1216 ¹)
296 1177 392 1218 Regis
421 1177 576 1210 Poloniae
605 1178 836 1217 Concionator,
858 1189 888 1212 ν.
911 1179 1150 1212 ΒΕΘΕΝνοιεο.
1175 1190 1204 1212 ο.
1227 1179 1249 1212 1.
1272 1191 1304 1222 p.
1327 1180 1400 1214 212.
1423 1181 1634 1220 Lunmnsm,
1658 1181 1746 1215 Hist.

204 1232 278 1274 Rff.
312 1233 381 1266 Pol.
410 1244 442 1276 p.
477 1234 546 1267 16.’
569 1235 597 1274 2)
623 1235 795 1267 Gerdesius
825 1235 907 1267 hanc
937 1246 987 1278 ep.
1018 1235 1057 1267 ad
1081 1246 1201 1267 annum
1225 1236 1307 1268 1552
1330 1237 1439 1270 refert.
1462 1237 1568 1269 Citius
1591 1237 1745 1270 nimirum

205 1297 301 1329 quam
329 1298 389 1330 par
416 1291 501 1321 esset
531 1290 629 1323 fidem
662 1289 777 1322 habuit
804 1290 1049 1333 Regemolseio,
1083 1290 1138 1332 qui
1162 1290 1183 1324 l.
1205 1290 1227 1323 l.
1251 1291 1371 1324 diserte
1394 1292 1491 1324 dicit:
1514 1293 1606 1324 Haec
1629 1292 1748 1324 Luscus

205 1343 297 1378 1552.
330 1344 559 1378 Verumtamen
582 1357 633 1389 ep.
656 1346 771 1379 ultima
793 1347 901 1386 verba,
924 1347 1040 1389 quibus
1062 1347 1281 1387 Regiomontii
1304 1358 1337 1379 se
1359 1348 1444 1390 regis
1467 1349 1538 1382 Pol.
1554 1359 1744 1391 responsum

204 1403 388 1443 exspectare
417 1401 507 1441 dicit,
534 1403 740 1445 imperiosius
764 1415 821 1435 1105
845 1404 885 1436 ad
907 1403 979 1444 iter,
1001 1404 1087 1446 quod
1110 1405 1155 1438 a0.
1179 1404 1261 1437 1549
1284 1404 1361 1437 illuc
1384 1407 1579 1448 susceperat,
1602 1405 1747 1447 relegant

207 1466 302 1498 quam
326 1460 362 1490 ut
384 1458 480 1492 dubio
504 1459 595 1492 locus
618 1462 812 1503 superesset.

207 1692 241 1731 N
246 1693 271 1730 ⁰.
300 1694 356 1731 55.
837 1718 839 1721 v
1204 1694 1402 1737 [.lulograp11.in
1421 1694 1563 1730 1111111101.
1576 1693 1741 1739 Regionont]

750 1815 807 1853 Ad
831 1816 970 1853 DucaM
995 1815 1194 1853 Panssm.

352 1939 598 1976 Illustrissime
623 1938 792 1987 Princeps
818 1940 854 1976 et
879 1937 1047 1975 Domine!
1099 1936 1249 1973 Domine
1273 1936 1561 1973 clementissime!

255 2001 412 2038 Salutem
439 2002 475 2037 et
500 2000 785 2037 officiosissimam
811 2000 1039 2037 servitiorum
1065 2010 1223 2035 meorum
1248 1997 1602 2034 commendationem!

257 2064 337 2100 Dici
362 2076 434 2100 non
458 2065 589 2111 potest,
615 2066 789 2110 quantum
815 2062 900 2099 mihi
924 2061 1120 2110 voluptatis
1145 2059 1337 2097 attulerint
1355 2059 1496 2096 litterae
1513 2059 1746 2096 Celsitudinis

208 2127 302 2170 tuae,
336 2137 379 2161 ex
413 2124 544 2172 quibus
579 2124 681 2160 facile
713 2127 768 2160 est
801 2123 921 2159 videre
954 2135 1058 2170 quam
1093 2121 1145 2158 illi
1179 2122 1226 2158 sit
1258 2121 1356 2158 cordi
1387 2121 1511 2168 religio
1543 2123 1747 2168 quantaque

206 2196 298 2223 cura'
311 2189 483 2233 tangatur
507 2185 711 2222 retinendae
735 2185 907 2233 puritatis
933 2184 970 2220 in
995 2183 1157 2221 doctrina
1181 2182 1384 2219 christiana.
1412 2182 1562 2219 Utinam
1587 2182 1652 2219 hoc
1669 2185 1744 2219 stu-

207 2247 317 2292 dium,
350 2260 423 2284 non
455 2249 598 2284 tantum
632 2247 670 2283 in
695 2245 773 2283 aliis
799 2245 1035 2294 Principibus,
1062 2244 1123 2282 sed
1147 2244 1185 2281 111
1209 2243 1387 2292 plerisque
1411 2243 1518 2280 etiam
1543 2242 1746 2280 doctoribus
1770 2242 1773 2244 ’

207 2310 288 2359 (qui
318 2322 382 2358 pro
414 2309 587 2346 columnis
618 2308 763 2345 interim
793 2307 973 2345 Ecclesiae
1007 2306 1125 2344 haberi
1155 2306 1300 2354 volunt)
1335 2318 1525 2354 agnoscere
1557 2306 1744 2354 possimus,

207 2384 289 2408 cum
322 2385 362 2408 ea
394 2372 598 2420 praesertim
632 2371 804 2408 modestia
828 2370 1069 2414 coniunctum,
1094 2370 1137 2405 ut
1162 2369 1334 2405 rationem
1359 2368 1540 2407 doctrinae
1575 2368 1747 2415 cuiusque

208 2435 245 2469 et
272 2435 397 2481 petant
421 2436 579 2469 amanter
604 2436 641 2470 et
666 2432 812 2469 audiant
838 2433 941 2469 etiam
968 2432 1006 2468 in
1032 2431 1204 2468 charitate
1229 2430 1433 2474 christiana,
1460 2430 1667 2478 priusquam
1691 2430 1745 2465 iu-

208 2494 299 2531 dicia
323 2507 388 2530 sua
414 2496 473 2542 (ne
499 2494 610 2531 dicam
637 2493 864 2543 praeiudicia)
892 2493 1011 2535 edant.
1035 2492 1139 2539 Quod
1165 2505 1245 2529 cum
1271 2492 1326 2529 hic
1353 2491 1538 2529 Celsitudo
1564 2494 1628 2527 tua
1651 2503 1745 2527 sum-

209 2568 264 2592 ma
295 2555 482 2592 clementia
508 2559 544 2592 et
568 2555 790 2592 humanitate
815 2555 932 2599 faciat,
957 2555 1085 2591 merito
1111 2567 1194 2591 sane
1218 2554 1302 2590 haec
1327 2556 1410 2591 tuae
1435 2551 1655 2589 celsitudinis
1680 2551 1744 2587 1111-

209 2617 358 2654 manitas
385 2619 421 2653 et
445 2616 618 2654 modestia
642 2629 662 2653 a
688 2616 755 2665 piis
781 2616 889 2653 amari
915 2618 951 2653 et
977 2615 1169 2663 praedicari
1194 2614 1309 2652 debet.
1335 2615 1458 2662 Atque
1483 2625 1548 2660 ego
1574 2623 1657 2648 sane
1686 2610 1745 2647 lit-

209 2680 303 2715 teras
335 2691 392 2715 eas
416 2680 501 2715 tuae
525 2678 747 2715 celsitudinis
772 2678 823 2715 ita
848 2677 1051 2722 adservabo,
1079 2681 1121 2714 ut
1148 2677 1232 2713 mihi
1258 2688 1396 2725 semper
1422 2673 1643 2712 monumenti
1667 2672 1745 2710 loco

209 2739 283 2776 sint
316 2740 469 2784 futurae,
494 2740 784 2777 adretinendam
809 2740 902 2788 apud
927 2739 1015 2776 alios
1041 2739 1190 2775 similem
1216 2738 1435 2781 modestiam,
1461 2734 1619 2784 exemplo
1644 2734 1744 2771 celsi-

209 2800 347 2838 tudinis
372 2804 464 2838 tuae.
503 2801 580 2838 Iam
605 2802 650 2839 ad
675 2815 747 2838 rem
773 2802 883 2850 ipsam
908 2801 1024 2838 venio.
1051 2801 1199 2838 Occasio
1224 2798 1477 2848 disputationis
1502 2799 1643 2845 sumpta
1668 2799 1744 2833 erat

210 2875 253 2900 ex
286 2863 447 2899 doctrina
479 2875 610 2907 eorum,
644 2864 707 2911 qui
739 2863 807 2900 Dei
832 2862 1098 2911 praescientiam
1124 2874 1188 2898 seu
1213 2859 1579 2910 praedestinationem,
1605 2858 1662 2896 vel
1687 2860 1747 2906 (ut

210 2924 270 2963 alii
303 2923 516 2975 loquuntur)
544 2924 762 2969 electionem,
789 2924 863 2962 falli
888 2924 1084 2972 violarique
1108 2936 1180 2962 non
1204 2933 1306 2971 posse
1330 2922 1471 2966 docent,
1496 2920 1557 2959 sed
1582 2923 1745 2969 oportere
