1830 3147
64 270 158 311 Esay.
182 269 231 300 33.

63 312 144 344 Iere.
168 312 217 349 31,
241 312 292 345 33.

64 355 167 386 Math.
192 355 241 385 18.

61 396 76 427 Ι
100 397 191 428 Ioan.
213 396 258 428 ΙΙ.

65 439 157 470 Rom.
182 439 211 470 3.

63 481 79 512 I
104 481 213 512 Corin.
235 480 274 512 V.

61 1094 163 1136 Ephe.
188 1095 216 1132 1,
241 1095 268 1126 5.

64 1137 80 1167 1
105 1136 215 1168 Corin.
241 1137 267 1168 l.

57 1178 94 1209 ΙΙ
118 1178 192 1210 Cor.
214 1179 252 1210 V.

61 1221 174 1252 Roma.
197 1221 272 1252 XII.

62 1262 79 1294 1
104 1263 194 1294 Ioan.
217 1263 262 1294 ΙΙ.

63 1304 132 1336 Gal.
154 1305 190 1343 V,
216 1306 277 1338 III.

59 1346 180 1378 Psalm..
204 1348 254 1379 32.

57 1389 162 1421 Math.
185 1389 240 1421 VI.

60 1430 187 1462 Daniel.
212 1432 267 1463 lX.

62 1473 154 1504 Rom.
178 1473 207 1506 7.

61 1516 148 1546 Ioan.
172 1517 233 1547 ΙῘΙ.

59 1557 152 1588 Rom.
175 1558 266 1590 VIII.

59 1600 152 1631 Rom.
175 1600 203 1631 7.

59 1641 150 1673 Ioan.
174 1642 223 1674 15.

59 1684 129 1716 Gal.
152 1685 190 1716 V.

58 1878 131 1910 Esa.
156 1881 205 1918 64,
229 1881 278 1911 43.

60 1921 124 1954 Tit.
148 1923 176 1959 3,
201 1923 229 1954 1.

57 1962 131 1996 Esa.
154 1965 204 1997 63.

59 2006 126 2037 Tit.
151 2007 179 2037 3.

60 2049 164 2089 Ephe.
191 2050 218 2080 l.

60 2091 152 2121 Rom.
177 2093 205 2122 3.

61 2133 76 2162 1
103 2133 171 2165 Pet.
196 2135 224 2164 1.

62 2175 78 2204 1
103 2175 191 2206 Ioan.
221 2176 251 2211 1.>

60 2216 154 2256 Esay.
179 2218 229 2249 53.

62 2258 185 2290 Coloss.
212 2261 239 2291 1.

58 2299 161 2341 Ephe.
185 2301 213 2332 1.

60 2342 179 2375 Hebre.
203 2344 230 2375 1.

60 2667 136 2699 Lue.
162 2668 191 2699 1.

59 2710 173 2742 Roma.
198 2710 225 2747 1,
251 2710 280 2741 9.

58 2753 152 2783 Actu.
177 2752 227 2782 11.

58 2795 77 2826 2
100 2794 181 2827 Tim.
206 2794 257 2825 11.

345 88 418 124 438
820 96 994 125 omnen.
1023 96 1132 124 1¹:001..
1161 96 1277 125 LoND.

991 199 1104 251 Resp.

400 262 520 300 Credo
547 265 658 313 atque
687 263 868 301 confiteor
895 262 936 300 in
965 266 1095 301 sancta
1126 263 1342 302 Christiana
1369 263 1542 302 Ecclesia
1569 268 1756 303 aeternam

346 327 620 377 indulgentiam
648 341 729 366 esse
755 332 791 366 et
818 331 1057 379 peccatorum
1085 329 1358 374 remissionem,
1378 329 1470 367 adeo
1493 334 1531 367 ut
1552 343 1756 381 numquam

348 391 536 430 Dominus
574 405 659 429 cum
693 392 759 429 illa
796 392 1045 430 descensurus
1082 393 1130 430 sit
1166 393 1206 430 in
1233 393 1428 439 iudicium,
1457 393 1504 431 ad
1532 394 1756 445 imputanda

347 453 422 505 ipsi
448 459 601 506 peccata
628 454 669 492 in
698 454 1068 500 condemnationem,
1095 459 1161 493 aut
1187 456 1380 506 punienda
1408 469 1464 495 ea.

923 582 1063 622 Interr.
1092 585 1180 624 176.

397 646 580 697 Intelligo
620 647 751 696 igitur,
785 647 899 684 etiam
938 647 1177 685 Christianos
1212 652 1368 699 peccato
1404 647 1555 687 affectos
1592 661 1674 687 esse
1707 669 1758 677 —

348 711 538 762 quomodo
585 724 673 760 ergo
719 711 945 761 praecedens
982 711 1167 750 articulus
1205 712 1250 750 de
1286 713 1481 752 Ecclesiae
1521 713 1759 752 Christianae

348 776 547 814 sanctitate
574 780 672 814 stare
698 776 849 827 potest?

937 840 1052 891 Resp.
1075 838 1181 889 (64¹³)

397 904 570 955 Uterque
596 904 777 942 articulus
807 918 923 955 aeque
953 918 1077 943 verus.

922 969 1063 1008 Interr.
1093 970 1181 1011 177.

399 1034 577 1073 Quanam
604 1034 779 1072 ratione?

996 1098 1107 1149 Resp.

399 1163 591 1201 Nimirum
617 1163 691 1201 fide
718 1163 758 1201 in
787 1162 990 1209 Christum,
1011 1167 1122 1214 caput
1143 1177 1252 1200 suum
1273 1166 1384 1213 atque
1404 1162 1753 1214 sponsum,munda

351 1233 406 1266 est
435 1242 477 1266 ac
506 1232 649 1271 sancta,
687 1241 773 1265 nam
801 1228 842 1265 in
871 1228 1035 1273 Christo,
1061 1227 1140 1265 filio
1169 1227 1252 1272 Dei,
1280 1228 1428 1265 nullum
1456 1232 1650 1279 peecatum
1678 1227 1756 1265 sive
1792 1272 1794 1275 ι

346 1291 605 1330 immundities
631 1292 709 1329 ulla
737 1305 817 1329 esse
844 1297 982 1342 potest.
1035 1292 1082 1330 In
1112 1306 1151 1329 se
1178 1292 1258 1343 ipsa
1287 1305 1374 1330 vero
1403 1291 1623 1329 multifariis
1651 1291 1754 1329 vitiis

346 1361 457 1407 atque
485 1356 646 1407 peccatis
674 1355 838 1394 obducta
865 1360 934 1402 est,
960 1369 1054 1407 quae
1081 1369 1159 1394 non
1187 1356 1328 1407 absque
1357 1356 1480 1393 cordis
1510 1356 1639 1393 dolore
1657 1369 1753 1406 quo-

345 1421 436 1459 tidie
474 1423 686 1466 confitetur,
722 1420 903 1458 auxilium
939 1424 1052 1471 atque
1089 1421 1250 1470 gratiam
1288 1433 1471 1471 quaerens
1507 1419 1606 1471 apud
1643 1420 1753 1457 Chri-

346 1491 457 1531 stum,
485 1486 551 1537 qui
576 1489 702 1523 tamen
731 1485 902 1536 quotidie
930 1485 1066 1536 spiritu
1094 1498 1161 1522 suo
1190 1485 1230 1522 in
1259 1498 1297 1522 se
1324 1484 1405 1536 ipso
1436 1484 1645 1522 sanctificat
1673 1498 1753 1522 eam

345 1554 456 1600 atque
483 1552 649 1594 renovat,
677 1561 904 1598 quamquam
933 1548 1068 1585 veteris
1097 1548 1261 1585 hominis
1290 1548 1447 1597 vestigia
1482 1548 1566 1598 plus
1595 1547 1686 1585 satis
1713 1547 1753 1585 in

343 1614 518 1652 fidelibus
544 1626 762 1651 remansura
792 1613 880 1651 sint.
910 1614 1015 1661 (65³)

916 1741 1055 1781 Interr.
1084 1743 1170 1782 178.

397 1806 603 1846 Quomodo
640 1806 856 1845 istiusmodi
883 1810 1072 1845 aeternam
1099 1810 1340 1857 peccatorum
1367 1805 1627 1843 remissionem
1655 1818 1752 1843 nan·

346 1873 548 1911 ciscimur?

993 1935 1104 1986 Resp.

396 2003 515 2040 Nulla
542 2015 662 2053 neque
690 2006 819 2039 nostra
847 2013 967 2051 neque
995 1999 1200 2050 cuiuspiam
1233 1999 1398 2036 hominis
1418 2012 1539 2049 neque
1554 1998 1752 2037 defuncto-

344 2081 426 2105 rum
455 2070 670 2104 sanctorum
699 2065 897 2114 dignitate,
925 2064 1101 2115 operibus
1129 2063 1330 2108 meritisve,
1359 2063 1422 2101 sed
1450 2063 1560 2100 unice
1579 2076 1622 2100 ac
1642 2063 1752 2101 dum-

344 2134 448 2168 taxat
484 2131 671 2168 immerita
707 2143 807 2167 mera
846 2129 915 2166 Dei
942 2129 1063 2177 gratia
1090 2133 1127 2165 et
1164 2127 1421 2165 satisfactione
1450 2127 1604 2164 Domini
1632 2127 1753 2165 nostri

344 2196 431 2234 Iesu
451 2195 605 2240 Christi,
625 2194 691 2245 qui
710 2194 820 2232 nobis
841 2193 912 2231 hoc
935 2206 1002 2230 suo
1024 2192 1207 2242 sanguine
1225 2192 1500 2241 indulgentiam
1519 2192 1620 2229 illam
1637 2192 1752 2242 adep-

343 2264 404 2298 tus
424 2263 530 2297 estet
550 2258 791 2309 comparavit.
821 2258 931 2295 Illius
950 2256 1049 2294 enim
1068 2257 1251 2295 innocens
1273 2269 1373 2294 mors
1395 2257 1533 2294 solutio
1553 2260 1609 2294 est
1623 2257 1752 2307 culpae

344 2328 495 2362 nostrae
521 2328 557 2361 et
583 2327 822 2374 peccatorum
851 2326 1080 2364 nostrorum,
1106 2321 1213 2358 iuxta
1241 2320 1498 2359 testimonium
1514 2320 1725 2370 Euangelii.

920 2386 1057 2424 Interr.
1088 2387 1174 2426 179.

396 2451 597 2501 Euangelii
625 2451 854 2488 mentionem
881 2450 988 2497 facis,
1013 2471 1064 2479 —
1092 2449 1194 2487 dieas
1223 2462 1372 2500 quaeso,
1401 2449 1491 2500 quid
1520 2448 1590 2487 sub
1619 2449 1749 2487 Euan-

344 2516 433 2566 gelii
462 2528 551 2554 voce
577 2514 817 2564 intelligam?

926 2578 1038 2628 Resp.
1069 2580 1175 2626 (6512)

397 2643 553 2694 Proprie
589 2642 779 2693 significat
814 2642 953 2679 laetum
981 2641 1155 2679 nuntium
1184 2646 1219 2680 et
1246 2641 1572 2679 annuntiationem
1606 2642 1750 2690 gratiae

347 2711 382 2746 et
429 2707 566 2744 amoris
603 2706 674 2744 Dei
710 2720 798 2756 erga
834 2719 903 2744 nos
940 2718 1006 2756 per
1043 2705 1247 2753 Christum,
1282 2706 1435 2744 unicum
1472 2717 1579 2742 suum
1616 2705 1751 2752 filium,

349 2772 454 2810 iuxta
484 2785 631 2810 carnem
660 2786 679 2809 e
706 2778 818 2821 gente
845 2769 1027 2808 Davidica
1056 2775 1199 2809 natum.
