1830 3147
1627 74 1675 111 89

131 186 291 232 dinensi,
324 190 365 225 ut
402 185 448 224 ab
485 184 550 223 illa
586 183 717 236 plagas
752 184 936 236 publicas,
972 197 1064 235 quas
1100 183 1222 223 indies
1258 197 1526 236 promeremur,
1552 198 1677 224 arcere

128 265 284 302 eamque
311 251 350 289 in
379 249 503 288 studio
533 262 641 287 verae
667 248 817 300 pietatis
854 252 890 286 et
923 261 1013 299 pace
1040 262 1083 286 ac
1110 249 1387 300 tranquillitate
1414 249 1565 301 publica
1586 263 1676 288 con-

132 330 278 355 servare
306 315 484 365 digneris.
541 314 807 363 Magistratum
836 327 921 351 vero
951 314 1053 351 illius
1080 313 1133 351 ita
1160 315 1348 363 gubernes
1377 315 1520 367 Spiritu
1545 319 1676 354 sancto

131 383 210 423 tu0,
236 383 277 416 ut
303 379 343 416 in
372 379 506 417 timore
533 384 598 416 tuo
627 379 785 416 fideliter
813 391 857 416 ac
884 378 1086 429 prudenter
1114 379 1329 417 ministerio
1358 393 1425 418 suo
1455 381 1648 430 fungatur.

181 443 421 482 Peculiariter
460 457 545 481 vero
581 448 618 482 te
646 457 809 487 oramus.
836 443 948 481 Pater
974 443 1320 492 indulgentissime!
1350 457 1418 495 pro
1447 444 1588 483 nostris
1617 444 1677 482 hic

133 508 419 557 Peregrinorum
450 508 643 554 Ecclesiis,
678 514 729 554 ut,
756 508 1071 560 quemadmodum
1102 510 1187 557 (76)
1215 509 1297 546 illas
1325 509 1539 547 admirabili
1568 510 1677 547 boni-

130 578 206 612 tate
242 578 305 612 tua
343 573 404 611 hic
440 574 603 625 plantari
632 574 797 621 voluisti,
825 574 876 612 ita
904 587 965 611 eas
994 574 1121 612 favore
1149 579 1212 612 tuo
1243 574 1381 612 Divino
1410 575 1586 627 prosequi
1614 576 1676 613 de-

130 637 258 689 inceps
286 637 398 675 etiam
427 639 529 683 velis,
556 643 598 676 ut
626 639 673 676 ab
702 638 806 676 omni
834 639 1034 688 tyrannide
1063 639 1193 676 mundi
1231 639 1343 677 huius
1380 640 1559 691 falsisque
1586 641 1678 679 doc-

129 702 237 741 trinis
275 702 451 741 omnibus
488 717 553 754 per
591 710 694 741 tuam
731 703 955 741 ineffabilem
994 704 1199 755 potentiam
1240 704 1351 742 simul
1387 718 1429 742 ac
1465 705 1678 744 misericor-

131 768 231 806 diam
278 768 529 808 vindicentur.
586 769 838 819 Agnoscimus
884 769 1072 807 ineffabile
1117 774 1222 807 tuum
1267 770 1307 807 in
1351 769 1428 808 illis
1464 771 1679 821 plantandis

134 833 357 871 beneficium
392 837 505 884 atque
542 834 773 871 immortales
811 833 881 871 tibi
928 834 1000 871 hoc
1042 834 1194 872 nomine
1221 835 1363 884 gratias
1391 835 1550 885 agimus.
1606 836 1677 874 Sed

131 897 217 949 quia
254 897 405 935 excindi
442 897 593 944 scimus,
629 898 812 949 quidquid
852 899 1015 936 fructum
1055 911 1130 937 non
1159 899 1302 950 profert
1323 898 1366 947 ¹),
1394 904 1430 938 et
1458 913 1499 938 ea
1527 904 1583 938 est
1609 913 1678 938 no-

132 969 207 1001 stra
241 964 409 1001 omnium
446 964 670 1015 corruptela,
706 969 747 1001 ut
783 977 829 1001 ne
866 963 1032 1013 cogitare
1060 963 1210 1015 quidem
1241 964 1332 1019 boni
1359 964 1512 1015 aliquid,
1543 965 1680 1002 nedum

132 1029 276 1066 fructus
316 1028 410 1066 ullos
447 1032 483 1066 te
521 1028 657 1077 dignos
695 1029 862 1079 proferre
889 1041 934 1066 ex
963 1028 1074 1066 nobis
1102 1028 1174 1080 ipsi
1203 1029 1403 1079 possimus,
1431 1030 1616 1081 supplices
1644 1034 1681 1068 te

130 1105 336 1144 precamur,
374 1092 613 1144 omnipotens
650 1093 780 1131 Pater!
818 1098 859 1130 ut
886 1093 965 1144 ipse
994 1093 1032 1130 in
1062 1093 1174 1131 nobis
1203 1093 1378 1131 omnibus
1406 1107 1470 1144 per
1499 1094 1680 1145 Spiritum

129 1162 299 1194 sanctum
334 1160 442 1194 tuum
480 1156 624 1194 fructus
655 1157 775 1194 bonos
816 1156 1030 1194 admirabili
1058 1157 1131 1195 ista
1159 1157 1414 1195 Ecclesiarum
1446 1158 1504 1196 hic
1531 1165 1679 1196 tuarum

128 1221 361 1273 plantatione
391 1221 526 1271 dignos
555 1221 761 1272 producere
789 1221 969 1271 digneris.
1009 1222 1154 1273 Nempe
1183 1229 1223 1260 ut
1249 1223 1439 1274 plantatae
1465 1228 1530 1262 tuo
1560 1223 1673 1261 bene-

129 1286 213 1324 ficio
252 1291 402 1325 nostrae
438 1286 531 1324 istae
569 1286 629 1324 hic
667 1286 856 1325 Ecclesiae
897 1287 1047 1325 assidua
1084 1287 1314 1326 incrementa
1344 1302 1409 1326 sua
1440 1288 1603 1327 habeant
1629 1289 1670 1327 in

129 1351 233 1390 omni
268 1352 405 1403 pietate
449 1357 484 1390 et
522 1365 607 1390 vera
642 1352 855 1390 animorum
899 1353 1111 1399 concordia,
1139 1353 1185 1391 ad
1216 1353 1381 1391 nominis
1410 1355 1465 1392 tui
1493 1354 1675 1392 adorandi

128 1417 288 1468 gloriam
332 1418 656 1469 profugorumque
703 1417 763 1455 hic
807 1419 1061 1456 membrorum
1109 1418 1178 1456 filii
1211 1419 1267 1456 tui
1305 1419 1602 1457 consolationem
1639 1424 1676 1458 ct

130 1481 335 1519 catholicae
362 1485 447 1519 tuae
477 1481 771 1530 Eo-(77)clesiae
800 1482 1112 1521 aedificationem.

181 1545 254 1583 Sed
290 1553 327 1584 et
361 1559 429 1597 pro
464 1545 639 1584 omnibus
676 1546 759 1584 aliis
797 1546 978 1596 Regibus,
1015 1546 1267 1598 Principibus,
1308 1546 1597 1597 Magistratibus
1639 1552 1677 1586 et

128 1610 276 1662 populis
303 1616 407 1648 tuam
434 1610 612 1648 Divinam
644 1610 879 1649 Maiestatem
909 1611 1096 1663 supplices
1123 1625 1331 1663 precamur,
1359 1612 1422 1663 qui
1451 1625 1581 1650 vocem
1607 1612 1677 1650 filii

128 1676 184 1715 tui
222 1676 362 1714 Christi
399 1675 554 1713 Domini
589 1689 795 1726 agnoscere
822 1677 958 1724 adhuc,
987 1677 1288 1715 Antichristiana
1315 1677 1518 1728 tyrannide
1545 1679 1676 1729 pressi,

129 1755 205 1780 non
252 1746 456 1793 potuerunt
505 1741 664 1794 vivaque
707 1743 873 1781 membra
910 1743 967 1781 tui
1004 1743 1085 1786 filii,
1122 1757 1231 1795 quem
1271 1756 1347 1782 non
1387 1750 1585 1790 noverunt,
1612 1757 1676 1795 per

128 1807 384 1857 ignorantiam
415 1807 600 1845 hostiliter
628 1808 738 1845 etiam
766 1812 1056 1859 persequuntur,
1073 1830 1125 1838 -
1154 1813 1192 1846 ut
1220 1822 1282 1846 eos
1311 1814 1347 1847 et
1369 1822 1497 1846 omnes
1516 1808 1678 1847 ubilibet

128 1873 236 1919 alios,
270 1873 310 1910 in
346 1873 584 1923 ignorantiae
622 1874 784 1912 tenebris
829 1878 1018 1912 versantes
1063 1878 1128 1912 aut
1170 1888 1234 1926 per
1270 1874 1527 1913 infirmitatem
1563 1875 1675 1913 etiam

130 1938 396 1990 quoquomodo
436 1938 624 1983 seductos,
661 1939 708 1977 ad
745 1952 870 1977 veram
907 1939 977 1977 filii
1011 1939 1069 1977 tui
1105 1940 1228 1977 lucem
1270 1939 1470 1977 clementer
1498 1939 1679 1977 deducere

133 2003 312 2053 digneris,
338 2008 380 2041 ut
408 2016 550 2049 omnes,
576 2003 617 2041 in
647 2017 763 2042 unum
783 2004 880 2042 ovile
897 2004 1014 2056 ipsius
1036 2004 1181 2042 collecti
1203 2005 1248 2052 2),
1266 2018 1332 2056 per
1352 2009 1455 2042 tuam
1473 2004 1678 2054 gratuitam

131 2067 430 2105 misericordiam
465 2072 501 2105 tc
539 2081 667 2105 verum
705 2068 824 2107 Deum
862 2074 1032 2107 nostrum
1080 2069 1233 2107 laudare
1269 2070 1499 2107 unanimiter
1534 2068 1680 2120 tibique

131 2144 253 2180 genua
283 2136 411 2169 nostra
440 2131 589 2170 flectere
616 2132 656 2170 in
684 2133 815 2171 eodem
842 2133 923 2184 ipso
953 2133 1031 2171 filio
1060 2139 1125 2172 tuo
1154 2134 1294 2185 pariter
1318 2147 1448 2172 omnes
1479 2135 1678 2186 possimus.

186 2198 380 2235 Postremo
411 2210 496 2235 vero
525 2201 561 2235 te
589 2210 753 2244 oramus,
781 2199 1020 2249 omnipotens
1049 2204 1083 2237 et
1111 2199 1324 2237 misericors
1353 2200 1481 2238 Pater!
1510 2213 1578 2251 pro
1597 2213 1680 2238 om·

134 2262 247 2301 nibus
282 2263 423 2301 nostris
461 2263 657 2309 fratribus,
683 2276 748 2315 per
778 2263 1002 2302 catholicam
1029 2269 1133 2302 tuam
1161 2264 1370 2303 Ecclesiam
1400 2265 1588 2317 dispersis,
1616 2266 1681 2317 qui

133 2331 285 2380 propter
323 2341 447 2366 veram
486 2328 679 2367 doctrinae
706 2333 791 2367 tuae
818 2333 854 2367 et
881 2329 951 2367 filii
980 2330 1035 2367 tui
1071 2330 1349 2368 confessionem
1387 2331 1458 2369 sub
1487 2344 1596 2370 cruce
1622 2332 1681 2383 ip·

133 2392 210 2430 sius
246 2392 548 2431 Antichristiana
585 2393 786 2444 tyrannide
822 2393 899 2431 ullo
928 2394 1040 2432 modo
1069 2396 1410 2445 pre-(78)muntur.
1467 2396 1682 2435 Consoleris

131 2455 219 2493 illos
256 2469 496 2507 quaesumus,
532 2456 713 2495 Domine!
751 2470 816 2508 per
855 2457 1037 2508 Spiritum
1077 2462 1247 2496 sanctum
1276 2463 1396 2504 tuum,
1424 2460 1547 2497 omnis
1576 2473 1684 2499 verae

135 2520 407 2559 consolationis
436 2526 605 2559 autorem
634 2522 678 2569 ⁸),
705 2521 745 2559 in
774 2522 1041 2560 afflictionibus
1069 2526 1105 2560 et
1134 2535 1243 2561 cruce
1271 2523 1439 2574 ipsorum
1470 2524 1683 2576 virtuteque

133 2589 197 2622 tua
234 2585 361 2623 divina
390 2586 502 2623 corda
530 2586 682 2623 illorum
709 2586 748 2624 in
777 2600 861 2624 vera
889 2587 963 2624 fide
990 2600 1036 2625 ex
1063 2588 1140 2625 alto
1169 2587 1221 2625 ita
1251 2589 1448 2635 confirma,
1475 2578 1515 2627 ut
1543 2589 1685 2636 omnia,

133 2664 229 2702 quae
263 2651 302 2689 in
339 2651 423 2689 illos
461 2651 646 2697 immittis,
682 2653 866 2702 patienter
900 2653 1066 2704 fortique
1104 2652 1230 2690 animo
1275 2658 1311 2691 et
1349 2667 1434 2692 cum
1471 2655 1683 2705 gratiarum

131 2714 280 2753 actione
314 2716 478 2767 perferre
505 2716 654 2768 possint
689 2716 948 2769 intrepideque
985 2730 1028 2755 ac
1066 2721 1283 2756 constanter
1318 2722 1425 2757 tuum
1464 2723 1501 2758 et
1528 2719 1598 2758 filii
1628 2719 1683 2758 tui

177 2857 201 2896 ¹)
225 2856 343 2890 Matth.
366 2857 394 2895 3,
419 2857 447 2891 7.
659 2860 687 2899 ³)
712 2860 800 2893 Ioan.
826 2860 874 2893 10.
1088 2861 1114 2900 ³)
1139 2860 1228 2893 Ioan,
1257 2861 1306 2894 16.
