1830 3147
70 1335 172 1368 Math.
195 1336 248 1367 28.

70 1378 170 1410 Marc.
194 1378 278 1409 XVI.

67 1420 169 1462 Ephe.
192 1422 220 1453 5.

69 1463 141 1495 Aet.
165 1463 193 1495 8.

70 1724 149 1757 Mat.
175 1725 224 1756 23.

62 2249 141 2283 Mat.
165 2251 216 2284 28.

60 2296 131 2325 Act.
154 2295 183 2332 2,
206 2295 235 2327 9.

60 2335 163 2368 Titus.
187 2337 251 2370 ΙΙΙ.

60 2716 161 2759 Ephe.
185 2716 230 2751 II.

63 2761 170 2794 Roma.
194 2760 232 2792 V.

61 2804 158 2834 Gene.
181 2802 242 2833 ΙΙΙ.

62 2845 77 2875 1
104 2845 178 2876 Cor.
201 2846 251 2876 15.

60 2886 183 2923 Coloss.
204 2887 251 2920 ΙΙ.

363 96 438 131 462
841 108 1016 138 CATECH.
1045 110 1154 139 Ech.
1184 111 1300 140 LoND.

361 219 457 257 quae
486 206 673 248 Dominus
702 209 876 250 Christus
905 211 1139 251 observanda
1166 214 1290 253 iussit.

938 340 1078 380 Interr.
1108 344 1193 382 226.

411 399 498 438 Quo
537 415 692 440 numero
733 405 973 443 Sacramenta
1008 410 1096 444 sunt
1123 420 1143 443 a
1173 406 1324 445 Christo
1353 408 1392 446 in
1422 421 1520 447 novo
1549 413 1772 450 testamento

359 465 531 504 ordinata
561 466 838 519 institutaque?

1003 534 1118 586 Resp.
1670 574 1673 577 .

409 593 535 632 Pluria
573 608 792 634 enumerare
829 596 977 648 quidem
1015 598 1114 645 licet,
1149 598 1211 637 sed
1240 612 1365 638 revera
1393 600 1609 640 istiusmodi
1638 603 1769 641 Sacra-

357 662 481 696 menta
533 660 685 698 nonnisi
731 660 803 698 duo
843 666 940 705 sunt,
977 662 1193 714 Baptismus
1231 668 1342 715 atque
1379 666 1416 704 S.
1456 666 1579 704 Coena
1616 666 1771 704 Domini

357 723 476 761 nostri
508 725 596 762 lesu
626 725 780 764 Christi.
809 728 915 774 (83²1)

607 952 649 1000 (I
704 954 782 991 DE
809 953 1189 992 SACRAMENTO
1219 955 1511 994 BAPTISMJ.

932 1135 1071 1175 Intcrr.
1102 1138 1190 1177 227.

405 1199 510 1239 Quid
540 1204 595 1238 est
623 1200 859 1251 baptismus?

1003 1265 1117 1317 Resp.

351 1364 355 1369 .
405 1329 547 1368 Christi
584 1329 737 1368 Domini
774 1330 894 1368 nostri
932 1330 1151 1368 mandatum
1180 1334 1234 1368 cst
1262 1344 1358 1383 aqua
1385 1332 1562 1371 abluendi
1591 1333 1668 1371 sive
1693 1334 1768 1372 tin-

354 1395 468 1444 gendi
496 1395 533 1433 in
565 1395 717 1433 nomine
747 1395 878 1442 Patris,
907 1395 996 1432 Filii
1023 1399 1136 1446 atque
1165 1396 1328 1447 Spiritus
1358 1397 1500 1436 Sancti.

927 1524 1064 1563 Interr.
1094 1526 1180 1562 228.

398 1589 566 1628 Ubinam
598 1590 669 1627 hoc
698 1589 839 1628 Christi
869 1589 1090 1627 mandatum
1120 1589 1329 1640 reperitur?

1001 1653 1114 1704 Resp.

406 1717 515 1768 Apud
556 1717 791 1756 Matthaeum
827 1717 866 1755 in
905 1716 1005 1754 hunc
1031 1717 1186 1754 modum
1216 1716 1422 1768 discipulos
1451 1731 1536 1757 suos
1564 1719 1768 1770 alloquitur

354 1781 562 1820 Dominus:
599 1782 742 1819 Euntes
771 1795 859 1831 ergo
890 1781 1020 1819 docete
1047 1794 1177 1819 omnes
1205 1787 1346 1830 gentes,
1376 1782 1610 1833 baptizantes
1638 1796 1701 1821 eos
1727 1783 1765 1821 in

353 1848 506 1885 nomine
541 1847 661 1885 Patris
698 1852 734 1885 et
770 1847 858 1884 Filii
886 1851 921 1884 et
950 1846 1113 1897 Spiritus
1143 1847 1285 1885 Sancti.
1342 1847 1437 1885 Item
1466 1847 1564 1899 apud
1595 1848 1767 1886 Marcum

353 1912 389 1950 in
421 1912 606 1950 sedecimo
636 1913 775 1963 capite:
804 1911 883 1950 Qui
912 1910 1113 1949 crediderit
1135 1916 1169 1949 et
1198 1911 1409 1962 baptizatus
1430 1913 1553 1959 suerit,
1571 1913 1640 1951 erit
1660 1915 1766 1962 (83¹1)

352 1976 490 2021 salvus,
517 1977 582 2028 qui
610 1989 695 2014 vero
724 1989 799 2014 non
829 1975 1041 2021 crediderit,
1071 1974 1397 2014 condemnabitur.

931 2039 1071 2077 Interr.
1102 2041 1189 2078 229.

403 2106 491 2145 Quo
518 2107 594 2145 fine
620 2105 829 2157 baptismus
857 2104 1057 2143 institutus
1086 2105 1169 2142 est?

997 2169 1110 2221 Resp.

400 2236 455 2273 Ut
499 2238 596 2273 esset
639 2234 677 2272 in
725 2235 1006 2272 Sacramentum
1047 2234 1166 2272 divini
1204 2233 1365 2272 foederis
1402 2233 1447 2271 ad
1486 2233 1762 2282 obsignandum

347 2300 506 2350 gratiam
536 2299 605 2337 Dei
633 2303 669 2337 et
695 2298 963 2349 promissiones
991 2298 1242 2348 Euangelieas
1271 2298 1316 2336 de
1343 2298 1561 2336 remissione
1589 2304 1761 2350 peccato-

346 2378 442 2411 rum,
478 2363 773 2413 regenerationis
810 2367 1055 2414 aeternaeque
1094 2363 1224 2401 salutis
1251 2376 1272 2399 :1
1303 2362 1381 2400 Deo
1409 2362 1529 2412 gratis
1557 2376 1622 2413 per
1651 2362 1759 2401 Chri·

346 2434 443 2467 stum
474 2428 584 2466 nobis
614 2427 786 2465 donatae.

928 2554 1067 2594 Interr.
1098 2558 1184 2594 230.

396 2620 599 2659 Quomodo
627 2620 700 2658 hoc
726 2619 964 2668 intelligam?

990 2684 1104 2734 Resp.

395 2749 540 2787 Natura
574 2753 702 2787 nostra
738 2748 777 2786 in
816 2747 963 2786 Adamo
992 2760 1121 2785 omnes
1149 2746 1226 2784 irae
1253 2750 1498 2796 aeternaeque
1525 2745 1658 2783 mortis
1686 2746 1755 2784 filii

344 2828 486 2861 sumus,
522 2814 585 2852 sed
621 2827 686 2864 per
723 2812 913 2851 Christum
950 2811 976 2850 i.
1004 2825 1036 2856 e,
1064 2813 1166 2860 (84²²)
1192 2812 1233 2849 in
1260 2810 1338 2849 eius
1367 2810 1667 2847 communionem
1696 2823 1754 2848 re·

344 2879 454 2933 cepti,
488 2891 635 2918 rursum
672 2879 711 2916 in
741 2877 839 2917 filios
869 2876 936 2914 Dei
963 2876 1135 2929 adoptati
1162 2888 1303 2921 sumus,
1329 2874 1366 2913 in
1397 2873 1539 2912 Christi
1566 2874 1754 2926 sanguine
