1830 3147
842 114 911 155 719
1374 116 1435 165 [A.
1461 114 1506 155 D.
1532 118 1643 167 1556]

121 225 322 257 Passaviensi
345 235 418 257 eum
440 224 651 266 recuperavit.
675 224 724 258 Cf.
746 224 855 263 Smsn,
880 226 1022 267 Reform.
1044 225 1188 258 Heidelb.
1218 225 1262 258 ib.
1285 226 1376 259 1846.
1399 237 1430 269 p.
1455 227 1504 260 51.
1526 229 1555 268 ⁴)
1572 227 1647 259 Hei-

117 281 298 322 delbergam
313 281 430 312 Lascus
443 279 519 311 visit
531 278 576 311 a⁰.
591 280 680 311 1545.
705 279 755 312 Cf.
771 280 832 322 Ep.
848 281 888 312 26
904 283 936 312 et
952 280 1030 313 Mel.
1045 281 1083 312 ad
1100 280 1182 313 Duc.
1195 281 1344 314 Prussiae
1354 293 1403 324 ep.
1426 282 1644 315 Bnn‘rrsan.

117 337 208 370 Tom.
233 336 267 368 V.
292 335 362 368 790.
385 337 432 367 An
457 335 554 366 etiam
577 335 621 366 21⁰.
647 336 725 366 1548
750 339 785 367 ut
806 336 867 368 hoc
890 336 960 368 loco
983 337 1103 368 inferre
1126 337 1264 375 videtur,
1287 338 1345 369 sub
1369 337 1485 370 iudice.

118 528 183 564 ΝΟ.
209 527 289 563 116.
694 528 731 573 [ll
741 529 767 561 ei
777 540 789 561 n
800 540 858 565 ers.
871 530 896 565 1.
908 530 964 565 (5115.
979 531 1073 567 Franks.
1086 531 1136 565 nel.
1149 532 1228 566 bandi.
1243 533 1262 567 Ι,
1275 531 1336 566 Bell.
1349 532 1390 567 29.
1402 532 1418 564 G
1428 531 1487 566 erd.
1504 530 1551 566 nb.
1567 530 1640 576 m]

549 648 606 685 Ad
629 650 813 686 SessArUM
836 649 1216 688 FaAncorumANUM.

162 769 330 805 Accusati
372 781 483 816 nuper
520 769 612 817 apud
647 770 911 817 :amplissimum
945 770 1198 818 Magistratum
1228 772 1269 818 ι),
1302 770 1398 818 quod
1431 771 1474 808 de
1511 771 1641 808 Christi

116 831 259 867 Domini
290 831 325 867 iu
360 831 477 867 Coena
510 845 572 867 sua
607 833 805 880 praesentia
836 845 916 869 cum
951 832 1110 869 doctrina
1144 833 1382 870 Confessionis
1414 836 1645 880 Augustanae

115 905 184 929 non
209 892 496 935 consentiremus,
523 893 668 940 professi
694 906 815 929 sumus
849 897 1004 930 nostram
1037 894 1123 930 hanc
1160 894 1222 931 hac
1249 895 1284 930 in
1308 898 1407 942 parte
1432 895 1545 938 fidem,
1571 908 1642 931 uon

114 959 187 989 tam
219 953 378 1000 equidem
414 954 555 997 nostris,
591 967 695 1001 quam
730 954 848 1001 potius
886 954 1082 1001 ipsiusmet,
1123 956 1180 991 cui
1214 961 1249 991 et
1283 968 1378 992 nunc
1412 955 1643 999 inhaeremus,

115 1015 355 1050 Confessionis
388 1016 618 1062 Augustanae
651 1015 778 1059 verbis,
813 1028 855 1051 ex
892 1016 936 1050 10
962 1020 998 1052 et
1024 1017 1067 1052 13
1094 1015 1189 1053 illius
1214 1017 1365 1053 articulo
1391 1016 1572 1061 desumtis,
1598 1017 1641 1053 ad

116 1076 206 1112 hunc
241 1076 399 1112 modum:
453 1076 662 1115 ,Credimus
695 1079 731 1112 et
764 1077 980 1124 profitemur,
1014 1077 1109 1124 quod
1142 1090 1222 1114 cum
1256 1090 1345 1126 pane
1382 1081 1418 1114 et
1451 1078 1535 1114 vino
1560 1090 1642 1114 vere

117 1138 374 1178 ,exhibeantur
405 1150 530 1185 corpus
556 1141 592 1174 et
617 1137 759 1184 sanguis
786 1138 918 1174 Christi
944 1138 1167 1175 vescentibus
1193 1139 1229 1175 in
1255 1139 1371 1175 Coena
1399 1139 1552 1182 Domini,
1578 1140 1639 1185 qui

115 1200 306 1239 avidelicet
341 1200 407 1236 fide
444 1200 621 1247 accipiunt
646 1200 848 1248 promissam
873 1201 1032 1247 gratiam,
1060 1213 1165 1247 quam
1190 1204 1405 1238 sacramenta
1429 1201 1640 1248 significant,

116 1265 181 1302 ‘et
206 1261 377 1309 Spiritum
404 1261 606 1297 Sanctum.''

159 1324 211 1359 Ac
241 1322 450 1370 putabamus
483 1335 566 1359 sane
600 1323 688 1359 hanc
720 1327 876 1358 nostram
910 1322 1166 1359 consessionem
1197 1323 1282 1359 satis
1318 1324 1391 1359 fore
1424 1323 1530 1359 etiam
1551 1323 1642 1371 apud

110 1387 330 1420 accusatores
363 1387 504 1419 nostros
541 1382 584 1418 ad
619 1382 857 1430 depellendam
896 1396 1032 1419 omnem
1066 1383 1291 1420 dissensionis
1327 1384 1559 1431 suspicionem
1595 1385 1638 1420 ab

111 1448 319 1492 Augustana
352 1445 590 1488 Confessione,
626 1457 706 1481 cum
739 1445 954 1492 praesertim,
991 1457 1061 1492 qua
1096 1449 1194 1493 parte
1231 1445 1387 1482 accusati
1413 1459 1544 1489 sumuS,
1571 1459 1641 1482 non

109 1507 271 1553 equidem
306 1506 435 1541 nostris
468 1506 630 1553 amplius,
662 1505 720 1541 sed
755 1506 938 1553 ipsiusmet
972 1506 1211 1543 Confessionis
1249 1509 1478 1554 Augustanae
1516 1508 1642 1552 verbis,

110 1567 344 1613 loqueremur.
386 1566 453 1602 Sed
476 1566 544 1602 iam
570 1566 688 1602 videre
713 1571 832 1613 potest
856 1566 1104 1614 Amplissimus
1132 1568 1378 1614 Magistratus,
1404 1582 1473 1605 non
1500 1574 1572 1606 tam
1597 1570 1640 1606 de

110 1628 348 1664 Confessionis
382 1629 612 1674 Augustanae
649 1628 808 1664 doctrina
846 1628 899 1664 hic
932 1628 1000 1675 agi,
1027 1641 1130 1675 quam
1157 1629 1200 1665 de
1226 1631 1326 1666 novis
1352 1631 1471 1678 potius
1497 1631 1640 1678 quibus-

111 1689 188 1725 dam
221 1689 358 1726 dicendi
393 1689 566 1732 formulis,
606 1702 755 1736 quarum
790 1702 853 1726 nos
888 1689 1022 1737 alioqui
1055 1702 1169 1737 neque
1203 1691 1359 1740 exempla
1385 1705 1499 1739 neque
1525 1693 1640 1730 fontes

111 1751 203 1787 ullos
241 1751 278 1787 in
312 1751 503 1798 Scripturis
539 1754 658 1787 extare
691 1755 727 1787 et
751 1764 772 1787 a
797 1754 937 1798 recepto
963 1756 1144 1799 praeterea
1170 1753 1277 1788 etiam
1309 1766 1377 1789 usu
1411 1755 1638 1801 grammatico

111 1812 240 1848 alienas
267 1824 341 1848 esse
367 1811 537 1848 videmus.

156 1873 454 1920 Quemadmodum
480 1876 598 1909 autem
623 1873 708 1909 alias
733 1886 918 1909 censuram
944 1874 980 1909 in
1006 1874 1137 1922 scripta
1162 1875 1311 1911 aliorum
1337 1876 1428 1924 apud
1454 1877 1637 1925 Amplissi-

110 1948 205 1970 mum
244 1935 410 1970 Senatum
436 1934 609 1981 deprecati
636 1947 769 1977 sumus,
795 1934 847 1970 ita
872 1937 909 1970 et
934 1947 1028 1971 nunc
1055 1947 1193 1971 oramus
1220 1937 1394 1983 siquidem
1420 1938 1455 1974 id
1481 1938 1570 1974 bona
1595 1939 1637 1975 il-

110 1995 177 2031 lius
210 1995 324 2042 gratia
358 1995 538 2043 impetrari
568 1998 686 2042 queat,
721 2007 764 2031 ne
801 1995 844 2031 de
868 1995 1016 2032 aliorum
1043 1997 1182 2045 scriptis
1219 1999 1392 2045 peregrini
1418 1998 1551 2047 alioqui
1577 2000 1635 2036 ho-

110 2056 218 2091 mines
252 2056 481 2103 pronunciare
514 2069 690 2103 cogamur.
740 2057 901 2103 Aequius
939 2063 993 2093 est
1020 2057 1122 2101 enim,
1149 2065 1190 2094 ut
1216 2071 1290 2103 nos,
1316 2060 1377 2106 qui
1404 2060 1469 2096 huc
1495 2060 1636 2098 aliunde

110 2117 346 2163 migravimus,
373 2119 494 2152 nostra
519 2117 635 2152 omnia
662 2120 860 2152 vestrorum
884 2117 1023 2153 iudiciis
1051 2118 1287 2163 subiiciamus,
1313 2132 1417 2166 quam
1443 2124 1484 2157 ut
1509 2121 1553 2157 de
1578 2134 1635 2158 ve-

107 2182 261 2214 strorum
288 2178 484 2214 aliorumve
510 2178 649 2225 scriptis
676 2179 959 2225 pronunciemus.

156 2239 205 2275 Et
243 2239 327 2286 quia
361 2252 425 2276 nos
464 2240 499 2275 id
534 2252 597 2287 pro
639 2240 854 2287 Amplissimi
881 2241 1115 2288 Magistratus
1148 2243 1344 2279 autoritate
1377 2255 1416 2279 ac
1449 2243 1635 2281 clementia

108 2301 358 2349 impetraturos
391 2313 465 2337 esse
497 2301 716 2344 confidimus,
754 2301 796 2337 ad
829 2302 995 2339 traditam
1032 2303 1132 2339 nobis
1158 2303 1273 2340 denuo
1298 2304 1478 2341 doctrinae
1504 2306 1633 2342 formu-

106 2363 185 2405 lam,
224 2374 294 2398 non
329 2374 470 2409 prorsus
505 2361 636 2409 alioqui
661 2375 740 2398 cum
767 2363 922 2399 exhibita
946 2363 1045 2399 nobis
1071 2367 1175 2400 antea
1198 2365 1383 2401 concordia
1408 2367 1632 2403 consentien-

105 2429 188 2467 tem,
230 2423 437 2470 respondere
471 2423 583 2459 adhuc
617 2423 928 2470 supersedebimus,
955 2424 1064 2461 donec
1090 2425 1132 2462 de
1157 2426 1374 2473 Amplissimi
1400 2428 1633 2474 Magistratus

106 2485 291 2521 voluntate
326 2485 388 2520 hac
421 2484 457 2519 in
491 2487 591 2531 parte
616 2485 783 2520 certiores
809 2485 942 2521 fiamus.
984 2486 1087 2531 Quod
1112 2490 1231 2522 autem
1259 2487 1416 2532 facimus,
1442 2502 1511 2524 non
1538 2490 1634 2536 equi-

103 2547 183 2582 dem
211 2546 367 2587 facimus,
393 2545 493 2592 quasi
520 2545 575 2581 hic
601 2546 830 2592 Magistratui
854 2559 975 2594 parere
1000 2560 1210 2591 recusemus,
1230 2548 1402 2596 siquidem
1422 2551 1472 2586 ita
1489 2551 1632 2588 omnino

104 2605 252 2649 iuberet,
285 2606 344 2642 sed
379 2609 562 2649 testamur,
596 2618 660 2642 nos
697 2606 799 2643 malle
824 2606 859 2643 id
884 2607 1068 2651 declinare,
1095 2608 1125 2644 si
1151 2609 1225 2644 fieri
1250 2611 1371 2657 possit,
1406 2612 1500 2657 quod
1525 2625 1545 2647 a
1570 2625 1632 2648 no-

101 2670 187 2710 stra,
220 2666 485 2714 peregrinorum
521 2667 666 2713 inquam
700 2667 890 2711 homiuum,
925 2669 1126 2705 conditione
1162 2669 1315 2706 alienum
1349 2684 1422 2708 esse
1447 2675 1631 2719 putamus:

104 2729 234 2764 facturi
275 2734 392 2764 tamen
433 2728 475 2764 ad
512 2733 720 2772 extremum,
758 2729 927 2776 quicquid
969 2729 1068 2766 nobis
1110 2731 1164 2767 hic
1197 2731 1430 2779 Magistratus
1464 2734 1632 2782 imperare

106 2788 215 2824 volet.

148 2849 285 2895 Quibus
316 2862 422 2897 porro
454 2850 549 2897 prior
584 2849 643 2886 illa
676 2851 850 2888 confessio
876 2864 947 2887 non
974 2852 1157 2896 satisfecit,
1184 2852 1236 2888 his
1262 2856 1356 2890 certe
1381 2866 1423 2890 ne
1450 2855 1631 2891 Confessio

100 2910 242 2958 quidem
268 2913 490 2958 August-ana,
516 2912 618 2949 cuius
645 2912 759 2949 verbis
785 2913 918 2961 alioqui
944 2912 1134 2962 loquimur,
1160 2915 1360 2952 satisfacere
1378 2916 1482 2952 etiam
1501 2919 1631 2963 potest.
