1830 3147
182 92 256 132 274

239 207 272 241 3.
328 203 492 240 Docetur
527 202 711 249 Ecclesia,
747 203 860 254 quod,
886 204 957 242 etsi
984 217 1086 243 mors
1113 205 1165 243 ita
1193 205 1279 253 iam,
1308 211 1348 246 ut
1375 213 1431 246 est
1457 208 1611 253 dictum,
1638 211 1725 248 uni-

186 281 334 305 versum
369 280 487 316 genus
526 268 732 306 humanum
767 273 921 320 propter
955 274 1150 320 peccatum
1177 273 1393 321 pervaserit,
1420 278 1626 325 naturaque
1653 287 1727 312 no·

186 337 275 378 stra,
319 346 364 370 ex
410 331 523 369 nobis
557 332 664 384 ipsis,
704 333 810 371 aliud
843 333 940 372 nihil
977 334 1107 379 simus,
1142 348 1254 386 quam
1290 336 1370 375 irae
1405 350 1449 375 ac
1484 339 1617 376 mortis
1653 339 1726 377 filii

186 397 307 435 Deum
342 402 470 435 tamen
505 397 625 435 nostri
660 398 867 445 misertum,
903 398 1219 449 quemadmodum
1256 414 1324 439 nos
1361 415 1438 440 non
1474 402 1648 453 equidem
1676 403 1723 441 ad

185 466 358 508 mortem,
402 462 468 500 sed
512 462 558 500 ad
594 462 711 500 vitam
747 467 939 501 aeternam
975 463 1086 501 initio
1125 468 1326 511 creaverat,
1360 466 1413 504 ita
1449 480 1519 505 nos
1555 467 1668 506 etiam
1706 481 1726 506 a

184 533 306 566 morte
335 541 485 566 rursum
513 527 561 566 ad
589 529 706 567 vitam
733 533 938 574 aeternam,
967 528 1108 567 donato
1135 530 1247 568 nobis
1274 531 1315 569 in
1343 544 1454 570 carne
1481 537 1611 570 nostra
1639 533 1724 571 uni·

180 594 310 642 genito
340 606 408 631 suo
436 593 530 639 filio,
556 607 734 632 revocare
761 594 939 633 voluisse.
983 594 1100 631 Hunc
1126 594 1244 645 igitur
1271 596 1342 634 Dei
1369 597 1502 644 filium,
1529 598 1635 636 Patri
1655 611 1723 635 suo

185 662 424 695 coaeternum
460 662 497 696 et
531 658 784 709 coaequalem,
818 662 1010 709 assumpta
1046 672 1091 696 ex
1125 663 1244 698 matre
1271 661 1417 710 virgine
1445 675 1556 700 carne
1583 667 1724 709 nostra,

183 723 511 771 ho-(637)minem
547 724 691 761 factum
729 736 822 769 esse,
855 736 924 774 per
951 723 1078 761 omnia
1106 724 1228 762 nostri
1256 725 1429 772 similem,
1456 730 1611 778 excepto
1641 727 1723 765 solo

184 787 367 825 duntaxat
402 792 569 839 peccato,
611 792 724 839 atque
762 788 816 826 ita
845 789 993 826 demum
1022 789 1188 827 universi
1217 789 1371 828 humani
1397 792 1544 841 generis
1574 805 1722 830 carnem

182 853 222 890 in
267 866 334 890 suo
381 866 536 904 corpore
573 853 841 900 sanctificasse,
877 853 947 891 etsi
982 853 1022 891 in
1060 854 1171 892 nobis
1209 855 1300 893 haec
1333 855 1437 894 illius
1474 857 1723 894 sanctificatio

183 917 387 969 conspicua
414 931 490 955 non
520 918 568 955 sit
595 918 732 957 adhue.
762 918 835 956 Sed
864 918 1043 969 quoniam
1073 919 1196 956 carnis
1224 919 1316 957 haec
1344 923 1495 958 nostrae
1521 920 1562 958 in
1583 920 1724 958 Christi

182 994 337 1033 corpore
380 982 631 1022 sanctificatio
676 982 723 1020 ad
761 995 831 1020 nos
870 986 1024 1033 propter
1059 987 1255 1034 peccatum
1293 988 1465 1022 nostrum
1502 998 1578 1023 non
1616 984 1724 1022 aliter

181 1050 305 1099 potuit
347 1049 548 1100 pertinere,
591 1062 705 1100 quam
741 1049 773 1087 si
809 1051 981 1087 aeternae
1017 1048 1138 1086 Patris
1176 1049 1247 1087 Dei
1281 1049 1446 1088 iustitiae
1482 1063 1550 1101 pro
1588 1054 1720 1088 nostra

179 1116 480 1166 transgressione
517 1116 728 1160 satisfieret,
759 1114 961 1167 ipsummet
1003 1115 1164 1153 eundem
1191 1115 1311 1152 filium
1339 1114 1410 1152 Dei
1438 1118 1720 1153 sacrosanctum

179 1181 254 1217 iam
288 1180 329 1218 in
358 1193 396 1218 se
433 1180 556 1218 carnis
584 1183 737 1218 nostrae
765 1192 901 1230 corpus
928 1179 968 1217 in
997 1185 1167 1225 mortem,
1193 1183 1347 1230 peccato
1376 1183 1507 1217 nostro
1537 1179 1721 1217 constitu·

180 1249 269 1291 tam,
305 1258 450 1282 summa
488 1257 572 1283 cum
608 1244 820 1295 ignominia
846 1244 895 1282 ad
920 1244 1064 1295 peccati
1092 1244 1212 1282 nostri
1240 1244 1494 1295 expiationem
1521 1244 1622 1282 ultro
1651 1243 1722 1281 ob-

176 1310 322 1355 tulisse,
358 1309 654 1360 dependisseque
679 1323 745 1361 per
773 1309 941 1360 corporis
971 1310 1029 1347 sui
1056 1309 1358 1348 innocentissimi
1385 1310 1425 1348 in
1454 1323 1564 1348 carne
1591 1314 1722 1348 nostra

180 1375 423 1420 oblationem,
452 1375 553 1426 quod
579 1375 699 1413 eidem
727 1375 799 1426 ipsi
830 1374 932 1413 carni
957 1375 996 1413 in
1025 1375 1136 1413 nobis
1163 1379 1315 1427 propter
1334 1381 1530 1426 peecatum
1549 1381 1720 1415 nostrum

180 1437 330 1475 decreto
367 1438 437 1476 Dei
474 1440 595 1476 fuerat
632 1439 894 1481 constitutum,
931 1438 984 1476 sic
1020 1442 1062 1476 ut
1098 1439 1209 1476 nobis
1238 1439 1399 1490 amplius
1426 1444 1622 1490 peccatum
1650 1454 1721 1478 no-

181 1509 298 1540 strum
336 1505 383 1541 ad
423 1504 777 1541 condemnationem
808 1508 966 1554 propter
996 1504 1137 1541 Christi
1167 1504 1321 1542 Domini
1349 1514 1507 1542 mortem
1543 1505 1724 1556 imputari

182 1569 472 1619 haudquaquam
500 1569 633 1620 possit,
659 1574 921 1620 praeterquam
950 1569 980 1606 si
1008 1582 1077 1606 nos
1106 1569 1179 1620 ipsi
1205 1583 1271 1620 per
1299 1569 1606 1620 contemptricem
1626 1570 1724 1608 tanti

181 1635 290 1672 istius
318 1635 492 1672 beneficii
519 1634 821 1672 incredulitatem
851 1634 898 1671 ab
927 1648 968 1672 ea
996 1635 1140 1686 peccati
1167 1635 1289 1673 nostri
1317 1635 1535 1686 expiatione
1552 1635 1592 1673 in
1614 1635 1723 1672 Chri·

183 1706 240 1743 sto
270 1701 434 1738 Domino
463 1701 721 1739 excludamus,
775 1700 870 1737 Vult
898 1700 1000 1737 enim
1027 1699 1127 1737 filius
1156 1699 1226 1738 Dei
1254 1700 1327 1737 fide
1355 1700 1721 1751 apprehen-(638)di

184 1779 290 1803 suum
319 1765 391 1803 hoc
420 1765 657 1811 beneficium,
684 1771 725 1803 ut
752 1768 921 1801 nostram
949 1777 1034 1813 erga
1062 1764 1168 1801 illum
1197 1764 1468 1814 gratitudinem
1492 1768 1722 1810 attestemur,

182 1840 217 1868 et
245 1843 314 1868 nos
334 1830 388 1867 'ab
416 1828 542 1880 impiis
570 1829 689 1880 ipsius
718 1829 1044 1880 contemptoribus
1074 1829 1161 1866 fidei
1188 1833 1342 1867 nostrae
1369 1829 1585 1867 testimonio
1615 1842 1721 1879 sepa-

182 1909 319 1933 remus.
356 1895 447 1932 Non
476 1895 577 1946 quod
605 1895 704 1932 salus
732 1898 862 1932 nostra
890 1907 910 1931 a
938 1893 1011 1931 fide
1039 1898 1167 1931 nostra
1195 1894 1368 1945 pendeat,
1396 1893 1461 1931 sed
1489 1893 1590 1944 quod
1619 1893 1720 1931 Deus

183 1962 489 2012 contemptricem
526 1961 631 2002 illam
660 1959 833 1997 beneficii
862 1959 1002 1997 Christi
1032 1959 1333 1998 incredulitatem
1361 1963 1513 1997 aeterna
1543 1958 1721 1996 condem-

181 2026 334 2063 natione
360 2026 505 2076 puniat.
544 2025 700 2076 Requiri
726 2025 845 2074 igitur
871 2025 982 2062 fidem
1011 2024 1050 2061 in
1078 2024 1202 2070 nobis,
1231 2025 1261 2062 si
1290 2025 1513 2062 beneficium
1539 2024 1635 2062 illud
1654 2038 1720 2062 ex-

181 2091 273 2141 piati
307 2105 372 2142 per
411 2090 601 2128 Christum
629 2090 835 2128 Dominum
863 2089 1005 2141 peccati
1036 2089 1157 2127 nostri
1187 2089 1232 2127 ad
1263 2102 1331 2127 nos
1361 2089 1495 2128 debeat
1521 2090 1722 2141 pertinere,

182 2157 245 2194 sed
273 2156 425 2207 requiri,
453 2169 530 2193 non
558 2159 598 2194 ut
627 2168 778 2193 causam
807 2155 921 2193 ullam
949 2154 1161 2192 mediumve
1191 2154 1322 2192 salutis
1350 2158 1502 2192 nostrae
1528 2176 1578 2183 —
1607 2167 1719 2192 causa

182 2222 281 2259 enim
317 2221 447 2259 salutis
475 2224 628 2259 nostrae
655 2221 767 2258 unica
795 2224 862 2267 est,
892 2219 1025 2270 nempe
1051 2219 1216 2268 gratuita
1244 2219 1315 2256 Dei
1342 2219 1614 2266 misericordia,
1641 2232 1719 2256 me·

183 2286 286 2323 dium
312 2286 402 2324 item
428 2286 585 2323 unicum
612 2285 737 2331 etiam,
764 2298 896 2336 nempe
925 2284 1065 2322 Christi
1093 2283 1249 2322 Domini
1277 2284 1316 2321 in
1346 2297 1457 2322 carne
1483 2292 1612 2322 nostra
1640 2296 1719 2321 me-

183 2350 296 2388 ritum
324 2372 374 2379 —
411 2350 475 2388 sed
520 2350 660 2401 requiri
687 2354 729 2387 ut
756 2349 1002 2398 gratitudinis
1031 2353 1181 2387 nostrae
1209 2348 1399 2399 quandam
1427 2347 1720 2394 attestationem,

183 2428 255 2464 qua
283 2416 329 2453 ab
358 2416 484 2466 impiis
512 2416 609 2454 tanti
637 2415 810 2453 beneficii
839 2415 1162 2466 contemptoribus
1192 2414 1462 2452 discernamur.

233 2484 269 2518 4.
323 2480 490 2519 Docetur
524 2480 706 2525 Ecclesia,
743 2492 926 2530 quaenam
965 2479 1014 2516 sit
1050 2493 1092 2517 ea
1127 2478 1232 2525 fides,
1268 2491 1381 2528 quam
1408 2477 1509 2515 Deus
1536 2477 1577 2514 in
1604 2474 1720 2513 nobis

183 2545 352 2595 requirit,
379 2559 425 2583 ne
452 2559 471 2582 a
501 2545 645 2583 Christi
671 2544 828 2583 Domini
855 2544 1047 2581 beneficiis
1075 2543 1333 2581 excludamur.
1390 2542 1481 2580 Tres
1510 2553 1588 2578 esse
1615 2540 1721 2578 illius

186 2617 294 2649 notas
324 2611 520 2662 seripturis
549 2611 690 2649 sanctis
717 2610 895 2662 proditas.
933 2609 1110 2656 Primam,
1140 2613 1179 2647 ut
1197 2612 1309 2662 'certo
1340 2607 1444 2646 verbi
1463 2606 1592 2644 Divini
1611 2607 1717 2644 testi·

184 2677 312 2714 monio
353 2677 457 2714 iuxta
495 2677 708 2714 unanimem
745 2675 864 2714 totius
903 2675 1108 2724 scripturae
1146 2685 1370 2723 consensum
1398 2671 1553 2710 nitatur.
1607 2670 1720 2709 Fides

186 2755 230 2780 cx
271 2741 416 2786 auditu,
452 2740 574 2791 inquit
611 2742 762 2785 Paulus,
798 2739 949 2777 auditus
978 2740 1089 2786 (639)
1126 2752 1192 2789 per
1220 2737 1373 2776 verbum
1402 2735 1485 2774 Dei.
1539 2735 1723 2781 Alteram,

184 2812 225 2846 ut
254 2806 302 2845 sit
328 2808 434 2844 firma
465 2819 507 2843 ac
536 2810 633 2844 certa
662 2805 870 2857 persuasio,
896 2817 974 2842 non
1002 2803 1136 2842 flexilis
1165 2803 1211 2841 ad
1240 2815 1386 2840 omnem
1406 2806 1557 2840 ventum
1579 2801 1721 2840 doctri-

191 2886 258 2910 nae
298 2872 474 2918 cuiusvis,
510 2872 630 2908 instar
667 2870 878 2916 arundinis,
913 2868 975 2906 sed
1014 2872 1053 2906 ut
1089 2868 1122 2906 ei
1159 2867 1260 2917 quod
1287 2865 1473 2904 credimus
1502 2869 1581 2904 toto
1610 2865 1722 2904 corde
