1830 3147
167 101 232 149 [A.
256 98 304 138 D.
327 99 441 146 1548]
907 97 977 133 616

173 207 328 246 vicissim
352 206 543 254 gratificari
567 205 754 254 possimus.
779 205 912 242 Curavi
937 204 1085 243 describi
1112 216 1203 253 quae
1228 204 1272 246 de
1297 204 1430 241 nostris
1455 205 1661 242 ceremoniis
1677 205 1715 241 in

175 268 340 317 Angliam
365 268 456 305 misi.
482 267 579 304 Haeo
604 266 710 303 simul
735 268 845 314 atque
868 265 1045 314 descripta
1069 265 1228 309 fuerunt,
1252 265 1297 302 ad
1314 268 1351 302 te
1367 266 1617 302 transmittam.
1643 266 1717 303 An-

177 330 227 379 gli
259 330 327 367 iam
360 330 500 366 missam
534 327 749 365 coelibatum
774 332 810 365 et
835 327 930 364 idola
953 340 972 365 e
996 340 1105 375 regno
1131 340 1196 364 suo
1221 327 1449 376 pepulerunt.
1490 327 1604 364 Filius
1629 328 1716 365 elec-

177 392 266 429 toris
291 391 478 428 habiturus
503 392 558 426 est
582 389 795 426 Ferdinandi
820 389 931 437 Regis
955 389 1074 433 filiam,
1100 389 1230 437 quibus
1254 389 1393 437 legibus
1419 389 1614 434 incertum3
1641 401 1720 438 spes

179 456 234 490 est
259 455 375 489 tamen
401 452 489 488 bene
514 451 627 488 adhue
652 451 832 488 habitu-ras
858 463 914 487 res
938 451 1116 488 Electoris
1141 451 1285 499 captivi.
1312 451 1361 488 Et
1387 451 1453 489 hoc
1471 451 1592 488 frater.
1617 452 1719 489 Vale.

179 514 313 551 salutat
339 525 402 550 vos
426 525 513 549 mea.
555 512 611 548 Tu
635 524 779 560 quoque
804 514 903 549 tuam
928 524 971 549 ex
996 525 1052 550 me
1075 511 1202 549 saluta.
1243 512 1381 550 Iterum
1406 512 1496 550 vale.
1537 513 1621 550 Nox
1645 525 1719 550 non

181 576 318 625 patitur
341 575 444 623 plura
469 573 632 612 seribere.

229 637 361 674 Emdae
385 637 429 674 19
455 636 638 674 Februarii
663 635 770 672 Anno
796 636 902 673 1548.

228 747 254 787 ¹)
278 746 337 778 Est
363 746 390 777 is
421 747 521 778 frater
544 746 612 779 eius
635 745 814 779 Ladislaus.
857 745 884 785 ²)
908 744 1025 776 Petrus
1048 743 1199 786 Aloysius
1222 744 1405 778 Farnesius.
1449 745 1477 786 ³)
1500 745 1667 778 Placentia
1690 756 1723 778 se

182 801 317 834 dederat
338 802 543 835 Ferdinando
567 803 585 835 a
609 803 770 843 Gonmga,
794 801 849 843 qui
873 800 1020 833 Caesaris
1043 800 1151 843 copias
1175 800 1323 834 ducebat.

185 985 250 1022 N⁰.
276 984 334 1023 46.
991 985 1105 1032 [Auiogr.
1118 987 1142 1019 in
1159 987 1221 1020 Bihl.
1237 987 1308 1030 Lugd.
1324 988 1375 1020 Bal.
1391 988 1420 1024 fl,
1435 988 1459 1020 S.
1474 985 1644 1029 PapenbnN'.
1657 988 1681 1019 9„
1694 986 1725 1032 ¹)

948 1047 1035 1082 Gerd.
1058 1057 1080 1082 s,
1096 1057 1120 1082 a.
1137 1045 1187 1083 ub.
1207 1047 1264 1079 643.
1288 1047 1442 1081 Heinsius.
1462 1047 1502 1090 Ep.
1519 1049 1554 1081 ill.
1566 1049 1612 1081 vir.
1625 1058 1651 1091 p.
1664 1047 1725 1094 5⁰]

779 1165 840 1202 An
866 1166 1139 1202 CASSANDRUM.

235 1288 289 1325 Mi
315 1286 529 1325 Cassander!
578 1286 663 1323 Non
697 1288 799 1324 vacat
831 1299 926 1324 nune
951 1286 1075 1323 multis
1101 1285 1262 1330 scribere,
1287 1285 1348 1322 sed
1371 1297 1434 1335 per
1459 1285 1551 1324 hune
1575 1287 1726 1325 amioum

187 1363 303 1387 meum
329 1350 359 1397 2)
388 1349 500 1386 facere
534 1348 677 1385 interim
709 1361 782 1385 non
806 1349 920 1396 potui,
956 1348 1043 1396 quin
1068 1347 1207 1395 aliquot
1231 1346 1356 1384 saltem
1381 1348 1488 1384 verba
1512 1347 1557 1384 ad
1581 1350 1618 1384 te
1643 1349 1726 1386 scri-

184 1411 314 1448 berem.
365 1409 580 1446 Commendo
611 1409 715 1445 illum
748 1409 814 1446 tibi
846 1412 889 1445 ut
915 1409 1016 1445 fratri
1041 1409 1219 1456 simulque
1244 1411 1281 1445 et
1305 1409 1470 1445 comitem
1495 1408 1647 1446 alterum
1672 1410 1724 1458 ip-

187 1472 272 1515 sius,
298 1471 508 1507 Martinum.
558 1470 595 1506 Si
620 1482 691 1517 qua
715 1470 751 1506 in
778 1482 815 1506 re
841 1470 907 1506 tibi
932 1469 1124 1517 gratificari
1149 1482 1286 1518 queam,
1313 1469 1365 1506 fat
1389 1472 1433 1506 ut
1457 1470 1575 1514 seiam,
1601 1472 1638 1507 et
1663 1471 1729 1508 tibi

189 1532 232 1568 de
258 1545 313 1568 me
337 1531 545 1580 persuadeas
570 1531 661 1567 idem
689 1530 785 1578 quod
810 1531 853 1568 de
879 1530 988 1568 fratre
1013 1543 1228 1578 quocunque
1245 1533 1322 1567 tuo,
1347 1530 1448 1568 Vale.
1479 1531 1591 1568 Plura
1608 1534 1729 1569 noster

190 1593 246 1630 hie
277 1593 477 1637 Florianus,
503 1592 633 1629 iterum
659 1592 746 1629 vale.
796 1591 950 1628 Aemdae
975 1592 1019 1627 26
1045 1591 1178 1640 Aprilis
1203 1592 1239 1628 a⁰
1265 1592 1370 1628 1548.
1397 1591 1443 1629 D.
1463 1592 1672 1629 *Cornelium
1698 1595 1729 1640 3)

192 1667 308 1691 meum
334 1655 365 1701 ⁴)
392 1654 507 1691 verbis
532 1653 618 1691 meis
644 1653 776 1691 salutes
802 1665 933 1702 quaeso
960 1655 996 1690 et
1021 1666 1076 1690 me
1101 1653 1154 1689 illi
1179 1652 1400 1690 commendes
1426 1654 1469 1700 ⁵).

1182 1715 1239 1751 Io.
1263 1716 1283 1751 a
1309 1715 1442 1758 LAsco,
1466 1728 1511 1753 m.
1539 1727 1590 1762 pr.

237 1814 263 1852 ¹)
289 1811 371 1843 Cum
402 1812 494 1843 affixo
525 1811 632 1853 sigillo
675 1811 703 1851 2)
728 1811 825 1844 Gerd.
855 1813 1007 1844 nostrum.
1050 1810 1131 1843 Erat
1163 1810 1284 1842 amicus
1313 1810 1368 1842 ille
1402 1810 1571 1843 Florianus
1594 1811 1735 1852 quidam,

193 1868 232 1900 de
256 1879 318 1910 quo
349 1868 434 1899 infra
463 1878 493 1899 v.
523 1867 557 1899 in
586 1878 636 1909 ep.
660 1867 699 1899 ad
722 1867 908 1905 Calvinum,
934 1868 972 1899 51
997 1869 1029 1898 et
1051 1867 1102 1901 75.
1146 1867 1174 1907 3)
1199 1867 1370 1899 Cornelius
1392 1869 1425 1899 et
1445 1867 1609 1899 Martinus
1631 1867 1734 1910 ignoti

194 1934 336 1965 prorsus.
380 1924 408 1964 ⁴)
434 1923 530 1956 Gerd.
554 1926 707 1956 nostrum.
743 1924 771 1963 5)
794 1923 844 1954 De
868 1923 938 1965 ipso
962 1923 1143 1955 Cassandro
1167 1924 1208 1955 cf.
1231 1925 1359 1955 Assum
1382 1923 1560 1963 CALKOEN,
1588 1925 1626 1957 G.
1652 1925 1738 1958 Cass.

198 1979 280 2011 vitae
301 1981 397 2022 atque
419 1990 544 2021 operum
566 1990 655 2014 narr.
677 1980 782 2012 Amet.
807 1979 900 2012 1859.
944 1979 1089 2021 Degebat
1109 1982 1188 2012 tune
1211 1979 1375 2012 Coloniae.
1399 1980 1443 2012 ib.
1465 1991 1496 2022 p.
1514 1980 1553 2012 39
1570 1983 1602 2012 et
1612 1981 1673 2023 Ep.
1685 1981 1737 2013 48.

196 2161 262 2200 N⁰.
287 2162 345 2201 47.
959 2160 1067 2208 [Gerd.
1089 2173 1111 2196 s,
1131 2173 1154 2197 a.
1171 2159 1218 2198 ΙΙΙ).
1237 2172 1261 2204 Ι).
1278 2163 1334 2198 644.
1352 2165 1377 2195 V.
1397 2164 1462 2204 angl.
1481 2164 1614 2199 Gorham.
1634 2174 1658 2206 p.
1678 2162 1736 2210 52]

746 2281 807 2317 An
834 2281 1193 2316 HARDENBERGIUM.

247 2403 337 2441 Heri
369 2414 510 2439 rursum
544 2413 587 2439 ex
620 2401 750 2448 Anglia
774 2401 894 2438 literas
928 2402 1056 2450 accepi,
1083 2402 1118 2439 in
1145 2402 1275 2450 quibus
1300 2405 1337 2439 et
1362 2402 1405 2439 de
1430 2403 1476 2440 D.
1502 2403 1630 2440 Carolo
1655 2415 1734 2440 nos-

201 2469 258 2502 tro
285 2466 314 2512 ¹)
340 2463 518 2500 scribitur.
566 2463 697 2510 Itaque
721 2461 766 2499 ad
791 2461 891 2499 illum
917 2463 1030 2500 scribo
1056 2466 1093 2500 et
1118 2476 1191 2500 rem
1216 2463 1269 2500 illi
1294 2463 1422 2508 indico,
1447 2466 1556 2511 teque
1580 2475 1666 2511 rogo
1693 2467 1736 2501 ut

201 2526 323 2563 literas
348 2525 392 2562 ad
417 2524 518 2561 illum
543 2523 767 2573 perferendas
792 2524 1044 2572 quoquomodo
1069 2537 1182 2562 cures.
1217 2525 1359 2562 Literae
1384 2525 1536 2573 scriptae
1558 2527 1642 2562 sunt
1660 2537 1739 2573 pos-

205 2587 310 2624 tridie
342 2587 486 2624 Ioannis
511 2586 705 2634 Baptistae.
757 2587 817 2634 [25
846 2586 972 2634 Iunii.]
1019 2586 1145 2624 Adhuc
1170 2588 1285 2624 omnia
1309 2587 1410 2624 bene—
1421 2586 1591 2623 cedebant
1613 2587 1740 2634 Anglis

205 2649 242 2686 in
277 2649 407 2692 Seotia,
439 2648 507 2685 nisi
532 2647 629 2695 quod
654 2650 727 2684 tres
752 2660 875 2685 eorum
900 2660 997 2685 arces
1021 2648 1059 2684 iu
1083 2648 1203 2686 Scotia
1228 2661 1289 2696 per
1314 2649 1457 2686 classem
1482 2647 1650 2688 Gallicam
1679 2648 1738 2684 ob-

204 2710 376 2753 sidentur,
408 2709 538 2756 quibus
571 2709 609 2745 in
633 2709 805 2746 auxilium
830 2710 936 2746 missa
961 2712 1047 2746 sunt
1073 2710 1222 2757 triginta
1247 2709 1358 2746 millia
1381 2708 1590 2755 Anglorum.
1639 2709 1741 2746 Inter

206 2771 325 2808 Gallos
350 2773 468 2807 tamen
494 2773 530 2807 et
555 2770 691 2817 Anglos
716 2773 771 2807 est
796 2783 864 2819 pax
888 2773 996 2815 certa,
1022 2773 1268 2818 praeterquam
1293 2770 1337 2807 ad
1361 2770 1485 2807 littora
1509 2769 1660 2807 Scotiea.

253 2832 445 2869 Contentio
471 2831 745 2869 Saoramentaria
769 2834 885 2880 coepit
910 2831 983 2868 illie
1008 2831 1177 2879 exagitari
1202 2845 1263 2880 per
1289 2830 1459 2879 quosdam
1485 2832 1610 2877 estque
1639 2831 1741 2868 insti-

206 2894 288 2930 tuta
320 2905 361 2929 ea
390 2892 433 2929 de
458 2904 495 2929 re
519 2892 659 2940 publica
683 2892 888 2939 disputatio,
913 2892 956 2929 ad
982 2904 1086 2939 quam
1112 2893 1249 2939 magnis
1275 2891 1468 2928 multorum
1484 2890 1655 2938 ,precibus
1680 2904 1741 2929 vo·
