1830 3147
161 119 224 169 [A.
250 119 296 156 D.
322 119 433 167 1551]
893 119 963 154 652

159 227 225 264 N0,
250 228 309 267 77,
939 228 1044 274 [Gerd.
1068 241 1090 266 s,
1106 242 1129 266 a.
1148 231 1199 268 Hb.
1210 233 1269 268 674.
1285 233 1427 270 Gothum.
1443 244 1467 269 v.
1481 245 1505 269 a.
1516 245 1539 269 o.
1550 236 1566 268 Ι,
1584 243 1608 276 p.
1623 233 1698 281 262]

707 351 769 387 An
795 350 1152 390 HAnnnnnnnemM.

206 470 287 508 Dici
322 482 394 507 non
419 472 550 519 potest,
575 472 625 507 mi
649 471 814 509 Alberte!
842 484 948 520 quam
972 473 1058 510 mihi
1083 472 1201 511 doleat
1225 475 1333 523 panni
1358 474 1420 511 illa
1444 474 1588 522 Anglici
1604 477 1699 514 trac-

160 531 263 576 tatio,
304 543 376 568 non
410 533 495 575 tam,
530 532 626 580 quod
665 533 718 569 ita
742 533 898 581 turpiter
931 533 1061 582 direpti
1093 534 1178 579 sint,
1218 548 1323 584 quam
1356 534 1453 583 quod
1486 538 1699 574 mercatores

159 606 199 630 ea
223 605 262 630 re
285 593 338 629 ita
363 595 449 629 sunt
474 593 610 639 offensi,
635 596 677 631 ut
702 593 783 632 illos
809 595 871 632 vix
895 595 1042 632 audeam
1066 595 1213 634 intueri.
1238 597 1316 645 Ego
1341 610 1419 634 sum
1444 599 1590 635 coactus
1616 610 1698 646 syn·

157 654 324 704 grapham
356 655 462 692 etiam
493 655 747 693 mercatoribus
779 656 865 704 ipsis
898 656 1053 702 reddere,
1080 670 1153 694 non
1177 658 1252 695 sine
1276 659 1377 707 gravi
1399 658 1543 696 illorum
1569 661 1700 696 stoma-

158 717 235 761 eho,
268 716 330 764 qui
364 729 420 754 me
454 730 550 755 nunc
586 717 693 754 etiam
725 720 829 755 torve
853 718 1056 755 intuentur.
1105 719 1253 764 Dicunt,
1278 731 1352 757 non
1376 733 1418 757 eo
1442 720 1520 758 loco
1546 733 1700 769 pannum

160 778 427 816 distrahendum
462 779 581 824 fuisse,
617 779 678 816 sed
702 779 771 816 alio
798 779 906 817 fuisse
932 780 1242 825 transvehendum,
1267 787 1304 818 et
1328 781 1487 830 potuisse
1511 782 1703 826 transvehi,

158 841 188 877 si
213 840 397 888 diligentia
421 840 578 878 adhibita
603 841 740 879 fuisset.
772 841 868 888 Quid
892 842 1043 879 multis?
1068 842 1169 879 Nihil
1195 842 1356 891 deinceps
1381 843 1512 880 vestris
1536 843 1700 880 omnibus

158 902 267 950 panni
306 902 480 948 credetur,
521 905 664 940 tantum
705 903 816 948 abest,
857 908 901 941 ut
936 904 1131 952 quidquam
1166 904 1309 942 omnino
1342 905 1494 954 amplius
1527 907 1702 942 tentetur.

160 965 291 1002 Tri...
316 967 515 1010 accusatur,
541 965 637 1014 quod
662 979 733 1003 non
760 979 826 1004 suo
851 966 929 1004 loco
954 980 1089 1015 pannos
1115 967 1331 1016 exposuerit.
1357 968 1448 1004 Cum
1474 967 1614 1005 Denkio
1639 967 1700 1005 Tr.

160 1029 348 1063 accusatur
373 1027 469 1074 quod
496 1028 754 1076 [fraudulenter
772 1041 921 1075 pannum
938 1029 1178 1077 divenderint]
1206 1029 1380 1073 Breviter,
1397 1041 1470 1066 non
1486 1029 1588 1066 video
1605 1041 1701 1078 spem

160 1089 269 1126 ullam
303 1089 487 1126 obtinendi
512 1090 567 1126 bic
600 1089 693 1138 apud
726 1092 936 1126 mercatores
961 1090 1070 1139 panni
1095 1089 1245 1139 amplius
1270 1089 1345 1126 ullo
1372 1089 1474 1127 modo
1502 1091 1549 1139 [si
1573 1092 1700 1137 culpam

160 1153 268 1200 suam]
295 1165 368 1189 non
394 1151 474 1188 vult
499 1165 698 1199 agnoscere,
725 1165 841 1199 neque
869 1153 968 1201 [dare
986 1153 1241 1201 pensatione-m}
1276 1152 1375 1189 Haec
1399 1154 1495 1188 certa
1520 1154 1616 1188 sunt.
1643 1151 1702 1188 Ita

161 1213 260 1250 Deus
293 1213 406 1249 adhuc
440 1213 533 1250 forte
557 1213 732 1250 cohibebit
758 1214 910 1250 istorum
936 1213 1057 1250 furias.
1107 1213 1249 1250 Literae
1277 1214 1422 1263 [reqiae]
1449 1213 1492 1250 de
1516 1212 1699 1261 pendendo

161 1287 277 1323 panno
320 1275 356 1311 in
387 1288 492 1311 usum
533 1275 714 1312 hominum
744 1275 1009 1324 [extraneorum]
1037 1275 1283 1323 quinquennio
1309 1288 1454 1323 quoque
1478 1275 1591 1312 lectae
1616 1277 1703 1311 sunt

161 1336 301 1385 publice
334 1340 458 1373 contra
491 1338 795 1386 [fraudulatores]
846 1338 975 1386 Da[tae
1007 1339 1119 1386 erant]
1146 1340 1331 1386 praesente
1448 1337 1504 1374 die
1529 1337 1700 1374 Mercurii

161 1412 255 1436 nona
281 1399 408 1435 mensis
434 1398 558 1435 Martii
583 1400 689 1436 Anno
716 1400 820 1436 1530.
846 1400 926 1436 Hoc
951 1399 1025 1436 illic
1051 1399 1213 1436 omnibus
1240 1402 1366 1436 notum
1384 1402 1449 1436 est.
1475 1399 1524 1435 Et
1547 1412 1592 1435 ne
1608 1399 1698 1447 ipse·

164 1464 237 1498 met
263 1474 318 1498 eas
347 1463 536 1510 [iqnomret
559 1463 684 1508 aliquis
709 1475 726 1497 e
743 1463 986 1506 mercatoribus,
1012 1475 1069 1498 eas
1085 1461 1181 1509 mihi]
1203 1462 1239 1498 in
1257 1475 1381 1498 manus
1401 1461 1545 1498 tradidit
1562 1461 1701 1498 missas-

163 1523 240 1572 [que
264 1523 312 1558 ad
334 1524 439 1569 ipsum
463 1524 578 1558 curavi
601 1523 707 1570 ipsas]
738 1524 777 1570 ¹).
827 1523 967 1559 Literas
995 1535 1054 1570 per
1080 1523 1278 1559 Villherum
1304 1523 1426 1559 missas
1451 1522 1579 1570 accepi.

210 1583 280 1619 Hic
306 1596 431 1630 magna
457 1586 511 1620 est
536 1583 707 1620 librorum
732 1583 1006 1621 advectitiorum
1039 1585 1148 1632 copia,
1175 1585 1234 1621 sed
1261 1588 1315 1620 est
1340 1597 1515 1620 summum
1543 1584 1698 1620 omnium

163 1645 327 1693 pretium.
377 1645 444 1681 Est
478 1644 647 1681 Calvinus
682 1645 718 1680 in
752 1647 869 1681 totum
904 1645 1058 1681 Paulum
1084 1648 1120 1681 et
1146 1658 1265 1682 omnes
1292 1646 1487 1683 canonicas
1512 1645 1702 1694 Epistolas‚

163 1708 249 1742 sunt
281 1705 477 1752 Bulliugeri
509 1706 667 1753 quinque
708 1706 854 1743 decades
891 1707 1096 1743 Sermonum
1131 1707 1352 1751 utilissimae,
1387 1710 1423 1743 et
1448 1707 1637 1744 Musculus
1662 1707 1699 1743 in

164 1769 283 1803 totum
317 1767 544 1810 Psasterium,
582 1781 669 1815 opus
703 1767 839 1814 ingens,
865 1767 1036 1804 Calvinus
1070 1768 1105 1803 in
1136 1768 1285 1812 Esaiam,
1321 1767 1406 1805 item
1440 1768 1483 1805 de
1509 1768 1700 1812 Scandalis,

164 1828 332 1864 Brentius
355 1829 393 1864 in
418 1828 568 1872 Esaiam,
595 1828 799 1865 Bibliander
824 1828 866 1865 de
884 1830 1022 1866 ratione
1040 1835 1248 1878 temporum.
1276 1830 1382 1866 Brevi
1399 1829 1601 1866 habebimus
1620 1829 1699 1866 Pet.

164 1889 359 1937 Martyrem
390 1889 427 1926 in
463 1890 667 1926 Corinthios
694 1892 735 1937 2),
772 1890 833 1927 sed
867 1890 951 1927 haec
989 1891 1207 1939 incompacta
1240 1904 1310 1927 non
1344 1891 1489 1928 minoris
1523 1894 1704 1935 emuntur,

164 1950 327 1988 undecim
353 1951 473 1987 ‘faleris
505 1951 606 1987 iuxta
637 1956 798 1988 monetae
823 1965 916 1989 nunc
943 1953 1047 1989 huius
1073 1953 1315 1990 elevationem.
1358 1953 1472 1990 Gallia
1497 1953 1597 1990 nobis
1623 1953 1701 2002 plu-

163 2014 251 2049 rima
283 2014 418 2050 Graeca
442 2013 557 2050 mittit
591 2027 609 2050 e
634 2015 814 2050 veteribus
839 2015 1056 2052 Auctoribus
1082 2015 1351 2053 Ecclesiasticis.
1402 2015 1524 2052 Gallus
1557 2015 1700 2063 publico

163 2075 279 2111 edicto
313 2075 421 2118 cavit,
453 2087 497 2110 ne
530 2074 691 2123 deinceps
724 2078 848 2112 contra
879 2076 1065 2123 Anglicam
1091 2077 1297 2123 religionem
1323 2076 1360 2112 in
1387 2076 1501 2113 Gallia
1526 2079 1590 2113 aut
1615 2077 1698 2114 scri·

164 2136 270 2172 batur
295 2138 359 2172 aut
392 2135 620 2172 declametur.
670 2137 768 2173 Haec
810 2137 923 2174 initia.
972 2137 1084 2184 Quid!
1121 2137 1151 2174 si
1185 2137 1364 2174 Burlando
1392 2138 1484 2175 forte
1509 2140 1701 2175 scaramata

172 2197 316 2234 daretur
343 2199 386 2244 ⁸).
412 2197 522 2234 Nosti
547 2201 697 2235 caetera.

212 2259 267 2296 De
306 2272 423 2308 panno
458 2259 502 2296 ad
534 2273 598 2296 vos
630 2259 816 2304 mittendo,
850 2259 987 2304 dubito,
1018 2264 1100 2309 post
1134 2260 1240 2297 talem
1273 2261 1423 2298 aliorum
1457 2261 1704 2309 direptionem,

164 2321 308 2358 tentabo
341 2325 458 2358 tamen
490 2321 519 2358 si
553 2322 727 2365 videatur,
762 2322 823 2358 sed
855 2322 1028 2359 mandatis
1060 2335 1148 2370 opus
1174 2329 1229 2359 est
1253 2323 1296 2359 ad
1322 2325 1543 2366 mercatores,
1570 2323 1702 2370 alioqui

164 2396 235 2420 non
261 2386 315 2420 est
340 2384 539 2421 consilium.
574 2384 689 2420 Miror
716 2384 894 2420 Denkium
920 2385 1089 2421 affirmare
1114 2397 1186 2421 rem
1212 2384 1255 2421 de
1281 2385 1406 2433 pannis
1431 2385 1616 2421 mittendis
1642 2398 1702 2433 per

162 2443 249 2479 alios
275 2447 435 2491 coeptam
462 2444 581 2480 fuisse.
608 2444 705 2480 Haec
730 2445 846 2491 gratia
870 2446 1016 2482 scilicet.
1054 2447 1109 2483 Tu
1134 2447 1209 2495 ipse
1234 2447 1313 2492 scis,
1340 2447 1427 2495 quid
1452 2460 1513 2496 per
1538 2447 1628 2484 alios
1653 2447 1700 2484 sit

163 2505 383 2551 praestitum,
409 2507 469 2542 sed
496 2506 582 2542 bene
606 2505 722 2551 habet,
747 2507 933 2544 mittamus
957 2507 1030 2545 illa.

210 2566 369 2604 Andreas
403 2567 659 2604 Hovemannus
684 2569 715 2616 ⁴)
749 2571 804 2605 est
836 2569 930 2617 apud
963 2582 1041 2615 nos,
1074 2569 1134 2606 sed
1159 2572 1203 2606 ut
1227 2569 1329 2606 video
1354 2569 1397 2606 ad
1423 2568 1699 2617 negotiationem

167 2627 278 2674 magis
303 2640 408 2675 quam
434 2628 477 2665 ad
503 2629 622 2665 studia
647 2630 853 2677 propendet.
895 2631 980 2667 Non
1005 2634 1098 2668 esset
1123 2631 1176 2667 illi
1201 2631 1315 2678 igitur
1338 2631 1430 2668 utile
1455 2643 1529 2667 esse
1554 2643 1703 2675 mecum,

162 2687 296 2735 alioqui
319 2689 471 2726 libenter
496 2690 597 2727 11111111
622 2691 659 2727 111
684 2691 796 2740 patris
820 2693 969 2740 gratiam
994 2693 1087 2741 apud
1105 2705 1160 2730 me
1177 2693 1387 2730 habuissem.
1426 2692 1565 2729 Curabo
1583 2695 1701 2729 autem

163 2754 206 2785 ut
231 2750 279 2786 sit
306 2750 396 2788 bono
421 2752 499 2789 loco
524 2753 618 2801 apud
642 2753 773 2790 bonum
798 2754 952 2802 aliquem
978 2758 1204 2792 mercatorem
1232 2755 1404 2803 Anglum,
1430 2757 1472 2791 ut
1497 2756 1533 2791 et
1557 2754 1702 2801 linguae

165 2812 246 2848 huic
271 2814 307 2848 et
332 2813 564 2860 negotiationi
588 2819 781 2852 assuescat.

214 2873 326 2910 Mitto
353 2873 418 2910 tibi
443 2874 572 2911 Buceri
596 2875 783 2924 Epitaphia
809 2878 847 2913 et
871 2876 1108 2913 narrationem
1133 2877 1177 2914 de
1201 2880 1314 2914 morte
1340 2876 1427 2912 eius.
1452 2875 1554 2912 Nihil
1579 2878 1634 2913 est
1658 2876 1701 2913 ab

166 2933 228 2973 illo
254 2934 400 2973 editum.
443 2936 613 2986 Caeperat
638 2940 790 2976 tractare
815 2950 887 2975 rem
913 2938 1229 2983 sacramentariam,
1256 2937 1316 2976 sed
1340 2950 1412 2975 non
1436 2937 1601 2976 absolvit.
1626 2939 1702 2977 Me-
