1830 3147
1603 103 1650 138 69

107 221 283 259 omnibus
320 220 447 258 cadem
483 223 539 256 est
575 218 694 255 forma
731 217 807 254 fere
842 214 1034 253 electionis
1070 213 1239 252 omnium
1276 211 1537 250 Ministrorum
1566 210 1641 248 Ec-

107 286 252 331 clesiae,
289 285 333 323 de
369 283 506 336 quibus
542 282 616 320 iam
653 281 762 320 nobis
799 280 839 318 in
877 279 1129 330 superioribus
1166 278 1257 317 satis
1294 278 1432 316 dixisse
1460 276 1640 314 videmur.

107 352 191 389 Iam
240 350 354 400 igitur
399 349 446 387 ad
491 347 679 399 publicam
731 359 855 384 eoram
901 344 1071 383 Ecclesia
1127 345 1326 382 electorum
1377 342 1638 380 Ministrorum

108 414 278 452 omnium
305 411 633 462 inaugurationem
663 410 866 448 veniamus.

134 553 186 579 nn
224 550 391 579 PUBLIOA
428 549 668 577 ELECTORUM
696 548 774 575 IAM
802 547 1094 575 MINISTRORUM
1121 546 1261 573 conam
1291 546 1395 572 ¹ro'rA
1424 545 1616 572 ECCLESIA

642 611 997 640 INAUGURATIONE.
1027 602 1112 650 (28)

161 729 297 767 Forma
340 728 511 781 publicae
557 728 855 778 inaugurationis
900 741 1040 776 eorum,
1077 729 1143 779 qui
1180 728 1227 766 ad
1263 728 1456 780 publicum
1492 728 1643 779 aliquod

109 794 299 833 Ecclesiae
328 794 576 833 ministerium
605 794 830 844 deliguntur,
860 808 934 833 una
961 793 1231 846 propemodum
1258 800 1369 845 atque
1397 793 1522 832 eadem
1541 799 1649 842 esset,

112 859 182 898 nisi
222 860 325 897 illam
364 859 524 897 variatae
560 872 627 910 pro
665 859 843 910 cuiusque
879 858 1079 897 ministerii
1114 859 1258 897 ratione
1286 859 1562 897 admonitiones
1589 859 1649 897 in·

111 925 381 973 tcrrogationes
409 937 452 962 ac
478 937 606 975 preces
635 937 769 974 inagna
796 937 842 962 ex
869 929 972 975 parte
998 924 1250 963 immutarent.
1300 923 1384 970 Sed,
1412 923 1502 975 quia
1529 923 1648 961 maxi·

111 1003 171 1027 ma
207 990 282 1027 fere
316 988 647 1039 inaugurationum
682 1002 767 1040 pars
804 989 977 1028 consistit
1003 989 1044 1027 in
1080 989 1403 1028 admonitionibus
1439 990 1649 1039 interroga-

111 1053 280 1092 tionibus
317 1058 352 1091 et
402 1053 587 1104 precibus,
626 1053 759 1104 cuique
794 1053 1003 1092 ministerio
1039 1053 1300 1105 peculiaribus,
1328 1067 1419 1105 quas
1445 1068 1513 1105 pro
1541 1054 1652 1092 mini-

114 1116 217 1154 sterii
252 1117 431 1168 cuiusque
467 1115 611 1154 ratione
649 1116 784 1154 variari
819 1121 978 1168 oportet,
1015 1130 1147 1168 operae
1173 1117 1339 1169 precium
1365 1131 1445 1155 esse
1471 1117 1653 1155 iudicavi-

112 1195 206 1230 mus,
229 1186 270 1220 ut
288 1181 487 1233 unicuique
503 1181 711 1219 ministerio
732 1182 919 1233 propriam
940 1195 1044 1220 suatn
1063 1182 1391 1232 inaugurationem
1412 1182 1645 1221 adderemus.

219 1313 354 1351 Forma
389 1312 641 1362 inauyurandi
676 1312 885 1350 Ministros
921 1312 1021 1350 verbi
1047 1317 1084 1351 ec
1111 1313 1475 1363 Superintendemem
1503 1315 1554 1352 ad

657 1377 916 1415 Ministerc'um
942 1377 1119 1427 ipsorum.

167 1504 414 1555 Posteaquam
462 1504 779 1555 Superintendens
836 1505 985 1544 verbivc
1030 1506 1199 1545 Ministri
1251 1507 1316 1545 alii
1360 1521 1426 1560 per
1473 1508 1651 1548 Maiesta-

116 1574 191 1608 tem
219 1568 391 1618 Regiam,
417 1572 456 1607 ut
497 1568 640 1607 dictum
666 1572 735 1616 est,
761 1570 957 1622 approbati
985 1574 1084 1618 sunt,
1113 1575 1234 1610 certus
1261 1572 1397 1624 aliquis
1426 1573 1503 1612 dies
1523 1573 1655 1612 Domi-

121 1635 239 1681 nicus,
276 1638 340 1672 aut
373 1634 514 1685 alioqui
549 1634 737 1682 solemnis,
775 1635 1016 1674 constituitur
1043 1636 1088 1674 ad
1118 1636 1285 1688 ipsorum
1312 1638 1654 1687 inaugurationem.

117 1700 180 1738 Ibi
217 1713 303 1738 vero
339 1698 380 1738 in
415 1699 496 1751 ipsa
524 1699 704 1738 concione
732 1700 828 1749 (sive
853 1701 1047 1749 matutina,
1076 1701 1154 1740 sive
1180 1703 1448 1753 pomeridiana,
1476 1718 1543 1756 pro
1569 1708 1656 1755 (29)

117 1777 161 1803 eo
188 1777 232 1802 ac
260 1763 498 1802 commodum
525 1768 579 1802 est
605 1764 827 1813 Ecclesiae),
854 1765 1036 1805 absolutis
1063 1767 1227 1818 publicis
1254 1768 1445 1807 Ecclesiae
1472 1770 1656 1821 precibus,

117 1830 334 1882 priusquam
369 1829 539 1868 Psalmus
577 1829 802 1877 decantetur,
839 1831 1085 1870 Ecclesiastes
1121 1832 1226 1871 iubet
1261 1833 1411 1884 prodire
1437 1836 1659 1875 nominatim

119 1896 257 1934 electos
284 1895 369 1933 illos
397 1900 506 1946 atque
533 1895 651 1945 Regia
677 1895 877 1934 autoritate
904 1897 1130 1948 approbatos
1158 1898 1255 1946 (sive
1269 1899 1658 1950 Superintendentem,

122 1960 198 1999 sive
233 1960 327 1997 alios
355 1959 459 1998 verbi
489 1959 703 2008 Ministros)
730 1960 770 1998 in
796 1960 912 1999 totius
939 1961 1130 2001 Ecclesiae
1155 1968 1406 2015 prospectum,
1433 1965 1488 2003 sic
1515 1970 1554 2004 ut
1580 1980 1659 2005 me-

119 2024 172 2062 dii
209 2024 418 2062 consistant
452 2024 550 2062 inter
585 2024 750 2076 reliquos
776 2025 967 2065 Ecclesiae
997 2027 1196 2066 Ministros
1224 2034 1260 2067 et
1289 2030 1462 2068 Seniores
1500 2034 1611 2082 atque
1637 2045 1659 2069 a

119 2092 200 2127 tota
226 2088 396 2126 Ecclesia
425 2088 715 2140 conspiciantur.
747 2090 1047 2142 Constitutisque
1073 2092 1149 2130 illis
1176 2092 1223 2130 ad
1252 2093 1352 2131 hunc
1369 2094 1534 2142 modum,
1556 2108 1658 2134 com-

121 2153 343 2192 memorabit
369 2153 496 2205 paucis
524 2154 569 2192 de
596 2154 763 2206 ipsorum
791 2156 972 2195 electione
999 2161 1179 2205 anteacta,
1210 2162 1248 2196 ut
1276 2172 1355 2198 sese
1375 2159 1517 2207 habuit,
1541 2161 1658 2212 deque

121 2219 241 2257 officio
279 2219 457 2270 ipsorum,
494 2220 810 2270 quemadmodum
835 2221 876 2259 in
903 2221 1160 2261 admonitione
1188 2224 1286 2261 eirca
1311 2224 1479 2275 ipsorum
1507 2226 1659 2266 electio-

121 2297 207 2322 nem
242 2283 454 2335 expositum
490 2284 529 2322 in
567 2283 823 2335 superioribus
860 2285 1031 2325 habetur.
1084 2286 1230 2326 Deinde
1272 2302 1347 2327 non
1374 2289 1474 2328 aliud
1500 2291 1573 2329 iam
1603 2305 1661 2331 re-

122 2353 220 2387 stare
257 2348 359 2396 dicit,
395 2362 518 2400 quam,
546 2354 600 2396 ut,
627 2349 692 2401 qui
728 2350 781 2387 ita
817 2356 905 2389 sunt
940 2352 1048 2390 electi
1074 2353 1264 2404 totiusque
1290 2354 1481 2394 Ecclesiae
1506 2370 1662 2397 assensu

120 2413 274 2464 publico
314 2418 350 2452 et
377 2414 496 2463 Regia
522 2414 633 2452 etiam
660 2415 860 2454 autoritate
887 2417 1095 2467 approbati,
1123 2417 1162 2456 in
1190 2419 1342 2470 publico
1369 2421 1519 2459 tandem
1545 2424 1660 2462 totius

122 2478 312 2517 Ecclesiae
340 2483 446 2518 coetu
485 2478 533 2517 ad
570 2479 641 2518 hoc
672 2479 796 2532 ipsum
833 2481 1096 2529 ministerium,
1133 2483 1180 2521 ad
1208 2485 1308 2535 quod
1336 2491 1424 2525 sunt
1450 2488 1569 2536 electi,
1599 2489 1657 2528 in-

126 2547 372 2592 augurentur.

168 2607 360 2659 Principio
401 2611 525 2647 autem
567 2608 666 2646 circa
710 2608 1037 2660 inaugurationem
1075 2612 1183 2650 electi
1236 2608 1585 2665 Superintcndentis
1623 2621 1659 2655 et

123 2672 226 2711 verbi
264 2672 526 2712 Ministrorum
561 2674 704 2726 quaerit
738 2675 986 2715 Ecclesiastes
1022 2690 1045 2714 a
1069 2677 1223 2729 reliquis
1252 2678 1438 2719 Ministris
1464 2689 1500 2719 ct
1529 2682 1661 2721 Senio-

120 2738 222 2776 ribus
254 2738 452 2786 Ecclesiae,
478 2753 580 2786 num,
609 2740 674 2791 qui
701 2740 954 2790 inaugurandi
982 2746 1080 2789 sunt,
1108 2743 1305 2794 approbati
1334 2745 1409 2783 sint
1435 2746 1512 2784 iam
1540 2747 1656 2797 Regia

122 2803 321 2842 autoritate
366 2804 470 2843 iuxta
513 2804 700 2857 privilegii
747 2805 1167 2859 dis·(30)positionem?
1229 2809 1366 2862 Illique
1410 2811 1658 2863 respondent:

122 2869 265 2909 Etiam.
