1830 3147
345 101 390 142 37
396 103 418 138 6
818 109 994 139 onnon.
1024 110 1131 138 noct.
1159 108 1277 138 LoND.

62 233 80 265 1
104 233 210 268 Timo,
233 235 262 266 5·
347 216 473 254 omnia
507 215 627 254 officia
662 214 874 254 vocationis
912 227 999 252 suae
1035 214 1286 263 aggredietur,
1313 218 1354 253 ut
1380 216 1623 267 temporalem
1659 214 1757 254 hano

65 276 168 320 Ephe.
191 278 220 310 5·
347 281 464 320 vitam
498 280 540 318 in
579 279 650 319 Dei
685 279 861 329 gloriam,
896 278 936 317 in
976 292 1131 317 suorum
1168 279 1481 318 sustentationem
1518 284 1554 319 et
1594 280 1756 319 officium

348 343 512 396 proximi
539 343 598 382 sui
626 343 770 382 utiliter
797 346 884 393 agat
911 345 1023 394 atque
1050 342 1239 383 instituat.

938 535 1077 575 Interr.
1104 537 1167 577 47.

401 600 504 641 Quid
532 605 588 639 est
614 602 854 652 praeceptum
881 599 1085 651 quintum?

995 664 1108 716 Resp.

401 730 622 769 Honorabis
658 734 802 781 patrem
835 733 942 767 tuum
983 732 1018 767 et
1055 732 1211 767 matrem
1247 721 1364 777 tuam,
1398 733 1439 768 ut
1477 730 1541 768 diu
1578 730 1681 768 vivas
1718 730 1759 768 in

349 800 447 834 terra
481 800 517 834 et
553 808 613 833 res
638 799 725 833 tuae
750 798 1019 846 prosperentur
1044 793 1085 831 in
1113 793 1279 844 regione,
1306 807 1419 846 quam
1447 794 1552 833 dabit
1580 794 1651 833 tibi
1680 794 1759 832 Do-

348 861 474 899 minus
503 860 604 898 Deus
631 862 735 899 tuus.
763 861 868 908 (182)

937 923 1075 962 Interr.
1103 927 1165 962 48.

400 989 605 1028 Quomodo
634 988 853 1027 mandatum
880 988 977 1026 illud
1005 989 1253 1027 observatur?

994 1053 1108 1104 Resp.

63 1117 251 1165 Levita-19.
401 1117 532 1156 Quum
567 1120 712 1168 patrem
750 1120 786 1155 et
823 1120 980 1155 matrem
1016 1130 1105 1168 prae
1142 1116 1318 1155 omnibus
1347 1117 1514 1156 interra
1542 1116 1760 1155 hominibus

63 1160 194 1234 ξξέὶξὲιῖζ
217 1161 269 1234 ἐξ,
348 1181 387 1220 in
417 1182 528 1220 eorde
554 1185 686 1219 nostro
715 1194 858 1219 summo
889 1181 1080 1232 dignoque
1106 1181 1190 1219 1000
1219 1182 1411 1228 habemus,
1438 1182 1544 1220 iuxta
1564 1181 1632 1219 Dei
1654 1195 1760 1219 man-

62 1245 197 1277 Ecclesi.
220 1245 249 1276 3-
351 1247 493 1292 datum,
529 1259 698 1283 amamus
736 1259 812 1290 eos,
839 1246 943 1283 omni
972 1245 1116 1291 decore,
1146 1246 1396 1293 veneratione,
1424 1246 1652 1287 obedientia.
1679 1247 1759 1283 offi-

64 1288 167 1321 Math‘
192 1287 241 1319 15'
350 1311 408 1348 oio
447 1314 482 1348 et
508 1309 694 1348 modestia
720 1309 982 1360 prosequimur
1009 1314 1045 1346 et
1072 1309 1270 1360 praecipue
1298 1323 1383 1348 oum
1410 1311 1457 1349 iis
1484 1310 1523 1358 in
1553 1310 1664 1348 rebus
1692 1310 1759 1348 ad-

351 1374 480 1421 versis,
518 1374 760 1412 senectudine
787 1378 900 1424 atque
926 1374 1059 1411 morbo
1088 1374 1316 1425 opitulamur
1345 1379 1380 1413 et
1407 1387 1473 1426 pro
1504 1374 1603 1413 virili
1630 1379 1760 1413 nostra

349 1438 459 1477 donis
487 1437 753 1484 succurrimus,
780 1437 925 1489 quoties
952 1437 999 1475 iis
1026 1437 1236 1487 indigeant.

936 1566 1074 1605 Interr.
1103 1570 1166 1606 49.

401 1633 523 1680 Dicas,
552 1644 705 1684 quaesQ
733 1644 843 1683 quam
875 1631 924 1669 ob
954 1633 1135 1669 eausam?

927 1696 1039 1747 Resp.
1069 1693 1174 1745 (l8b)

64 1770 182 1812 Ephes.
204 1770 234 1803 6.
401 1763 600 1813 Propterea
635 1761 739 1812 quod
776 1761 975 1799 honestum
1012 1766 1078 1801 est.
1113 1765 1356 1813 posteaquam
1394 1775 1464 1801 nos
1508 1776 1593 1801 cum
1632 1763 1762 1801 dolore

65 1813 170 1845 Eccle·
194 1811 225 1846 7·
350 1826 630 1879 procreaverint
666 1830 702 1863 et
737 1839 876 1875 magno
914 1825 1044 1863 labore
1080 1826 1329 1864 sustinuerint
1365 1832 1401 1865 et
1436 1827 1675 1871 nutriverint,
1711 1849 1762 1857 —

352 1905 421 1930 nos
449 1903 599 1942 quoque
626 1903 690 1927 eos
719 1890 904 1928 honorare
932 1903 1133 1941 eorumque
1169 1891 1325 1940 egestati
1362 1892 1598 1930 senectudini
1634 1895 1670 1930 et
1699 1904 1760 1929 ca-

351 1956 510 1995 lamitati
537 1955 658 1993 officio
686 1959 721 1993 et
748 1954 912 1993 amicitia
941 1954 1153 1993 subvenire.

938 2019 1074 2058 Interr.
1105 2022 1166 2059 50.

406 2084 610 2125 Quomodo
636 2084 856 2122 mandatum
885 2084 980 2121 illud
1010 2083 1199 2121 violatur?

1001 2149 1115 2201 Resp.

71 2229 166 2261 Dent,
189 2229 237 2261 21,
407 2217 535 2255 Quum
563 2219 707 2268 patrem
735 2218 771 2253 et
800 2218 952 2253 matrem
982 2227 1028 2253 ex
1055 2213 1171 2252 animi
1199 2214 1374 2266 superbia
1402 2228 1491 2265 erga
1519 2215 1639 2255 Deum
1670 2229 1761 2254 oon-

73 2272 92 2302 2
113 2271 266 2347 ξξω1ἒ5>
284 2272 333 2309 15³
354 2281 570 2327 temnimus,
596 2280 643 2318 iis
668 2279 928 2317 inobedientes
957 2292 1086 2316 sumus
1113 2283 1226 2330 atque
1251 2279 1404 2328 ingrati,
1432 2284 1467 2318 et
1495 2293 1572 2325 eos,
1593 2284 1761 2331 utsupra

154 2337 163 2352 ’
230 2338 238 2347 ’
357 2345 498 2383 dictum
534 2348 603 2389 est,
639 2356 717 2381 non
751 2343 788 2381 in
828 2342 1005 2381 omnibus
1042 2343 1228 2382 submisse
1255 2356 1479 2390 reveremur,
1509 2342 1761 2383 sustentamus

357 2413 468 2461 atque
496 2408 666 2447 colimus.

942 2471 1080 2510 Iuterr.
1112 2474 1172 2511 51.

409 2538 607 2577 Quosnam
634 2537 703 2576 sub
732 2539 837 2586 (19³)
863 2536 982 2589 patris
1009 2537 1216 2588 matrisque
1244 2537 1396 2576 nomine
1424 2537 1735 2589 comprehendis?

1003 2666 1117 2717 Resp.

410 2731 550 2769 Omnes
586 2743 831 2782 quoscunque
860 2729 1046 2768 Dominus
1075 2730 1186 2768 nobis
1213 2730 1404 2782 praefecit,
1431 2730 1558 2781 quales
1587 2735 1675 2768 sunt
1701 2731 1762 2770 in-

357 2795 488 2847 primis
521 2800 695 2846 parentes
731 2794 864 2842 nostri,
899 2800 979 2832 tum
1017 2795 1081 2845 qui
1109 2808 1178 2833 nos
1206 2798 1399 2846 parentum
1425 2794 1509 2832 loco
1537 2794 1763 2844 gubernant,

360 2863 401 2898 ut
444 2859 508 2911 qui
551 2872 570 2897 e
612 2862 742 2897 nostra
788 2857 1115 2908 consanguinitate
1160 2861 1261 2906 sunt,
1304 2861 1460 2906 tutores,
1495 2858 1761 2909 ludimagistri,
