1830 3147
42 257 55 288 l
83 257 156 288 Cor.
182 256 230 286 10.

42 300 58 330 l
84 298 159 329 Cor.
183 298 233 328 11.

61 2508 75 2540 l
102 2507 176 2540 Cor.
201 2508 251 2539 11.

324 125 397 163 472
817 131 992 159 onnon.
1022 131 1130 159 nect.
1159 130 1275 159 tono.

326 240 366 273 ut
401 247 489 284 erga
525 247 593 272 nos
632 234 824 272 Christum
858 235 1067 273 animatum
1104 249 1184 273 esse
1221 235 1360 272 seimus
1393 255 1445 264 --·-
1472 235 1546 283 nisi
1581 248 1736 274 coenam

326 300 482 349 indigne
510 299 677 351 accipere
704 300 873 351 adeoque
898 300 1068 339 temerati
1099 300 1269 352 corporis
1296 313 1340 338 ac
1367 299 1563 349 sanguinis
1595 299 1737 338 Christi

328 364 380 402 rei
407 364 537 415 peragi
566 364 738 403 velimus.

914 558 1050 597 Interr.
1080 561 1166 598 246.

380 624 577 661 Quaenam
602 623 716 661 tertia
745 635 858 660 causa
885 624 968 661 est?

973 688 1085 739 Resp.

383 752 475 790 Esse
520 765 600 790 eam
647 751 797 801 signum
843 753 1124 791 Sacramentale
1158 766 1179 790 a
1216 752 1368 804 reliquis
1408 753 1534 804 impiis
1572 752 1741 791 coetibus

333 831 460 855 veram
498 816 640 854 Christi
675 816 884 854 Ecclesiam
921 817 1153 860 discernens.
1188 830 1262 868 quo
1300 818 1413 855 etiam
1451 817 1566 856 veluti
1600 817 1741 855 iureiu-

332 882 453 919 rando
488 881 528 918 in
565 880 818 918 ministerium
855 885 969 932 atque
1005 881 1259 919 obedientiam
1290 881 1431 919 Christi
1459 880 1742 930 obstringamur

333 952 537 997 nostroque
564 945 735 996 exemplo
764 945 860 984 alios
888 945 936 983 ad
964 959 1090 984 veram
1118 946 1341 995 religionem
1369 946 1586 984 excitemus.

836 1074 974 1114 Interr.
1004 1077 1091 1117 247.
1119 1077 1226 1124 (90b)

383 1141 623 1180 Quibusnam
649 1140 708 1178 ius
737 1154 766 1179 s,
797 1141 942 1178 Coenae
969 1141 1051 1178 est?

986 1202 1099 1254 Resp.

385 1269 575 1308 Omnibus
609 1272 761 1320 peccata
789 1281 855 1305 sua
883 1267 1100 1305 dolentibus
1129 1281 1172 1305 ac
1200 1267 1376 1305 fidelibus
1414 1266 1654 1312 Christianis,
1681 1267 1744 1318 qui

333 1347 462 1372 revera
498 1333 546 1371 ad
582 1332 726 1371 Christi
764 1345 900 1383 corpus
926 1332 1117 1383 pertinent
1140 1337 1176 1370 et
1203 1332 1242 1369 in
1272 1345 1360 1369 vera
1388 1331 1604 1370 obedientia
1632 1334 1746 1383 atque

333 1399 467 1436 timore
503 1397 586 1442 Dei,
621 1397 661 1434 in
699 1410 785 1434 vera
820 1410 970 1447 quoque
1007 1409 1094 1445 erga
1123 1396 1338 1447 proximum
1367 1395 1569 1433 dilectione
1597 1396 1742 1434 vivunt.

333 1463 387 1500 Iis
415 1474 565 1514 quoque
590 1461 649 1499 ius
678 1473 814 1498 coenae
842 1460 1032 1511 competit,
1059 1460 1122 1511 qui
1142 1460 1262 1511 parati
1284 1463 1371 1498 sunt
1392 1459 1604 1497 doctrinam
1625 1460 1745 1498 sancti

336 1527 536 1576 Euangelii
576 1526 646 1563 sub
685 1538 791 1563 cruce
825 1525 1039 1563 afflictionis
1076 1524 1284 1575 mortisque
1313 1537 1546 1570 conservare,
1574 1524 1745 1562 confiteri

336 1598 448 1643 atque
499 1591 710 1637 defendere,
755 1604 827 1642 qua
864 1591 904 1629 in
939 1604 980 1628 re
1014 1590 1271 1641 unusquisque
1311 1593 1483 1628 nostrum
1519 1594 1634 1628 semet
1667 1590 1747 1641 ipse

334 1657 522 1709 probabit.

910 1719 1048 1759 Interr.
1077 1722 1165 1759 248.

389 1785 493 1824 Quid
522 1784 567 1824 de
593 1785 639 1823 iis
668 1783 797 1830 sentis,
823 1784 886 1835 qui
914 1797 1119 1835 numquam
1147 1784 1272 1822 Coena
1303 1797 1387 1822 cum
1416 1783 1586 1822 Ecclesia
1604 1783 1748 1822 Christi

320 1878 324 1883 -
339 1851 528 1889 utuntur?

985 1914 1098 1965 Resp.

391 1982 501 2020 Tales
529 1984 634 2019 extra
663 1979 805 2018 Christi
833 1992 966 2031 corpus
995 1981 1098 2028 (91³)
1126 1992 1206 2017 esse
1234 1992 1381 2026 censeo,
1409 1979 1440 2018 si
1468 1982 1685 2031 contemptu
1713 1982 1749 2017 et

343 2046 467 2084 cordis
512 2044 647 2083 duritie
684 2057 763 2082 eam
801 2043 1008 2093 negligant,
1052 2056 1168 2095 quum
1213 2056 1264 2082 sc,
1306 2043 1415 2081 iuxta
1453 2043 1608 2081 Domini
1644 2042 1748 2081 ordi·

343 2111 532 2149 nationem
588 2109 755 2160 accipere
801 2121 882 2146 eam
935 2112 1094 2159 possunt
1137 2112 1173 2146 et
1218 2108 1468 2146 nihilominus
1514 2108 1593 2146 eius
1639 2120 1749 2145 usum

343 2179 537 2227 spernunt.
567 2174 668 2212 Nam
696 2176 736 2211 ut
763 2186 875 2224 supra
902 2186 1049 2224 quoque
1076 2173 1218 2210 dictum
1246 2177 1313 2219 est,
1340 2173 1404 2224 qui
1432 2173 1575 2211 sincere
1601 2173 1640 2211 in
1670 2172 1749 2211 Do-

344 2241 488 2278 minum
516 2238 646 2284 credit,
673 2237 950 2276 institutionem
980 2237 1133 2274 Domini
1162 2237 1351 2287 negligere
1379 2250 1455 2275 non
1482 2241 1622 2288 posset,
1649 2236 1749 2275 utin

343 2303 537 2355 Apostolis
566 2303 664 2340 clare
692 2301 936 2353 conspicitur.

920 2430 1058 2469 Interr.
1088 2433 1176 2468 249.

396 2497 499 2537 Dicit
545 2496 696 2542 Paulus,
739 2493 899 2546 probare
936 2507 1004 2532 nos
1051 2494 1185 2532 debere
1222 2498 1368 2532 nosmet
1402 2495 1505 2545 ipsos
1542 2498 1577 2531 et
1614 2493 1667 2530 sic
1703 2492 1748 2530 de

343 2575 438 2613 pane
474 2561 540 2599 illo
577 2559 684 2598 edere
719 2580 769 2588 —
797 2558 987 2610 quomodo
1013 2558 1188 2609 probatio
1215 2558 1280 2596 illa
1306 2558 1510 2609 peragitur,
1537 2557 1594 2595 vel
1622 2557 1748 2607 potius

345 2626 494 2678 quando
523 2625 679 2675 indigne
706 2624 819 2661 homo
850 2636 965 2661 coena
991 2623 1140 2661 utitur?

993 2688 1106 2739 Resp.

398 2756 596 2794 Quantum
630 2754 671 2791 in
699 2752 823 2798 nobis,
849 2764 1055 2802 numquam
1083 2751 1189 2801 digni
1220 2752 1344 2789 Coena
1371 2750 1526 2789 Domini
1552 2763 1633 2789 esse
1659 2763 1748 2802 pos·

347 2833 486 2859 sumus,
515 2820 620 2867 (91b)
674 2818 775 2856 Deus
810 2821 936 2855 autem
972 2816 1195 2855 coelestibus
1231 2816 1309 2854 suis
1346 2815 1455 2876 donis
1492 2820 1582 2853 tunc
1612 2815 1748 2865 dignos

347 2900 414 2929 nos
442 2899 521 2925 esse
549 2888 684 2930 censet,
712 2896 826 2936 quum
855 2881 1110 2920 remissionem
1135 2885 1373 2933 peccatorum
1400 2885 1660 2932 aeternamque
1689 2894 1748 2919 sa·
