1830 3147
49 935 147 968 Gene.
172 935 199 974 1,
224 936 253 967 5.

47 978 153 1010 Eccle.
171 978 220 1017 15,
239 977 289 1011 17.

47 1020 165 1062 Ephes.
189 1022 219 1053 4.

47 1062 167 1096 Psalm.
190 1063 220 1097 8.

49 1171 180 1213 Ephesi.
205 1173 234 1205 1.

50 1214 65 1244 1
93 1214 196 1247 Timo.
221 1215 250 1249 2.

49 1590 162 1622 Roma.
187 1590 215 1623 1.

48 1632 134 1664 Psal.
159 1634 208 1666 19.

49 1675 153 1707 Math.
175 1676 222 1714 11,
242 1676 291 1709 16.

50 1718 66 1748 1
93 1718 166 1751 Cor.
189 1719 218 1751 2.

48 2181 67 2212 2
90 2181 173 2213 Tim.
198 2181 227 2214 3.

45 2224 153 2254 Psalin
179 2225 228 2256 19.

47 2267 66 2297 2
90 2266 160 2298 Pet.
185 2267 213 2298 1.

47 2308 126 2340 Luc.
151 2309 200 2340 16.

50 2351 142 2384 Rom.
169 2352 217 2385 15.

54 2637 143 2670 Gala.
167 2636 196 2670 1.

49 2682 121 2712 Act.
145 2682 195 2714 20.

53 2723 72 2753 2
96 2724 199 2756 Timo.
223 2725 252 2756 3.

51 2765 71 2797 2
95 2765 151 2799 Co.
175 2767 224 2806 10,
248 2767 278 2801 6.

536 501 1553 564 OATECHISMUS.

883 875 1142 926 Interrogatio
1171 877 1206 915 1.

387 941 463 979 Cur
503 939 608 978 Deus
646 940 838 980 hominem
879 941 1019 980 creavit
1055 945 1206 992 tamque
1241 939 1455 991 magnificis
1492 952 1579 991 prae
1616 938 1747 978 ceteris

335 1005 512 1044 omnibus
542 1006 722 1044 creaturis
751 1006 886 1045 mentis
915 1005 1069 1044 dotibus
1098 1005 1272 1043 ornavit?

928 1071 1152 1123 Responsio.

387 1140 443 1180 Ut
470 1141 591 1180 Deum
620 1153 726 1179 suum
758 1141 869 1189 atque
898 1141 1102 1175 creatorem
1131 1137 1225 1174 bene
1254 1138 1497 1185 cognosceret
1516 1135 1749 1185 disceretque

337 1220 421 1245 eum
460 1207 627 1257 diligere,
661 1205 807 1247 timere,
841 1203 997 1241 laudare
1033 1207 1146 1254 atque
1184 1201 1383 1247 celebrare,
1419 1204 1455 1240 et
1491 1201 1545 1239 sic
1580 1200 1748 1238 omnium

337 1272 416 1310 eius
445 1272 632 1310 bonorum
660 1271 766 1308 fieret
794 1269 992 1321 particeps.

842 1335 843 1338 ’
941 1333 1079 1371 Interr.
1110 1334 1145 1371 2.

385 1403 642 1442 Possumusne
669 1401 822 1454 propria
849 1403 974 1438 mente
1002 1404 1131 1437 nostra
1160 1402 1270 1450 atque
1292 1398 1328 1437 vi
1348 1399 1511 1437 naturali
1528 1397 1750 1448 intelligere,

336 1468 420 1520 quis
449 1468 497 1508 sit
526 1468 656 1508 Deus?
1728 1462 1730 1464 ’

991 1530 1105 1581 Resp.

389 1599 491 1637 Deus
529 1598 706 1636 omnibus
745 1596 895 1648 quidem
933 1594 1153 1633 hominibus
1182 1594 1311 1645 patefit
1338 1593 1377 1632 in
1409 1593 1597 1632 creatione
1625 1606 1749 1631 rerum

338 1667 559 1708 creatarum,
587 1665 664 1711 (1³)
694 1662 785 1701 adeo
815 1665 855 1700 ut
882 1673 992 1699 nemo
1020 1660 1136 1697 ullam
1165 1659 1369 1697 obtendere
1397 1663 1509 1710 queat
1537 1658 1750 1697 excusatio-

337 1742 443 1777 nem;
474 1729 703 1767 salutiferam
734 1740 823 1766 vero
852 1726 922 1764 Dei
952 1725 1208 1773 cognitionem
1237 1738 1257 1762 a
1286 1727 1419 1762 natura
1456 1727 1585 1762 nostra
1613 1723 1752 1761 habere

336 1806 413 1830 non
450 1806 665 1844 possumus,
702 1805 814 1843 quam
853 1791 954 1829 Deus
993 1789 1181 1827 Dominus
1209 1792 1336 1826 noster
1364 1787 1498 1839 spiritu
1526 1801 1594 1826 suo
1621 1787 1752 1838 largiri

337 1856 449 1895 nobis
478 1857 601 1896 debet.

939 1920 1079 1958 Interr.
1109 1921 1144 1957 3.

385 1986 557 2025 Ubinam
594 1985 664 2025 Dei
700 1985 805 2024 illam
841 1985 1098 2035 incorruptam
1137 1982 1348 2021 doctrinam
1384 1982 1516 2020 audire
1553 1981 1664 2021 nobis
1702 1981 1750 2020 li-

337 2051 420 2091 cet?
1048 2049 1049 2052 ¹

404 2121 407 2126 '
990 2113 1103 2164 Resp.

386 2180 434 2218 In
465 2181 579 2218 Sacra
607 2179 802 2231 Scriptura
822 2177 983 2223 Biblica,
1010 2178 1102 2227 (hoc
1121 2181 1190 2224 est,
1204 2176 1243 2215 in
1264 2175 1399 2215 Vetere
1420 2188 1462 2214 ac
1482 2176 1594 2214 Novo
1617 2176 1750 2214 Testa-

335 2247 480 2293 mento)
518 2245 557 2282 in
595 2258 669 2296 qua
707 2243 820 2293 nobis
848 2243 948 2282 haud
985 2242 1170 2281 fallaciter
1196 2242 1417 2280 intemerata
1447 2240 1596 2286 veritas,
1631 2254 1652 2279 a
1679 2240 1750 2278 Dei

335 2322 399 2347 ore
427 2312 595 2359 excepta,
623 2308 789 2346 dilucide
815 2321 859 2346 ac
887 2308 986 2346 clare
1012 2328 1061 2336 -—
1090 2299 1271 2358 quantum
1293 2305 1337 2344 ad
1359 2306 1516 2344 salutem
1534 2304 1749 2356 respicit——

335 2373 449 2412 nobis
477 2373 655 2412 traditur.

889 2436 1027 2474 Interr.
1055 2439 1091 2474 4.
1121 2435 1200 2484 (1¹³)

388 2502 451 2539 An
477 2500 595 2552 igitur
625 2500 821 2552 Scriptura
850 2501 941 2539 satis
969 2513 1040 2539 nos
1069 2499 1113 2538 de
1141 2499 1221 2537 Deo
1252 2498 1387 2537 docet?

992 2566 1105 2616 Resp.

389 2630 450 2670 Ita
487 2631 639 2683 quidem
676 2633 712 2669 et
748 2642 871 2674 omne,
908 2629 1087 2680 quicquid
1127 2629 1239 2667 nobis
1268 2628 1362 2666 scire
1391 2639 1482 2678 opus
1512 2628 1566 2664 est
1595 2625 1641 2663 ad
1668 2625 1748 2677 ple-

339 2709 425 2733 nam
463 2697 621 2734 salutem
658 2695 849 2746 vitamque
885 2699 1074 2732 aeternam
1119 2692 1411 2745 adipiscendam,
1448 2690 1540 2728 adeo
1576 2691 1747 2729 utnulla

339 2761 413 2799 alia
441 2760 613 2800 doctrina
641 2759 854 2811 requiratur
880 2758 927 2797 ad
955 2759 1058 2797 illam
1088 2758 1199 2797 nobis
1228 2750 1535 2796 confirmandam.
