1830 3147
40 1510 132 1543 Rom.
157 1509 208 1542 10.

40 1552 124 1585 Psal.
148 1553 217 1585 116.

326 98 402 134 324
827 101 941 132 coar.
970 101 1078 131 Eccc.
1107 101 1222 130 LoND.

324 213 359 247 et
396 207 538 257 singuli
572 207 613 244 in
649 205 832 251 Ecclesia,
860 204 926 256 qui
951 217 1063 242 usum
1090 203 1204 242 modo
1231 203 1390 242 rationis
1418 202 1571 249 habent,
1599 202 1736 241 debent

325 271 539 310 hauddubie
567 270 747 322 profiteri,
772 283 840 321 pro
869 282 911 307 eo
938 282 982 306 ac
1007 275 1180 320 possunt,
1210 268 1288 307 sive
1316 267 1417 306 domi
1445 267 1543 318 aput]
1563 272 1736 318 parentes

325 350 412 374 suos
448 340 484 373 et
520 335 586 387 qui
619 338 818 387 parentum
854 334 939 371 loco
970 333 1170 380 habentur,
1198 333 1276 372 sive
1303 332 1397 371 foris
1418 332 1507 370 dum
1535 332 1737 383 requirun-

324 406 395 448 tur,
432 400 603 450 Virginis
640 400 747 437 illurn
778 398 921 437 Mariae
951 398 1068 436 filiurn
1098 412 1178 436 esse
1204 412 1288 436 vere
1315 399 1456 443 Iesum,
1483 398 1547 448 qui
1577 410 1646 435 nos
1674 410 1736 435 so-

323 467 382 504 lus
418 466 571 503 omnino
600 469 731 511 servet,
761 477 842 502 esse
868 463 957 501 item
987 463 1195 510 Christum,
1223 463 1287 514 qui
1315 464 1364 501 sit
1390 476 1490 500 unus
1519 475 1629 514 super
1657 475 1738 499 om-

325 542 390 567 nes
419 533 529 580 atque
555 531 731 567 aeternus
759 527 853 574 Rex,
881 526 1071 578 Propheta
1099 539 1143 564 ac
1169 526 1347 565 Pontifex
1367 529 1536 564 nostrum
1556 525 1737 564 omnium.

376 920 426 958 Et
456 933 535 957 esse
562 923 752 971 praetcrea
779 918 918 955 Filium
949 917 1018 954 Dei
1047 916 1135 963 vivi,
1162 929 1293 967 nempe
1321 915 1442 954 Deum
1470 928 1515 953 ex
1543 915 1622 953 Deo
1652 927 1737 953 vero

326 998 369 1023 ae
397 987 482 1034 (29)
512 985 610 1031 vivo,
636 984 807 1033 genitum
835 982 882 1020 ab
910 987 1075 1020 aeterno.

375 1115 532 1152 Publica
563 1128 647 1152 vero
677 1113 861 1165 professio
890 1116 958 1157 est,
995 1124 1089 1162 quae
1127 1111 1170 1148 fit
1205 1110 1356 1161 publica
1392 1110 1651 1148 ministrorum
1698 1109 1734 1146 in

326 1179 496 1218 Ecclesia
523 1185 588 1218 aut
614 1178 733 1230 plebis
764 1178 875 1216 simul
904 1177 1023 1214 totius
1050 1175 1219 1213 unanimi
1250 1174 1533 1213 contestatione.

377 1309 548 1360 'Utraque
586 1322 670 1346 vero
708 1308 799 1345 haec
834 1306 1020 1358 professio
1058 1307 1112 1351 fit,
1147 1309 1210 1342 aut
1248 1317 1324 1348 ore,
1352 1308 1415 1341 aut
1444 1303 1737 1342 ceremoniarum

326 1373 602 1419 observatione,
646 1377 711 1410 aut
755 1372 960 1409 officiorum
998 1370 1157 1407 invicem
1195 1368 1505 1420 praestantiorum
1542 1368 1665 1406 studio
1702 1372 1739 1406 et

327 1451 428 1484 cura,
454 1442 497 1476 ut
525 1438 705 1489 cuiusque
733 1436 878 1475 vocatio
908 1434 948 1472 id
975 1434 1015 1472 in
1044 1434 1214 1472 Ecclesia.
1240 1432 1412 1484 requirit.

378 1568 467 1606 Oris
504 1567 656 1619 publica
692 1566 876 1617 professio
914 1564 961 1602 ad
999 1564 1195 1601 collectam
1225 1563 1336 1601 simul
1365 1567 1483 1600 totam
1512 1575 1595 1600 cum
1622 1562 1735 1601 mini-

326 1634 413 1672 stris
461 1632 610 1684 plebem
655 1631 694 1669 in
731 1631 902 1668 Ecclesia
939 1630 1113 1681 pertinet,
1140 1634 1188 1666 ut
1229 1628 1351 1665 omnis
1388 1628 1504 1665 falsae
1546 1627 1737 1666 doctrinae

325 1699 488 1750 suspicio
515 1698 683 1736 tollatur.
714 1696 803 1734 Oris
831 1695 932 1733 enim
962 1694 1147 1732 confessio
1177 1695 1218 1732 fit
1246 1693 1291 1731 ad
1314 1693 1484 1731 salutem.
1513 1693 1662 1731 Privata
1682 1697 1738 1731 est

326 1764 563 1813 singulorum
599 1760 857 1799 membrorum
892 1760 933 1797 in
961 1765 1040 1798 tota
1071 1758 1249 1804 Ecclesia,
1279 1771 1373 1808 quae
1402 1770 1508 1795 usum
1535 1757 1648 1795 modo
1676 1771 1736 1795 ra-

324 1829 440 1867 tionis
479 1827 653 1871 habeant,
688 1830 731 1864 ut
759 1825 862 1876 quod
891 1825 1060 1870 credunt,
1090 1824 1147 1862 vel
1176 1823 1279 1861 (lomi
1305 1822 1404 1874 apud
1433 1835 1531 1869 suos,
1559 1823 1619 1860 vel
1645 1822 1738 1860 alibi

327 1894 415 1931 dum
443 1906 501 1930 res
529 1892 707 1944 postulat,
735 1890 903 1942 profiteri
929 1890 1076 1942 possint
1103 1889 1209 1927 iuxta
1229 1887 1343 1926 illud:
1373 1887 1523 1925 Credidi
1543 1891 1736 1939 propterea

324 1963 360 1996 et
388 1959 536 2009 loquor.

378 2150 685 2189 Ceremoniarum
722 2149 875 2200 publica
913 2147 1099 2200 professio
1138 2152 1206 2193 est,
1242 2147 1332 2185 dum
1368 2147 1409 2185 in
1438 2147 1596 2185 collecto
1626 2147 1737 2185 simul

325 2216 442 2254 totius
488 2215 680 2253 Ecclesiae
725 2219 835 2252 coetu
878 2213 1046 2265 publico,
1086 2212 1283 2250 institutae
1320 2226 1341 2250 a
1379 2213 1530 2250 Christo
1570 2211 1735 2250 Domino

326 2280 558 2318 ceremoniae
600 2292 712 2331 purae
756 2278 916 2316 fideliter
961 2283 996 2316 et
1042 2278 1217 2327 religiose
1261 2277 1523 2316 observantur.
1587 2277 1761 2314 Privata

325 2349 393 2391 est,
430 2345 519 2382 dum
554 2344 731 2396 privatim
769 2343 872 2381 domi
910 2342 1082 2387 alicuius,
1111 2342 1142 2380 si
1170 2341 1320 2393 quando
1348 2341 1387 2379 id
1416 2342 1574 2380 fratrum
1601 2340 1736 2391 aliquis

328 2411 408 2447 sine
449 2409 717 2461 superstitione
752 2408 904 2447 interim
939 2412 975 2446 et
1014 2408 1146 2445 salutis
1184 2412 1335 2445 nostrae
1372 2406 1420 2445 ad
1456 2406 1565 2455 signa
1600 2406 1735 2455 alliga-

325 2475 428 2512 tione
455 2475 631 2526 postulet,
659 2476 743 2523 (30)
772 2487 848 2512 non
877 2477 1071 2525 expectato
1093 2473 1209 2511 totius
1233 2472 1423 2510 Ecclesiae
1445 2476 1551 2509 coetu
1569 2471 1737 2522 publico,

326 2538 529 2589 peragitur.

379 2668 543 2706 Pertinet
580 2672 704 2706 autem
739 2667 830 2705 haec
865 2670 1022 2717 utraque
1058 2666 1354 2704 ceremoniarum
1380 2665 1564 2716 professio
1592 2665 1638 2703 ad
1675 2669 1735 2704 to-

327 2734 404 2768 tam
448 2730 604 2768 omnino
650 2730 861 2768 Ecclesiam
899 2734 935 2767 et
971 2730 1097 2766 omnia
1136 2742 1180 2767 ac
1217 2721 1366 2778 singula
1402 2728 1568 2766 membra
1603 2728 1735 2779 ipsius,

328 2794 417 2832 dum
459 2794 651 2832 observari
690 2798 824 2845 potest,
859 2798 1118 2845 praeterquam
1156 2794 1187 2831 si
1224 2793 1286 2844 qui
1324 2792 1370 2830 ab
1408 2792 1486 2839 illa,
1523 2798 1587 2830 aut
1623 2793 1735 2831 nobis

325 2858 474 2904 adnata,
518 2863 560 2896 ut
606 2858 748 2897 dictum
794 2862 861 2905 est,
906 2862 1062 2896 naturae
1107 2857 1341 2903 infirmitate,
1387 2857 1440 2895 uti
1486 2857 1651 2895 infantes
1686 2857 1733 2895 ab
