1830 3147
165 80 213 117 90

166 206 317 237 nomen,
342 196 419 231 tam
448 204 512 243 per
541 189 668 235 vitam,
696 202 807 241 quam
835 202 900 241 per
928 192 1088 230 mortem
1106 200 1212 225 suam
1232 187 1375 226 celebre
1395 188 1432 225 in
1454 191 1517 226 tua
1540 188 1709 226 Ecclesia

165 258 319 297 reddere
355 258 515 300 valeant,
551 260 614 293 aut
649 268 713 293 eos
749 269 769 293 e
804 255 964 293 miseriis
993 259 1105 305 atque
1133 253 1401 291 afflictionibus
1443 253 1611 304 ipsorum
1639 267 1707 304 pro

163 328 228 363 tua
257 322 377 373 gratia
404 322 563 359 liberare
593 333 814 371 crucemque
854 321 1006 358 illorum
1034 318 1222 357 moderari
1250 318 1430 368 digneris,
1458 318 1641 369 siquidem
1671 318 1710 356 id

162 388 344 436 intelligis
378 387 424 425 ad
461 386 622 436 gloriam
648 386 705 424 tui
731 385 916 423 adorandi
944 383 1109 422 nominis
1146 391 1182 421 et
1220 383 1426 421 catholicae
1463 388 1548 420 tuae
1576 382 1707 420 Eccle-

164 454 239 492 siae
267 451 565 490 aedificationem
595 451 674 488 ullo
701 450 815 488 modo
843 450 1041 501 pertinere.

215 517 455 556 Peculiariter
491 522 614 554 autem
650 521 687 554 te
725 529 886 561 oramus,
923 513 1161 552 sanctissime
1197 513 1324 551 Pater!
1355 525 1421 563 pro
1454 512 1708 550 Ecclesiarum

164 583 225 622 hic
270 587 484 620 nostrarum
529 581 722 626 fratribus,
768 580 844 617 sive
888 584 1100 630 praesentes
1138 577 1264 615 adsint
1302 578 1379 615 sive
1423 577 1514 614 alibi
1558 590 1712 628 peregre

162 654 371 692 versentur,
407 661 500 699 quos
540 647 640 685 iusto
669 652 735 684 tuo
764 645 904 696 alioqui
945 643 1084 683 iudicio
1122 648 1186 680 aut
1224 642 1364 680 morbis
1392 647 1456 680 aut
1484 643 1597 680 etiam
1626 642 1710 680 vin-

162 714 257 752 culis
301 712 475 764 inopiave
525 716 588 749 aut
631 710 746 749 exilio
793 714 855 747 aut
897 709 1187 760 quibuscunque
1232 707 1384 745 tandem
1431 707 1514 744 aliis
1560 706 1708 744 animae

161 779 377 830 corporisve
411 777 593 815 molestiis
630 776 781 814 visitare
817 780 928 826 atque
955 786 1125 811 exercere
1154 772 1330 822 dignatus
1357 785 1409 810 es.
1465 772 1525 809 Ne
1552 771 1638 809 illos
1667 772 1706 808 in

161 845 433 896 ip-(79)sorum
481 841 749 880 afflictionibus
795 840 955 883 deseras,
991 838 1053 876 sed
1090 841 1154 875 aut
1204 837 1351 885 mitiges
1392 849 1541 874 crucem
1578 849 1705 874 eorum

159 924 226 962 pro
255 915 319 947 tua
347 913 501 960 paterna
534 907 766 956 benignitate
794 910 829 943 et
857 903 1129 948 misericordia,
1165 907 1229 940 aut
1265 903 1342 940 illis
1381 902 1498 939 robur
1526 901 1642 939 addas
1671 907 1707 939 et

158 974 389 1027 patientiam,
429 977 467 1011 ut
504 973 595 1010 forti
631 972 868 1021 infr-actoque
903 970 1030 1007 animo
1057 969 1247 1019 perferant
1275 967 1414 1013 onmia,
1454 980 1549 1018 quae
1577 967 1614 1003 in
1645 979 1708 1003 eos

159 1051 226 1091 pro
266 1037 499 1088 beneplacito
537 1040 602 1073 tuo
632 1035 833 1072 clementer
860 1032 1059 1084 permittis,
1091 1054 1142 1060 —
1173 1035 1212 1069 ut
1241 1045 1280 1069 se
1306 1030 1459 1082 probari
1487 1030 1555 1067 abs
1582 1033 1619 1068 te
1646 1029 1707 1067 in-

158 1103 343 1152 telligant,
381 1102 484 1139 velut
518 1114 539 1137 a
574 1100 686 1138 Patre
721 1097 1024 1143 clementissime,
1062 1097 1101 1133 in
1131 1095 1208 1133 suis
1236 1094 1505 1133 afflictionibus
1548 1107 1615 1145 pro
1640 1097 1706 1131 tuo

158 1181 246 1218 erga
275 1181 313 1206 se
340 1179 466 1204 amore
494 1166 535 1213 ¹).
566 1165 758 1203 Nimirum
786 1176 881 1214 quos
910 1162 1050 1210 diligis,
1076 1161 1228 1199 cosdem
1254 1161 1293 1198 in
1323 1161 1399 1197 vita
1428 1160 1497 1197 hac
1517 1159 1627 1197 etiam
1643 1172 1706 1209 per

158 1233 379 1271 afflictiones
408 1230 565 1279 corrigis
593 1238 704 1280 atque
724 1241 871 1266 exerces
888 1227 932 1275 ⁴²),
953 1233 996 1264 ut
1016 1226 1190 1277 deinceps
1208 1226 1379 1276 puriores
1397 1224 1707 1275 probatioresque

158 1303 361 1350 appareant
389 1296 434 1344 ³),
472 1297 684 1333 conformes
712 1294 855 1344 alioqui
883 1292 973 1330 faeti
1010 1292 1088 1329 filio
1117 1298 1182 1329 tuo
1212 1291 1251 1328 in
1279 1289 1548 1327 afflictionibus
1574 1288 1708 1340 ipsius,

155 1377 267 1415 quem
308 1369 348 1400 tu
384 1369 536 1400 aeterno
572 1365 637 1398 tuo
675 1371 903 1411 prorsusque
930 1356 1144 1394 admirabili
1174 1355 1332 1393 consilio
1370 1355 1408 1392 in
1447 1360 1597 1392 nostrae
1625 1367 1705 1391 om-

156 1432 260 1469 nium
290 1429 422 1467 salutis
449 1427 658 1479 principem
686 1439 750 1477 per
779 1424 1001 1462 afflictiones
1031 1421 1260 1459 consecrasti
1289 1420 1332 1469 6).

208 1495 315 1532 Haec
342 1494 409 1531 abs
437 1498 473 1530 tc
502 1505 569 1529 nos
598 1492 868 1542 impetraturos
897 1502 977 1526 esse
1006 1487 1245 1531 confidimus,
1273 1499 1308 1530 ο,
1338 1486 1445 1523 Pater
1475 1490 1602 1523 noster
1621 1497 1706 1521 coe-

155 1561 281 1599 lestis!
318 1571 384 1610 pro
422 1562 486 1596 tua
515 1563 669 1608 paterna
705 1555 745 1593 in
783 1568 852 1592 nos
880 1554 1017 1605 pietate
1044 1557 1080 1590 et
1117 1541 1388 1596 misericordia,
1434 1558 1546 1601 atque
1573 1563 1616 1588 ea
1643 1563 1707 1600 spe

157 1638 294 1663 nomen
324 1631 495 1662 sanctum
525 1626 633 1659 tuum
660 1634 725 1672 per
753 1619 863 1657 unice
890 1619 959 1657 tibi
989 1618 1169 1655 dilectum
1201 1622 1306 1654 tuum
1323 1616 1457 1661 filium,
1476 1607 1705 1666 praescripta

157 1690 268 1729 nobis
305 1690 352 1727 ab
388 1689 470 1740 ipso
509 1687 738 1739 precatione,
766 1685 953 1736 supplices
981 1684 1223 1721 invocamus:
1281 1682 1391 1719 Pater
1419 1686 1546 1718 noster
1575 1680 1639 1731 qui
1667 1693 1705 1717 es

158 1756 197 1794 iu
227 1755 341 1793 coelis
369 1754 468 1792 etc.''

211 1885 287 1924 Hic
315 1884 594 1923 observandum
621 1889 687 1928 est,
714 1881 888 1919 interseri
917 1893 993 1917 non
1022 1880 1108 1928 (80)
1136 1891 1220 1916 raro
1249 1883 1285 1916 et
1312 1878 1406 1915 alias
1425 1889 1564 1928 preces,
1583 1876 1706 1927 prius-

159 1964 272 2002 quam
301 1949 501 1987 Dominica
528 1947 693 1999 precatio
724 1946 880 1987 dicatur,
908 1943 1126 1996 praesertim
1156 1943 1187 1981 si
1207 1956 1303 1994 quae
1319 1942 1524 1994 peculiares
1544 1941 1707 1979 necessi-

158 2022 254 2055 tates
291 2015 482 2053 Ecclesiae
518 2027 556 2051 se
592 2013 691 2050 forte
727 2010 884 2049 offerant
920 2017 1033 2060 atque
1069 2008 1106 2046 id
1137 2007 1404 2059 quoquomodo
1433 2007 1624 2058 postulare
1653 2006 1707 2043 vi-

162 2083 333 2121 deantur.

211 2147 400 2186 Absoluta
427 2158 514 2183 vero
542 2142 743 2182 Dominica
768 2141 996 2193 precatione,
1024 2143 1088 2177 aut
1116 2138 1333 2190 Baptismus
1363 2137 1521 2176 habetur
1550 2136 1582 2174 si
1613 2149 1709 2188 quos

159 2212 206 2251 ad
235 2211 462 2262 baptismum
490 2207 615 2245 offerri
643 2206 850 2254 contingat,
877 2210 941 2242 aut
969 2205 1095 2241 Coena
1124 2202 1280 2240 Domini
1307 2201 1500 2253 peragitur
1520 2200 1705 2251 siquidem

160 2291 203 2316 eo
231 2282 399 2327 tempore
427 2274 475 2312 sit
501 2271 727 2324 peragenda,
754 2275 819 2308 aut
845 2270 1057 2319 iunguntur
1084 2267 1324 2306 matrimonia
1354 2266 1385 2304 si
1414 2265 1478 2317 qui
1504 2265 1544 2303 id
1565 2270 1707 2316 petant.

161 2345 239 2380 Aut
276 2341 304 2379 si
343 2339 432 2391 quid
470 2338 624 2376 omnino
663 2334 848 2374 eiusmodi
883 2334 1028 2380 incidit,
1066 2332 1167 2384 quo'd
1204 2331 1354 2383 publice
1384 2344 1508 2368 eoram
1539 2329 1707 2367 Ecclesia

160 2407 241 2457 geri
269 2410 451 2457 oporteat,
480 2404 516 2440 id
545 2409 665 2440 totum
696 2402 738 2438 fit
768 2413 853 2437 mox
882 2404 967 2450 post
993 2398 1204 2436 absolutam
1237 2397 1334 2433 hanc
1364 2393 1601 2432 Dominicam
1622 2407 1703 2444 pre-

162 2472 361 2510 cationem.
417 2468 567 2507 Quodsi
596 2467 690 2505 nihil
720 2465 829 2502 huius
857 2477 895 2502 se
923 2463 1064 2509 offerat,
1090 2470 1170 2500 tum
1198 2461 1263 2512 qui
1289 2461 1336 2498 ad
1362 2460 1402 2497 id
1430 2465 1517 2497 sunt
1543 2458 1706 2509 peculia-

160 2537 251 2576 riter
288 2535 464 2576 ordinati,
498 2533 742 2583 auspicantur
779 2543 914 2578 magna
943 2528 1128 2577 gravitate
1156 2527 1345 2564 Psalmum
1374 2525 1536 2574 aliquem
1577 2523 1707 2572 lingua

161 2600 319 2650 vulgari,
352 2595 495 2649 'quibus
530 2610 620 2634 mox
656 2596 737 2646 pari
772 2594 957 2643 gravitate
995 2592 1156 2629 succinit
1192 2597 1272 2629 tota
1308 2589 1490 2632 Ecclesia,
1529 2593 1708 2638 tantaque

160 2664 420 2706 moderatione
448 2662 594 2700 canitur
623 2659 807 2711 quidquid
841 2657 996 2695 omuino
1018 2657 1162 2694 canitur
1182 2670 1202 2694 a
1223 2660 1304 2694 tota
1323 2653 1505 2698 Ecclesia,
1523 2658 1560 2691 ut
1580 2652 1708 2690 omnia

162 2745 258 2784 quae
286 2735 470 2767 canuntur
496 2726 658 2775 intelligi
685 2726 732 2762 ab
761 2723 951 2769 omnibus,
979 2723 1044 2773 qui
1081 2722 1250 2771 linguam
1276 2719 1389 2758 modo
1419 2727 1572 2764 norunt,
1600 2717 1709 2756 facile

190 2796 324 2834 ossint.

207 2885 234 2925 ¹)
257 2883 350 2916 Rom.
375 2882 403 2914 5.
429 2880 444 2913 l
469 2879 543 2912 Cor.
568 2878 618 2911 13.
641 2877 723 2909 ch.
749 2876 797 2908 13.
883 2875 910 2916 2)
934 2875 1008 2907 Pro.
1032 2874 1061 2907 3.
1147 2874 1174 2914 ³)
1201 2873 1217 2905 1
1242 2873 1310 2904 Pet.
1336 2872 1363 2904 1.
1448 2872 1477 2911 ⁴)
1502 2871 1583 2905 Heb.
1606 2871 1636 2903 2.
