1830 3147
812 93 882 133 687
1345 95 1408 143 [A.
1434 95 1480 132 D.
1505 95 1617 144 1553]

88 215 248 251 musque,
283 204 326 239 ut
361 202 513 239 clemens
547 213 587 237 ac
620 201 810 249 benignum
845 214 1048 251 responsum
1075 203 1187 251 primo
1212 215 1355 251 quoquc
1379 206 1536 252 tempore
1561 204 1617 241 ha-

88 265 169 301 bere
194 264 366 312 possimus
395 265 433 310 ¹).
484 262 691 310 [coldingae
719 264 761 299 16
788 263 979 300 Novembr.
1007 263 1116 311 1553]

130 389 154 427 ¹)
179 387 260 418 Cum
283 386 369 418 hisce
392 386 599 417 conferantur
621 387 775 417 adnotata
799 387 832 417 in
860 388 949 420 Cone.
976 387 1160 429 Noviomayi
1186 388 1318 420 UTENH.
1341 399 1369 421 0.
1393 388 1413 420 l.
1438 399 1468 431 p.
1487 388 1618 427 52-73,

85 453 165 484 qnae
189 442 334 484 longiora
357 443 432 473 sunt
453 452 548 483 quam
572 444 607 473 ut
630 442 668 473 ad
692 442 812 474 calcem
836 443 1062 476 adiicerentur.

85 674 151 712 N⁰.
177 675 233 711 95.
938 678 1058 725 [Uleuh.
1074 691 1097 715 ο.
1113 681 1131 716 1.
1147 690 1170 722 p.
1187 682 1245 716 230.
1269 682 1389 715 Gordus.
1407 693 1430 716 ο.
1448 681 1463 716 Ι.
1480 678 1525 714 lib.
1541 682 1614 728 nra]

648 798 705 833 Ad
737 798 884 834 omnm
910 798 1060 834 umam.

134 929 237 965 Sacra
262 930 430 967 Maiestas
457 931 567 978 Regia
594 933 630 967 et
656 932 819 975 Domine,
846 932 996 970 Domine
1012 931 1297 969 clementissime!
1316 932 1618 980 diligentissimam

85 990 276 1026 officiorum
301 1004 458 1027 meorum
484 992 839 1029 commendationem!

132 1052 264 1088 Mirum
291 1053 383 1089 forte
409 1054 518 1089 videri
544 1054 676 1101 poterit
701 1057 737 1090 et
763 1055 830 1091 tibi
855 1056 891 1090 et
916 1054 1000 1098 tuis,
1026 1054 1104 1090 Rex
1118 1055 1356 1091 serenissime!
1373 1055 1468 1103 quod
1484 1056 1535 1092 ita
1552 1069 1616 1092 1111-

84 1125 145 1160 per
186 1113 278 1160 apud
317 1120 352 1150 te
384 1115 421 1150 in
455 1115 594 1162 publiea
618 1116 787 1152 concione
822 1116 1016 1163 proscissus
1045 1119 1157 1163 ¹atque
1181 1116 1403 1163 iniquissimo
1428 1130 1508 1153 cum
1533 1119 1618 1154 meis

85 1174 248 1210 omnibus
274 1175 488 1223 praeiudicio
515 1176 711 1220 damnatus,
737 1176 890 1223 denique
916 1179 953 1213 et
978 1176 1038 1213 abs
1065 1182 1102 1213 te
1127 1178 1202 1224 ipso
1228 1189 1269 1213 eo
1294 1177 1372 1214 loeo
1398 1178 1550 1222 habitus,
1575 1182 1618 1215 ut

84 1234 267 1282 indignum
301 1248 376 1272 esse
410 1236 594 1280 iudicares,
619 1237 676 1273 cui
703 1240 843 1273 tantum
870 1237 1040 1281 crederes,
1066 1240 1109 1273 ut
1134 1250 1188 1273 me
1211 1237 1255 1273 ad
1281 1251 1391 1274 meam
1416 1239 1618 1283 Ecclesiam,

83 1296 185 1332 cuius
218 1296 358 1333 nomine
389 1297 433 1333 ad
464 1300 501 1334 te
535 1311 710 1342 veneram,
744 1298 788 1334 ad
822 1311 917 1335 meos
948 1299 1032 1335 item
1066 1298 1205 1342 liberos,
1238 1299 1366 1335 fiducia
1391 1299 1619 1347 benignitatis

82 1360 166 1394 tuae
199 1358 234 1394 in
271 1371 418 1405 regnum
443 1361 546 1395 tuum
573 1359 756 1404 adductos,
783 1363 819 1396 et
844 1360 887 1396 ad
914 1373 1005 1397 meas
1032 1361 1138 1397 etiam
1164 1373 1220 1397 res
1244 1361 1469 1408 colligendas,
1495 1362 1556 1398 abs
1582 1365 1619 1399 te

82 1431 222 1455 rursum
248 1419 361 1456 redire
379 1421 560 1468 patereris,
577 1442 626 1450 -
642 1421 792 1458 scribere
804 1421 872 1457 iam
891 1421 935 1457 ad
953 1424 989 1457 te
1007 1422 1149 1458 interim
1167 1426 1274 1469 teque
1292 1423 1512 1469 quorundam
1532 1424 1618 1461 adeo

60 1481 268 1517 admonere
293 1481 397 1517 etiam
416 1482 601 1527 voluerim,
622 1496 661 1520 ac
687 1496 757 1519 non
782 1485 903 1531 potius
929 1484 1012 1519 mihi
1037 1497 1058 1520 a.
1083 1484 1265 1520 scribendo
1283 1485 1426 1521 omnino
1444 1488 1615 1533 tempera-

82 1541 158 1578 rim.
208 1541 275 1578 Sed
291 1551 355 1588 ego
372 1555 454 1579 sane
481 1556 520 1579 ea
543 1545 660 1580 omnia
685 1557 773 1591 quae
799 1545 883 1580 mihi
908 1544 1001 1592 apud
1026 1547 1063 1580 te
1096 1544 1314 1590 obtigerunt,
1346 1558 1417 1581 non
1452 1548 1524 1581 tam
1550 1546 1616 1583 tibi

82 1615 186 1650 quam
219 1602 299 1638 aliis
323 1603 461 1650 imputo
487 1604 607 1651 potius
640 1617 775 1652 proque
801 1604 963 1641 omnibus
996 1606 1127 1652 gratias
1153 1618 1218 1652 ago
1246 1605 1397 1642 Divinae
1422 1606 1617 1652 Maiestati,

80 1667 210 1708 certus,
246 1677 307 1712 per
339 1677 448 1701 meam
481 1665 682 1702 istiusmodi
722 1666 950 1712 ignominiam
975 1666 1240 1713 glorificandum
1266 1679 1341 1703 esse
1366 1669 1403 1703 et
1428 1680 1553 1704 nomen
1581 1673 1617 1705 et

82 1738 229 1773 regnum
265 1726 396 1762 Christi
424 1726 568 1762 Domini
593 1727 630 1762 in
655 1726 813 1762 Ecclesia
841 1727 963 1774 ipsius.
1013 1728 1064 1763 Ac
1091 1727 1236 1775 proinde
1261 1729 1614 1775 praetermittendum

82 1787 166 1823 mihi
190 1786 283 1834 apud
307 1790 344 1824 te
360 1787 472 1823 adhuc
491 1800 562 1824 non
581 1799 657 1824 esse
675 1787 886 1830 existimavi,
905 1787 1000 1834 quod
1025 1788 1067 1824 ad
1087 1788 1243 1824 debitum
1262 1789 1482 1837 officiumque
1500 1803 1616 1827 meum

81 1859 145 1894 pro
171 1860 246 1884 mea
271 1847 308 1884 in
334 1847 513 1883 Christum
541 1848 733 1884 Dominum
758 1851 794 1883 et
820 1847 896 1883 eius
920 1847 1111 1884 Ecclesiam
1149 1849 1216 1885 fide
1241 1849 1404 1897 intelligo
1429 1852 1616 1898 pertinere.

83 1907 166 1944 Non
200 1908 325 1944 dubito
350 1911 470 1944 autem
495 1908 530 1944 id
556 1910 733 1956 pertinere
758 1909 912 1952 omnino,
939 1912 982 1945 ut
1006 1922 1084 1945 cum
1112 1913 1149 1946 te
1174 1923 1253 1946 eum
1280 1910 1412 1957 Regem
1437 1924 1512 1948 esse
1536 1925 1616 1960 pro·

83 1968 223 2012 fitearis,
259 1969 323 2015 qui
347 1969 443 2006 iusso
469 1969 585 2006 valere
610 1970 775 2018 Papismo
800 1973 881 2007 toto
907 1970 1102 2007 doctrinam
1128 1971 1312 2017 Evangelii
1347 1972 1527 2020 amplexus
1553 1974 1615 2017 sis,

83 2041 229 2076 eamque
254 2032 291 2065 te
316 2032 352 2065 et
377 2030 478 2077 sequi
504 2032 539 2066 et
564 2031 658 2067 tueri
683 2031 789 2067 etiam
815 2031 906 2068 velle
930 2031 1035 2075 dicas,
1062 2031 1136 2068 eius
1162 2034 1198 2067 te
1223 2044 1306 2068 sane
1322 2036 1525 2070 reverenter
1537 2035 1615 2082 qui-

82 2089 160 2125 dem
186 2091 228 2125 ut
253 2089 519 2137 praecellentem
546 2091 613 2127 Dei
638 2091 850 2136 ministrum,
877 2092 937 2128 sed
961 2092 1070 2128 libere
1095 2092 1236 2128 interim
1278 2097 1387 2141 atque
1417 2095 1615 2132 Christiane

82 2162 124 2186 ex
149 2149 256 2186 verbo
283 2150 350 2187 Dei
375 2151 589 2195 admoneam,
614 2152 651 2188 in
677 2164 749 2199 quo
775 2153 860 2188 mihi
885 2155 1023 2201 praeter
1049 2153 1243 2189 doctrinam
1274 2154 1457 2202 Evangelii
1486 2156 1614 2204 legem-

83 2223 154 2258 que
178 2211 361 2248 charitatis
388 2212 609 2249 Christianae
635 2215 755 2259 egisse,
783 2217 892 2261 atque
917 2227 989 2250 non
1014 2215 1051 2250 in
1077 2227 1150 2250 eam
1176 2215 1278 2251 modo
1304 2228 1394 2262 quae
1419 2217 1615 2254 ministerio

81 2285 157 2309 meo
186 2275 240 2309 est
265 2272 476 2317 concredita,
502 2273 561 2310 sed
586 2275 622 2310 in
648 2275 854 2311 catholicam
879 2275 965 2313 adeo
990 2276 1099 2323 ipsam
1117 2276 1249 2312 Christi
1264 2277 1452 2314 Ecclesiam
1471 2280 1614 2316 omnino

81 2335 188 2370 etiam
215 2347 374 2383 peccasse
400 2335 541 2372 videris.

130 2397 255 2443 Neque
289 2409 371 2433 vero
407 2397 484 2433 ideo
519 2397 613 2444 quod
639 2399 676 2434 te
703 2397 754 2434 ita
779 2410 938 2445 peccasse
962 2398 1053 2442 dico,
1089 2400 1302 2435 commoveri
1327 2400 1489 2447 protinus
1515 2401 1613 2436 mihi-

81 2470 150 2505 que
183 2471 385 2495 succensere
411 2459 561 2502 debebis,
588 2459 666 2495 Rex
691 2461 960 2507 potentissime!
989 2461 1159 2508 siquidem
1188 2461 1282 2507 quod
1308 2461 1445 2506 diceris,
1471 2475 1552 2500 vere
1578 2466 1614 2499 tc

80 2520 184 2556 etiam
211 2532 285 2556 esse
311 2520 486 2556 declarare
511 2520 620 2567 cupis,
648 2533 769 2568 nempe
796 2521 926 2568 Regem
955 2522 1210 2558 Christianum:
1232 2522 1344 2559 multo
1361 2526 1477 2560 minus
1494 2527 1613 2560 autem

82 2581 267 2627 cogitabis,
292 2593 346 2616 me
373 2593 413 2616 eo
439 2580 481 2616 ad
507 2585 543 2617 te
568 2582 682 2617 animo
709 2581 870 2626 scribere,
904 2583 1004 2630 quasi
1030 2596 1090 2630 per
1116 2589 1150 2620 te
1177 2584 1329 2620 offensus
1354 2588 1437 2621 tuae
1460 2585 1611 2622 vicissim

84 2641 262 2677 Maiestati
288 2644 396 2687 atque
421 2641 674 2678 existimationi
701 2642 833 2689 Regiae
859 2643 1047 2691 quicquam
1076 2644 1218 2680 0111111110
1243 2645 1440 2681 detractum
1459 2649 1521 2682 aut
1538 2647 1613 2683 ullo

81 2713 224 2747 prorsus
251 2701 354 2737 modo
379 2715 558 2749 aspersum
586 2702 702 2738 velim.
752 2703 924 2750 Equidem
952 2704 1062 2750 pluris
1088 2707 1142 2740 est
1167 2705 1257 2752 apud
1292 2719 1345 2742 me
1371 2707 1614 2754 praecellentis

82 2765 164 2798 tuae
198 2764 393 2799 vocationis
428 2763 463 2799 in
490 2763 644 2799 Ecclesia
679 2764 809 2800 Christi
845 2765 1064 2808 excellentia,
1091 2768 1162 2810 {tua
1187 2766 1271 2802 item
1298 2770 1455 2815 spectata
1480 2768 1613 2815 alioqui

79 2822 156 2858 orbi
190 2824 259 2859 toti
295 2825 450 2871 probitas
485 2827 521 2860 et
553 2824 709 2860 studium
745 2825 923 2872 singulare
955 2838 1036 2873 erga
1062 2826 1278 2873 religionem,
1321 2829 1457 2864 etiamsi
1484 2829 1613 2865 iudicio

76 2883 165 2918 circa
192 2884 283 2920 illam
312 2887 370 2932 (ut
396 2885 557 2921 homines
586 2898 708 2921 sumus
733 2887 869 2932 omnes)
895 2886 1022 2922 alicubi
1053 2887 1193 2930 fallaris,
1221 2901 1326 2935 quam
1352 2893 1393 2924 ut
1419 2890 1524 2925 unius
1551 2892 1614 2925 aut
