<?xml version="1.0" encoding="UTF-8"?>
<!DOCTYPE html PUBLIC "-//W3C//DTD XHTML 1.0 Transitional//EN"
    "http://www.w3.org/TR/xhtml1/DTD/xhtml1-transitional.dtd">
<html xmlns="http://www.w3.org/1999/xhtml" xml:lang="en" lang="en">
 <head>
  <title>
</title>
<meta http-equiv="Content-Type" content="text/html;charset=utf-8" />
  <meta name='ocr-system' content='tesseract 3.04.00' />
  <meta name='ocr-capabilities' content='ocr_page ocr_carea ocr_par ocr_line ocrx_word'/>
</head>
<body>
  <div class='ocr_page' id='page_1' title='image "./operatameditaqua02lask_0286.png"; bbox 0 0 1830 3147; ppageno 0'>
   <div class='ocr_carea' id='block_1_1' title="bbox 176 107 248 142">
    <p class='ocr_par' dir='ltr' id='par_1_1' title="bbox 176 107 248 142">
     <span class='ocr_line' id='line_1_1' title="bbox 176 107 248 142; baseline 0.014 -1"><span class='ocrx_word' id='word_1_1' title='bbox 176 107 248 142; x_wconf 78' lang='lat'><strong>266</strong></span> 
     </span>
    </p>
   </div>
   <div class='ocr_carea' id='block_1_2' title="bbox 171 216 1710 971">
    <p class='ocr_par' dir='ltr' id='par_1_2' title="bbox 171 216 1710 971">
     <span class='ocr_line' id='line_1_2' title="bbox 174 216 1708 272; baseline 0.002 -17"><span class='ocrx_word' id='word_1_2' title='bbox 174 219 294 255; x_wconf 88' lang='lat' dir='ltr'><strong>morte</strong></span> <span class='ocrx_word' id='word_1_3' title='bbox 329 217 409 255; x_wconf 90' lang='lat' dir='ltr'><strong>sola</strong></span> <span class='ocrx_word' id='word_1_4' title='bbox 446 220 483 256; x_wconf 90' lang='lat' dir='ltr'><strong>et</strong></span> <span class='ocrx_word' id='word_1_5' title='bbox 519 216 749 256; x_wconf 77' lang='lat' dir='ltr'><strong>scortatione</strong></span> <span class='ocrx_word' id='word_1_6' title='bbox 788 217 999 257; x_wconf 83' lang='lat' dir='ltr'><strong>dirimatur.</strong></span> <span class='ocrx_word' id='word_1_7' title='bbox 1053 221 1192 260; x_wconf 81' lang='lat' dir='ltr'><strong>Cavete</strong></span> <span class='ocrx_word' id='word_1_8' title='bbox 1217 220 1334 272; x_wconf 84' lang='lat' dir='ltr'><strong>igitur</strong></span> <span class='ocrx_word' id='word_1_9' title='bbox 1360 218 1469 258; x_wconf 85' lang='lat' dir='ltr'><strong>vobis</strong></span> <span class='ocrx_word' id='word_1_10' title='bbox 1496 219 1708 270; x_wconf 86' lang='lat' dir='ltr'><strong>diligentis-</strong></span> 
     </span>
     <span class='ocr_line' id='line_1_3' title="bbox 173 282 1707 332; baseline 0.002 -11"><span class='ocrx_word' id='word_1_11' title='bbox 173 282 278 330; x_wconf 85' lang='lat' dir='ltr'><strong>sime,</strong></span> <span class='ocrx_word' id='word_1_12' title='bbox 313 295 390 321; x_wconf 91' lang='lat' dir='ltr'><strong>non</strong></span> <span class='ocrx_word' id='word_1_13' title='bbox 426 286 573 321; x_wconf 89' lang='lat' dir='ltr'><strong>tantum</strong></span> <span class='ocrx_word' id='word_1_14' title='bbox 610 282 658 320; x_wconf 90' lang='lat' dir='ltr'><strong>ab</strong></span> <span class='ocrx_word' id='word_1_15' title='bbox 695 283 879 322; x_wconf 88' lang='lat' dir='ltr'><strong>adulterio</strong></span> <span class='ocrx_word' id='word_1_16' title='bbox 919 297 984 322; x_wconf 87' lang='lat' dir='ltr'><strong>seu</strong></span> <span class='ocrx_word' id='word_1_17' title='bbox 1021 286 1263 332; x_wconf 75' lang='lat' dir='ltr'><strong>scortatione,</strong></span> <span class='ocrx_word' id='word_1_18' title='bbox 1297 285 1360 324; x_wconf 86' lang='lat' dir='ltr'><strong>sed</strong></span> <span class='ocrx_word' id='word_1_19' title='bbox 1388 286 1436 324; x_wconf 89' lang='lat' dir='ltr'><strong>ab</strong></span> <span class='ocrx_word' id='word_1_20' title='bbox 1465 285 1568 324; x_wconf 90' lang='lat' dir='ltr'><strong>omni</strong></span> <span class='ocrx_word' id='word_1_21' title='bbox 1594 284 1707 324; x_wconf 79' lang='lat' dir='ltr'><strong>etiam</strong></span> 
     </span>
     <span class='ocr_line' id='line_1_4' title="bbox 173 346 1709 399; baseline 0.003 -14"><span class='ocrx_word' id='word_1_22' title='bbox 173 346 370 386; x_wconf 81' lang='lat' dir='ltr'><strong>occasione</strong></span> <span class='ocrx_word' id='word_1_23' title='bbox 395 347 644 398; x_wconf 85' lang='lat' dir='ltr'><strong>petulantium</strong></span> <span class='ocrx_word' id='word_1_24' title='bbox 674 347 872 386; x_wconf 85' lang='lat' dir='ltr'><strong>verborum</strong></span> <span class='ocrx_word' id='word_1_25' title='bbox 902 362 945 386; x_wconf 89' lang='lat' dir='ltr'><strong>ac</strong></span> <span class='ocrx_word' id='word_1_26' title='bbox 975 349 1258 399; x_wconf 82' lang='lat' dir='ltr'><strong>cogitationum.</strong></span> <span class='ocrx_word' id='word_1_27' title='bbox 1288 351 1434 389; x_wconf 88' lang='lat' dir='ltr'><strong>Horum</strong></span> <span class='ocrx_word' id='word_1_28' title='bbox 1464 351 1564 389; x_wconf 90' lang='lat' dir='ltr'><strong>enim</strong></span> <span class='ocrx_word' id='word_1_29' title='bbox 1580 350 1709 389; x_wconf 88' lang='lat' dir='ltr'><strong>indul-</strong></span> 
     </span>
     <span class='ocr_line' id='line_1_5' title="bbox 172 411 1706 467; baseline 0.003 -17"><span class='ocrx_word' id='word_1_30' title='bbox 172 411 300 461; x_wconf 84' lang='lat' dir='ltr'><strong>gentia</strong></span> <span class='ocrx_word' id='word_1_31' title='bbox 318 411 443 450; x_wconf 63' lang='lat' dir='ltr'><strong>facile</strong></span> <span class='ocrx_word' id='word_1_32' title='bbox 479 411 628 450; x_wconf 82' lang='lat' dir='ltr'><strong>demum</strong></span> <span class='ocrx_word' id='word_1_33' title='bbox 663 413 717 460; x_wconf 85' lang='lat' dir='ltr'><strong>fit,</strong></span> <span class='ocrx_word' id='word_1_34' title='bbox 751 416 791 451; x_wconf 89' lang='lat' dir='ltr'><strong>ut</strong></span> <span class='ocrx_word' id='word_1_35' title='bbox 827 426 959 464; x_wconf 88' lang='lat' dir='ltr'><strong>parum</strong></span> <span class='ocrx_word' id='word_1_36' title='bbox 997 418 1099 452; x_wconf 88' lang='lat' dir='ltr'><strong>casta</strong></span> <span class='ocrx_word' id='word_1_37' title='bbox 1134 416 1246 454; x_wconf 85' lang='lat' dir='ltr'><strong>etiam</strong></span> <span class='ocrx_word' id='word_1_38' title='bbox 1285 429 1396 467; x_wconf 85' lang='lat' dir='ltr'><strong>opera</strong></span> <span class='ocrx_word' id='word_1_39' title='bbox 1433 415 1589 467; x_wconf 88' lang='lat' dir='ltr'><strong>ipsaque</strong></span> <span class='ocrx_word' id='word_1_40' title='bbox 1615 415 1706 454; x_wconf 87' lang='lat' dir='ltr'><strong>adeo</strong></span> 
     </span>
     <span class='ocr_line' id='line_1_6' title="bbox 172 476 1710 532; baseline 0.002 -18"><span class='ocrx_word' id='word_1_41' title='bbox 172 476 356 514; x_wconf 83' lang='lat' dir='ltr'><strong>adulteria</strong></span> <span class='ocrx_word' id='word_1_42' title='bbox 383 480 600 527; x_wconf 86' lang='lat' dir='ltr'><strong>sequantur.</strong></span> <span class='ocrx_word' id='word_1_43' title='bbox 653 477 692 515; x_wconf 93' lang='lat' dir='ltr'>N</span> <span class='ocrx_word' id='word_1_44' title='bbox 695 490 714 514; x_wconf 90' lang='lat' dir='ltr'><strong>e</strong></span> <span class='ocrx_word' id='word_1_45' title='bbox 741 477 925 515; x_wconf 82' lang='lat' dir='ltr'><strong>fraudetis</strong></span> <span class='ocrx_word' id='word_1_46' title='bbox 953 490 1020 515; x_wconf 86' lang='lat' dir='ltr'><strong>vos</strong></span> <span class='ocrx_word' id='word_1_47' title='bbox 1047 479 1220 526; x_wconf 87' lang='lat' dir='ltr'><strong>invicem,</strong></span> <span class='ocrx_word' id='word_1_48' title='bbox 1247 480 1321 519; x_wconf 90' lang='lat' dir='ltr'><strong>nisi</strong></span> <span class='ocrx_word' id='word_1_49' title='bbox 1347 479 1527 532; x_wconf 88' lang='lat' dir='ltr'><strong>pusillum</strong></span> <span class='ocrx_word' id='word_1_50' title='bbox 1553 479 1710 531; x_wconf 80' lang='lat' dir='ltr'><strong>aliquid,</strong></span> 
     </span>
     <span class='ocr_line' id='line_1_7' title="bbox 172 541 1708 594; baseline 0.003 -16"><span class='ocrx_word' id='word_1_51' title='bbox 172 541 286 592; x_wconf 92' lang='lat' dir='ltr'><strong>idque</strong></span> <span class='ocrx_word' id='word_1_52' title='bbox 311 554 357 579; x_wconf 80' lang='lat' dir='ltr'><strong>ex</strong></span> <span class='ocrx_word' id='word_1_53' title='bbox 385 554 570 580; x_wconf 91' lang='lat' dir='ltr'><strong>consensu</strong></span> <span class='ocrx_word' id='word_1_54' title='bbox 598 546 742 589; x_wconf 84' lang='lat' dir='ltr'><strong>mutuo,</strong></span> <span class='ocrx_word' id='word_1_55' title='bbox 769 545 805 580; x_wconf 88' lang='lat' dir='ltr'><strong>et</strong></span> <span class='ocrx_word' id='word_1_56' title='bbox 833 541 984 593; x_wconf 89' lang='lat' dir='ltr'><strong>quidem</strong></span> <span class='ocrx_word' id='word_1_57' title='bbox 1013 556 1089 581; x_wconf 92' lang='lat' dir='ltr'><strong>non</strong></span> <span class='ocrx_word' id='word_1_58' title='bbox 1117 546 1229 594; x_wconf 85' lang='grc'>(616)</span> <span class='ocrx_word' id='word_1_59' title='bbox 1256 545 1344 584; x_wconf 89' lang='lat' dir='ltr'><strong>odio</strong></span> <span class='ocrx_word' id='word_1_60' title='bbox 1372 548 1437 583; x_wconf 90' lang='lat' dir='ltr'><strong>aut</strong></span> <span class='ocrx_word' id='word_1_61' title='bbox 1457 544 1610 583; x_wconf 82' lang='lat' dir='ltr'><strong>fastidio</strong></span> <span class='ocrx_word' id='word_1_62' title='bbox 1631 545 1708 583; x_wconf 91' lang='lat' dir='ltr'><strong>ullo</strong></span> 
     </span>
     <span class='ocr_line' id='line_1_8' title="bbox 172 605 1708 661; baseline 0.003 -18"><span class='ocrx_word' id='word_1_63' title='bbox 172 605 288 643; x_wconf 85' lang='lat' dir='ltr'><strong>vestri</strong></span> <span class='ocrx_word' id='word_1_64' title='bbox 320 605 496 655; x_wconf 76' lang='lat' dir='ltr'><strong>invicem,</strong></span> <span class='ocrx_word' id='word_1_65' title='bbox 533 605 596 644; x_wconf 91' lang='lat' dir='ltr'><strong>sed</strong></span> <span class='ocrx_word' id='word_1_66' title='bbox 634 606 830 650; x_wconf 78' lang='lat' dir='ltr'><strong>duntaxat.</strong></span> <span class='ocrx_word' id='word_1_67' title='bbox 867 612 907 645; x_wconf 90' lang='lat' dir='ltr'><strong>ut</strong></span> <span class='ocrx_word' id='word_1_68' title='bbox 941 611 1049 646; x_wconf 89' lang='lat' dir='ltr'><strong>tanto</strong></span> <span class='ocrx_word' id='word_1_69' title='bbox 1084 609 1334 660; x_wconf 85' lang='lat' dir='ltr'><strong>expeditiores</strong></span> <span class='ocrx_word' id='word_1_70' title='bbox 1368 623 1448 648; x_wconf 90' lang='lat' dir='ltr'><strong>esse</strong></span> <span class='ocrx_word' id='word_1_71' title='bbox 1480 609 1634 661; x_wconf 87' lang='lat' dir='ltr'><strong>possitis</strong></span> <span class='ocrx_word' id='word_1_72' title='bbox 1661 610 1708 648; x_wconf 87' lang='lat' dir='ltr'><strong>ad</strong></span> 
     </span>
     <span class='ocr_line' id='line_1_9' title="bbox 174 670 1708 727; baseline 0.003 -19"><span class='ocrx_word' id='word_1_73' title='bbox 174 670 401 709; x_wconf 88' lang='lat' dir='ltr'><strong>unanimiter</strong></span> <span class='ocrx_word' id='word_1_74' title='bbox 427 671 655 722; x_wconf 88' lang='lat' dir='ltr'><strong>precandum</strong></span> <span class='ocrx_word' id='word_1_75' title='bbox 685 685 729 709; x_wconf 88' lang='lat' dir='ltr'><strong>ac</strong></span> <span class='ocrx_word' id='word_1_76' title='bbox 757 671 1001 710; x_wconf 87' lang='lat' dir='ltr'><strong>ieiunandum</strong></span> <span class='ocrx_word' id='word_1_77' title='bbox 1029 673 1077 711; x_wconf 88' lang='lat' dir='ltr'><strong>ad</strong></span> <span class='ocrx_word' id='word_1_78' title='bbox 1105 678 1251 726; x_wconf 88' lang='lat' dir='ltr'><strong>tempus</strong></span> <span class='ocrx_word' id='word_1_79' title='bbox 1277 674 1444 727; x_wconf 80' lang='lat' dir='ltr'><strong>aliquod.</strong></span> <span class='ocrx_word' id='word_1_80' title='bbox 1498 675 1548 714; x_wconf 81' lang='lat' dir='ltr'><strong>Et</strong></span> <span class='ocrx_word' id='word_1_81' title='bbox 1576 675 1708 713; x_wconf 90' lang='lat' dir='ltr'><strong>memi-</strong></span> 
     </span>
     <span class='ocr_line' id='line_1_10' title="bbox 172 735 1708 791; baseline 0.003 -17"><span class='ocrx_word' id='word_1_82' title='bbox 172 735 305 775; x_wconf 79' lang='lat' dir='ltr'><strong>neritis</strong></span> <span class='ocrx_word' id='word_1_83' title='bbox 331 741 507 775; x_wconf 87' lang='lat' dir='ltr'><strong>neutrum</strong></span> <span class='ocrx_word' id='word_1_84' title='bbox 536 741 700 775; x_wconf 89' lang='lat' dir='ltr'><strong>vestrum</strong></span> <span class='ocrx_word' id='word_1_85' title='bbox 729 737 799 781; x_wconf 88' lang='lat' dir='ltr'><strong>sui,</strong></span> <span class='ocrx_word' id='word_1_86' title='bbox 827 737 892 775; x_wconf 91' lang='lat' dir='ltr'><strong>sed</strong></span> <span class='ocrx_word' id='word_1_87' title='bbox 920 737 1079 776; x_wconf 87' lang='lat' dir='ltr'><strong>alterum</strong></span> <span class='ocrx_word' id='word_1_88' title='bbox 1107 738 1260 777; x_wconf 88' lang='lat' dir='ltr'><strong>alterius</strong></span> <span class='ocrx_word' id='word_1_89' title='bbox 1289 740 1456 791; x_wconf 90' lang='lat' dir='ltr'><strong>corporis</strong></span> <span class='ocrx_word' id='word_1_90' title='bbox 1483 740 1541 777; x_wconf 87' lang='lat' dir='ltr'><strong>ius</strong></span> <span class='ocrx_word' id='word_1_91' title='bbox 1569 753 1613 778; x_wconf 91' lang='lat' dir='ltr'><strong>ac</strong></span> <span class='ocrx_word' id='word_1_92' title='bbox 1639 753 1708 791; x_wconf 87' lang='lat' dir='ltr'><strong>po-</strong></span> 
     </span>
     <span class='ocr_line' id='line_1_11' title="bbox 171 801 1709 856; baseline 0.001 -16"><span class='ocrx_word' id='word_1_93' title='bbox 171 805 344 840; x_wconf 85' lang='lat' dir='ltr'><strong>testatem</strong></span> <span class='ocrx_word' id='word_1_94' title='bbox 380 801 530 841; x_wconf 86' lang='lat' dir='ltr'><strong>habere.</strong></span> <span class='ocrx_word' id='word_1_95' title='bbox 583 802 779 840; x_wconf 88' lang='lat' dir='ltr'><strong>Coadunet</strong></span> <span class='ocrx_word' id='word_1_96' title='bbox 809 815 874 839; x_wconf 93' lang='lat' dir='ltr'><strong>vos</strong></span> <span class='ocrx_word' id='word_1_97' title='bbox 901 802 1018 851; x_wconf 88' lang='lat' dir='ltr'><strong>igitur</strong></span> <span class='ocrx_word' id='word_1_98' title='bbox 1044 802 1230 843; x_wconf 86' lang='lat' dir='ltr'><strong>Dominus</strong></span> <span class='ocrx_word' id='word_1_99' title='bbox 1257 804 1297 842; x_wconf 92' lang='lat' dir='ltr'><strong>in</strong></span> <span class='ocrx_word' id='word_1_100' title='bbox 1327 817 1475 843; x_wconf 88' lang='lat' dir='ltr'><strong>carnem</strong></span> <span class='ocrx_word' id='word_1_101' title='bbox 1503 818 1615 842; x_wconf 88' lang='lat' dir='ltr'><strong>unam</strong></span> <span class='ocrx_word' id='word_1_102' title='bbox 1643 817 1709 856; x_wconf 83' lang='lat' dir='ltr'><strong>per</strong></span> 
     </span>
     <span class='ocr_line' id='line_1_12' title="bbox 172 866 1708 916; baseline 0.001 -12"><span class='ocrx_word' id='word_1_103' title='bbox 172 879 322 904; x_wconf 83' lang='lat' dir='ltr'><strong>ornnem</strong></span> <span class='ocrx_word' id='word_1_104' title='bbox 358 866 472 905; x_wconf 87' lang='lat' dir='ltr'><strong>vitam</strong></span> <span class='ocrx_word' id='word_1_105' title='bbox 513 870 688 913; x_wconf 81' lang='lat' dir='ltr'><strong>vestram,</strong></span> <span class='ocrx_word' id='word_1_106' title='bbox 723 866 770 904; x_wconf 89' lang='lat' dir='ltr'><strong>ad</strong></span> <span class='ocrx_word' id='word_1_107' title='bbox 802 866 964 916; x_wconf 84' lang='lat' dir='ltr'><strong>gloriam</strong></span> <span class='ocrx_word' id='word_1_108' title='bbox 1007 868 1065 905; x_wconf 87' lang='lat' dir='ltr'><strong>sui</strong></span> <span class='ocrx_word' id='word_1_109' title='bbox 1093 868 1258 907; x_wconf 87' lang='lat' dir='ltr'><strong>nominis</strong></span> <span class='ocrx_word' id='word_1_110' title='bbox 1285 872 1321 907; x_wconf 89' lang='lat' dir='ltr'><strong>et</strong></span> <span class='ocrx_word' id='word_1_111' title='bbox 1349 873 1509 907; x_wconf 85' lang='lat' dir='ltr'><strong>vestram</strong></span> <span class='ocrx_word' id='word_1_112' title='bbox 1537 868 1708 907; x_wconf 83' lang='lat' dir='ltr'><strong>salutem.</strong></span> 
     </span>
     <span class='ocr_line' id='line_1_13' title="bbox 171 931 336 971; baseline 0.006 -1"><span class='ocrx_word' id='word_1_113' title='bbox 171 931 336 971; x_wconf 82' lang='lat' dir='ltr'><strong>Amen.&#39;&#39;</strong></span> 
     </span>
    </p>
   </div>
   <div class='ocr_carea' id='block_1_3' title="bbox 171 1060 1708 1241">
    <p class='ocr_par' dir='ltr' id='par_1_3' title="bbox 171 1060 1708 1241">
     <span class='ocr_line' id='line_1_14' title="bbox 222 1060 1708 1115; baseline 0.001 -16"><span class='ocrx_word' id='word_1_114' title='bbox 222 1061 357 1100; x_wconf 87' lang='lat' dir='ltr'><strong>Postea</strong></span> <span class='ocrx_word' id='word_1_115' title='bbox 390 1061 528 1100; x_wconf 85' lang='lat' dir='ltr'><strong>invitat</strong></span> <span class='ocrx_word' id='word_1_116' title='bbox 565 1060 739 1100; x_wconf 84' lang='lat' dir='ltr'><strong>Minister</strong></span> <span class='ocrx_word' id='word_1_117' title='bbox 773 1065 891 1100; x_wconf 87' lang='lat' dir='ltr'><strong>totam</strong></span> <span class='ocrx_word' id='word_1_118' title='bbox 929 1062 1136 1101; x_wconf 85' lang='lat' dir='ltr'><strong>Ecclesiam</strong></span> <span class='ocrx_word' id='word_1_119' title='bbox 1164 1063 1211 1101; x_wconf 84' lang='lat' dir='ltr'><strong>ad</strong></span> <span class='ocrx_word' id='word_1_120' title='bbox 1238 1062 1429 1114; x_wconf 87' lang='lat' dir='ltr'><strong>publicam</strong></span> <span class='ocrx_word' id='word_1_121' title='bbox 1457 1063 1708 1115; x_wconf 83' lang='lat' dir='ltr'><strong>precationem</strong></span> 
     </span>
     <span class='ocr_line' id='line_1_15' title="bbox 172 1124 1708 1177; baseline 0.001 -14"><span class='ocrx_word' id='word_1_122' title='bbox 172 1137 239 1176; x_wconf 90' lang='lat' dir='ltr'><strong>pro</strong></span> <span class='ocrx_word' id='word_1_123' title='bbox 269 1138 397 1163; x_wconf 89' lang='lat' dir='ltr'><strong>recens</strong></span> <span class='ocrx_word' id='word_1_124' title='bbox 425 1125 640 1163; x_wconf 87' lang='lat' dir='ltr'><strong>coniunctis</strong></span> <span class='ocrx_word' id='word_1_125' title='bbox 667 1124 743 1162; x_wconf 90' lang='lat' dir='ltr'><strong>illis</strong></span> <span class='ocrx_word' id='word_1_126' title='bbox 773 1125 1014 1176; x_wconf 83' lang='lat' dir='ltr'><strong>coniugibus,</strong></span> <span class='ocrx_word' id='word_1_127' title='bbox 1040 1125 1204 1177; x_wconf 82' lang='lat' dir='ltr'><strong>ipseque,</strong></span> <span class='ocrx_word' id='word_1_128' title='bbox 1230 1126 1499 1177; x_wconf 86' lang='lat' dir='ltr'><strong>procumbente</strong></span> <span class='ocrx_word' id='word_1_129' title='bbox 1524 1126 1564 1164; x_wconf 89' lang='lat' dir='ltr'><strong>in</strong></span> <span class='ocrx_word' id='word_1_130' title='bbox 1587 1139 1708 1176; x_wconf 87' lang='lat' dir='ltr'><strong>genua</strong></span> 
     </span>
     <span class='ocr_line' id='line_1_16' title="bbox 171 1189 1613 1241; baseline 0 -13"><span class='ocrx_word' id='word_1_131' title='bbox 171 1192 285 1241; x_wconf 87' lang='lat' dir='ltr'><strong>atque</strong></span> <span class='ocrx_word' id='word_1_132' title='bbox 311 1189 545 1228; x_wconf 86' lang='lat' dir='ltr'><strong>auscultante</strong></span> <span class='ocrx_word' id='word_1_133' title='bbox 571 1189 757 1235; x_wconf 84' lang='lat' dir='ltr'><strong>Ecclesia,</strong></span> <span class='ocrx_word' id='word_1_134' title='bbox 783 1194 958 1241; x_wconf 79' lang='lat' dir='ltr'><strong>precatur</strong></span> <span class='ocrx_word' id='word_1_135' title='bbox 986 1190 1086 1227; x_wconf 88' lang='lat' dir='ltr'><strong>clara</strong></span> <span class='ocrx_word' id='word_1_136' title='bbox 1114 1203 1205 1228; x_wconf 91' lang='lat' dir='ltr'><strong>voce</strong></span> <span class='ocrx_word' id='word_1_137' title='bbox 1233 1189 1279 1228; x_wconf 90' lang='lat' dir='ltr'><strong>ad</strong></span> <span class='ocrx_word' id='word_1_138' title='bbox 1310 1190 1408 1228; x_wconf 90' lang='lat' dir='ltr'><strong>hunc</strong></span> <span class='ocrx_word' id='word_1_139' title='bbox 1437 1190 1613 1229; x_wconf 80' lang='lat' dir='ltr'><strong>modum:</strong></span> 
     </span>
    </p>
   </div>
   <div class='ocr_carea' id='block_1_4' title="bbox 223 1321 1317 1372">
    <p class='ocr_par' dir='ltr' id='par_1_4' title="bbox 223 1321 1317 1372">
     <span class='ocr_line' id='line_1_17' title="bbox 223 1321 1317 1372; baseline 0.001 -12"><span class='ocrx_word' id='word_1_140' title='bbox 223 1321 452 1362; x_wconf 82' lang='lat' dir='ltr'><strong>Precatio</strong></span> <span class='ocrx_word' id='word_1_141' title='bbox 479 1334 563 1372; x_wconf 91' lang='lat' dir='ltr'><strong>pro</strong></span> <span class='ocrx_word' id='word_1_142' title='bbox 592 1334 763 1360; x_wconf 86' lang='lat' dir='ltr'><strong>recens</strong></span> <span class='ocrx_word' id='word_1_143' title='bbox 790 1321 982 1360; x_wconf 87' lang='lat' dir='ltr'><strong>iunctis</strong></span> <span class='ocrx_word' id='word_1_144' title='bbox 1010 1321 1317 1371; x_wconf 85' lang='lat' dir='ltr'><strong>coniugibus.</strong></span> 
     </span>
    </p>
   </div>
   <div class='ocr_carea' id='block_1_5' title="bbox 167 1450 1707 2857">
    <p class='ocr_par' dir='ltr' id='par_1_5' title="bbox 167 1450 1707 2857">
     <span class='ocr_line' id='line_1_18' title="bbox 225 1450 1707 1502; baseline -0.001 -12"><span class='ocrx_word' id='word_1_145' title='bbox 225 1468 242 1486; x_wconf 76' lang='lat' dir='ltr'><em>n</em></span> <span class='ocrx_word' id='word_1_146' title='bbox 256 1451 507 1502; x_wconf 85' lang='lat' dir='ltr'><strong>Omnipotens</strong></span> <span class='ocrx_word' id='word_1_147' title='bbox 535 1451 748 1490; x_wconf 88' lang='lat' dir='ltr'><strong>misericors</strong></span> <span class='ocrx_word' id='word_1_148' title='bbox 776 1451 891 1497; x_wconf 86' lang='lat' dir='ltr'><strong>Deus,</strong></span> <span class='ocrx_word' id='word_1_149' title='bbox 918 1451 1027 1490; x_wconf 85' lang='lat' dir='ltr'><strong>Pater</strong></span> <span class='ocrx_word' id='word_1_150' title='bbox 1054 1455 1181 1489; x_wconf 87' lang='lat' dir='ltr'><strong>noster</strong></span> <span class='ocrx_word' id='word_1_151' title='bbox 1202 1450 1390 1489; x_wconf 88' lang='lat' dir='ltr'><strong>coelestis!</strong></span> <span class='ocrx_word' id='word_1_152' title='bbox 1410 1450 1476 1502; x_wconf 90' lang='lat' dir='ltr'><strong>qui</strong></span> <span class='ocrx_word' id='word_1_153' title='bbox 1494 1450 1605 1489; x_wconf 88' lang='lat' dir='ltr'><strong>nobis</strong></span> <span class='ocrx_word' id='word_1_154' title='bbox 1625 1450 1707 1489; x_wconf 90' lang='lat' dir='ltr'><strong>vin-</strong></span> 
     </span>
     <span class='ocr_line' id='line_1_19' title="bbox 172 1516 1707 1567; baseline -0.001 -12"><span class='ocrx_word' id='word_1_155' title='bbox 172 1517 294 1555; x_wconf 87' lang='lat' dir='ltr'><strong>culum</strong></span> <span class='ocrx_word' id='word_1_156' title='bbox 333 1516 500 1566; x_wconf 87' lang='lat' dir='ltr'><strong>coniugii</strong></span> <span class='ocrx_word' id='word_1_157' title='bbox 537 1516 667 1555; x_wconf 89' lang='lat' dir='ltr'><strong>multis</strong></span> <span class='ocrx_word' id='word_1_158' title='bbox 703 1517 922 1554; x_wconf 87' lang='lat' dir='ltr'><strong>nominibus</strong></span> <span class='ocrx_word' id='word_1_159' title='bbox 959 1530 1023 1567; x_wconf 89' lang='lat' dir='ltr'><strong>per</strong></span> <span class='ocrx_word' id='word_1_160' title='bbox 1060 1516 1360 1554; x_wconf 87' lang='lat' dir='ltr'><strong>luculentissima</strong></span> <span class='ocrx_word' id='word_1_161' title='bbox 1388 1516 1492 1554; x_wconf 91' lang='lat' dir='ltr'><strong>verbi</strong></span> <span class='ocrx_word' id='word_1_162' title='bbox 1519 1516 1576 1554; x_wconf 91' lang='lat' dir='ltr'><strong>tui</strong></span> <span class='ocrx_word' id='word_1_163' title='bbox 1602 1516 1707 1554; x_wconf 84' lang='lat' dir='ltr'><strong>testi-</strong></span> 
     </span>
     <span class='ocr_line' id='line_1_20' title="bbox 171 1581 1706 1632; baseline -0.001 -12"><span class='ocrx_word' id='word_1_164' title='bbox 171 1582 297 1620; x_wconf 89' lang='lat' dir='ltr'><strong>monia</strong></span> <span class='ocrx_word' id='word_1_165' title='bbox 331 1581 533 1631; x_wconf 86' lang='lat' dir='ltr'><strong>insigniter</strong></span> <span class='ocrx_word' id='word_1_166' title='bbox 566 1581 820 1628; x_wconf 85' lang='lat' dir='ltr'><strong>commendas,</strong></span> <span class='ocrx_word' id='word_1_167' title='bbox 856 1585 892 1619; x_wconf 91' lang='lat' dir='ltr'><strong>et</strong></span> <span class='ocrx_word' id='word_1_168' title='bbox 928 1581 1083 1619; x_wconf 85' lang='lat' dir='ltr'><strong>damnas</strong></span> <span class='ocrx_word' id='word_1_169' title='bbox 1125 1585 1254 1632; x_wconf 87' lang='lat' dir='ltr'><strong>stupra</strong></span> <span class='ocrx_word' id='word_1_170' title='bbox 1281 1593 1326 1618; x_wconf 84' lang='lat' dir='ltr'><strong>ac</strong></span> <span class='ocrx_word' id='word_1_171' title='bbox 1352 1582 1598 1620; x_wconf 89' lang='lat' dir='ltr'><strong>scortationes</strong></span> <span class='ocrx_word' id='word_1_172' title='bbox 1625 1594 1706 1619; x_wconf 90' lang='lat' dir='ltr'><strong>om-</strong></span> 
     </span>
     <span class='ocr_line' id='line_1_21' title="bbox 170 1646 1706 1699; baseline 0 -14"><span class='ocrx_word' id='word_1_173' title='bbox 170 1661 248 1692; x_wconf 85' lang='lat' dir='ltr'><strong>nes,</strong></span> <span class='ocrx_word' id='word_1_174' title='bbox 281 1651 318 1685; x_wconf 88' lang='lat' dir='ltr'><strong>te</strong></span> <span class='ocrx_word' id='word_1_175' title='bbox 354 1647 539 1698; x_wconf 87' lang='lat' dir='ltr'><strong>supplices</strong></span> <span class='ocrx_word' id='word_1_176' title='bbox 567 1649 679 1695; x_wconf 86' lang='grc'>(617)</span> <span class='ocrx_word' id='word_1_177' title='bbox 714 1659 921 1698; x_wconf 88' lang='lat' dir='ltr'><strong>precamur,</strong></span> <span class='ocrx_word' id='word_1_178' title='bbox 958 1651 999 1684; x_wconf 89' lang='lat' dir='ltr'><strong>ut</strong></span> <span class='ocrx_word' id='word_1_179' title='bbox 1037 1646 1215 1695; x_wconf 83' lang='lat' dir='ltr'><strong>coniuges</strong></span> <span class='ocrx_word' id='word_1_180' title='bbox 1249 1646 1344 1684; x_wconf 85' lang='lat' dir='ltr'><strong>istos</strong></span> <span class='ocrx_word' id='word_1_181' title='bbox 1379 1659 1509 1691; x_wconf 87' lang='lat' dir='ltr'><strong>novos,</strong></span> <span class='ocrx_word' id='word_1_182' title='bbox 1546 1660 1610 1699; x_wconf 86' lang='lat' dir='ltr'><strong>per</strong></span> <span class='ocrx_word' id='word_1_183' title='bbox 1637 1660 1706 1686; x_wconf 90' lang='lat' dir='ltr'><strong>no·</strong></span> 
     </span>
     <span class='ocr_line' id='line_1_22' title="bbox 168 1711 1706 1764; baseline 0.001 -14"><span class='ocrx_word' id='word_1_184' title='bbox 168 1717 287 1750; x_wconf 89' lang='lat' dir='ltr'><strong>strum</strong></span> <span class='ocrx_word' id='word_1_185' title='bbox 314 1724 417 1750; x_wconf 90' lang='lat' dir='ltr'><strong>nunc</strong></span> <span class='ocrx_word' id='word_1_186' title='bbox 442 1711 707 1757; x_wconf 89' lang='lat' dir='ltr'><strong>ministerium,</strong></span> <span class='ocrx_word' id='word_1_187' title='bbox 732 1711 773 1749; x_wconf 88' lang='lat' dir='ltr'><strong>in</strong></span> <span class='ocrx_word' id='word_1_188' title='bbox 801 1715 869 1749; x_wconf 90' lang='lat' dir='ltr'><strong>tuo</strong></span> <span class='ocrx_word' id='word_1_189' title='bbox 897 1711 1050 1750; x_wconf 88' lang='lat' dir='ltr'><strong>nomine</strong></span> <span class='ocrx_word' id='word_1_190' title='bbox 1079 1712 1286 1763; x_wconf 85' lang='lat' dir='ltr'><strong>copulatos,</strong></span> <span class='ocrx_word' id='word_1_191' title='bbox 1315 1725 1440 1761; x_wconf 85' lang='lat' dir='ltr'><strong>regere</strong></span> <span class='ocrx_word' id='word_1_192' title='bbox 1463 1712 1553 1750; x_wconf 91' lang='lat' dir='ltr'><strong>velis</strong></span> <span class='ocrx_word' id='word_1_193' title='bbox 1573 1712 1706 1764; x_wconf 88' lang='lat' dir='ltr'><strong>spiritu</strong></span> 
     </span>
     <span class='ocr_line' id='line_1_23' title="bbox 169 1775 1707 1827; baseline 0 -13"><span class='ocrx_word' id='word_1_194' title='bbox 169 1780 300 1814; x_wconf 86' lang='lat' dir='ltr'><strong>sancto</strong></span> <span class='ocrx_word' id='word_1_195' title='bbox 327 1780 406 1820; x_wconf 81' lang='lat' dir='ltr'><strong>tuo,</strong></span> <span class='ocrx_word' id='word_1_196' title='bbox 433 1776 473 1813; x_wconf 92' lang='lat' dir='ltr'><strong>in</strong></span> <span class='ocrx_word' id='word_1_197' title='bbox 503 1775 695 1824; x_wconf 86' lang='lat' dir='ltr'><strong>coniugali</strong></span> <span class='ocrx_word' id='word_1_198' title='bbox 722 1775 792 1812; x_wconf 86' lang='lat' dir='ltr'><strong>hac</strong></span> <span class='ocrx_word' id='word_1_199' title='bbox 821 1776 997 1813; x_wconf 88' lang='lat' dir='ltr'><strong>societate</strong></span> <span class='ocrx_word' id='word_1_200' title='bbox 1026 1775 1204 1826; x_wconf 86' lang='lat' dir='ltr'><strong>ipsorum.</strong></span> <span class='ocrx_word' id='word_1_201' title='bbox 1249 1775 1438 1813; x_wconf 90' lang='lat' dir='ltr'><strong>Connecte</strong></span> <span class='ocrx_word' id='word_1_202' title='bbox 1466 1775 1577 1813; x_wconf 90' lang='lat' dir='ltr'><strong>corda</strong></span> <span class='ocrx_word' id='word_1_203' title='bbox 1604 1776 1707 1827; x_wconf 85' lang='lat' dir='ltr'><strong>ipso-</strong></span> 
     </span>
     <span class='ocr_line' id='line_1_24' title="bbox 169 1839 1707 1880; baseline 0.001 -2"><span class='ocrx_word' id='word_1_204' title='bbox 169 1854 253 1879; x_wconf 90' lang='lat' dir='ltr'><strong>rum</strong></span> <span class='ocrx_word' id='word_1_205' title='bbox 278 1840 440 1878; x_wconf 88' lang='lat' dir='ltr'><strong>invicem</strong></span> <span class='ocrx_word' id='word_1_206' title='bbox 465 1853 591 1877; x_wconf 89' lang='lat' dir='ltr'><strong>amore</strong></span> <span class='ocrx_word' id='word_1_207' title='bbox 617 1839 716 1878; x_wconf 87' lang='lat' dir='ltr'><strong>inter</strong></span> <span class='ocrx_word' id='word_1_208' title='bbox 745 1853 825 1878; x_wconf 89' lang='lat' dir='ltr'><strong>sese</strong></span> <span class='ocrx_word' id='word_1_209' title='bbox 851 1845 981 1878; x_wconf 90' lang='lat' dir='ltr'><strong>mutuo</strong></span> <span class='ocrx_word' id='word_1_210' title='bbox 1009 1844 1045 1879; x_wconf 87' lang='lat' dir='ltr'><strong>et</strong></span> <span class='ocrx_word' id='word_1_211' title='bbox 1072 1845 1137 1878; x_wconf 90' lang='lat' dir='ltr'><strong>tua</strong></span> <span class='ocrx_word' id='word_1_212' title='bbox 1163 1840 1250 1878; x_wconf 91' lang='lat' dir='ltr'><strong>illos</strong></span> <span class='ocrx_word' id='word_1_213' title='bbox 1280 1840 1417 1878; x_wconf 83' lang='lat' dir='ltr'><strong>Divina</strong></span> <span class='ocrx_word' id='word_1_214' title='bbox 1446 1841 1707 1880; x_wconf 88' lang='lat' dir='ltr'><strong>benedictione</strong></span> 
     </span>
     <span class='ocr_line' id='line_1_25' title="bbox 170 1904 1706 1957; baseline 0.001 -14"><span class='ocrx_word' id='word_1_215' title='bbox 170 1904 426 1957; x_wconf 85' lang='lat' dir='ltr'><strong>complectere,</strong></span> <span class='ocrx_word' id='word_1_216' title='bbox 455 1918 566 1956; x_wconf 90' lang='lat' dir='ltr'><strong>quam</strong></span> <span class='ocrx_word' id='word_1_217' title='bbox 593 1904 634 1942; x_wconf 90' lang='lat' dir='ltr'><strong>in</strong></span> <span class='ocrx_word' id='word_1_218' title='bbox 660 1904 831 1956; x_wconf 87' lang='lat' dir='ltr'><strong>patribus</strong></span> <span class='ocrx_word' id='word_1_219' title='bbox 859 1904 1012 1949; x_wconf 86' lang='lat' dir='ltr'><strong>nostris,</strong></span> <span class='ocrx_word' id='word_1_220' title='bbox 1041 1905 1158 1942; x_wconf 88' lang='lat' dir='ltr'><strong>servis</strong></span> <span class='ocrx_word' id='word_1_221' title='bbox 1186 1908 1297 1956; x_wconf 89' lang='lat' dir='ltr'><strong>atque</strong></span> <span class='ocrx_word' id='word_1_222' title='bbox 1325 1905 1455 1942; x_wconf 90' lang='lat' dir='ltr'><strong>amicis</strong></span> <span class='ocrx_word' id='word_1_223' title='bbox 1474 1906 1561 1951; x_wconf 89' lang='lat' dir='ltr'><strong>tuis,</strong></span> <span class='ocrx_word' id='word_1_224' title='bbox 1582 1906 1706 1944; x_wconf 86' lang='lat' dir='ltr'><strong>Abra-</strong></span> 
     </span>
     <span class='ocr_line' id='line_1_26' title="bbox 170 1970 1705 2021; baseline 0.001 -13"><span class='ocrx_word' id='word_1_225' title='bbox 170 1971 229 2015; x_wconf 85' lang='lat' dir='ltr'><strong>ha,</strong></span> <span class='ocrx_word' id='word_1_226' title='bbox 266 1970 398 2009; x_wconf 88' lang='lat' dir='ltr'><strong>Isaaco</strong></span> <span class='ocrx_word' id='word_1_227' title='bbox 436 1977 472 2008; x_wconf 91' lang='lat' dir='ltr'><strong>et</strong></span> <span class='ocrx_word' id='word_1_228' title='bbox 507 1970 662 2015; x_wconf 82' lang='lat' dir='ltr'><strong>Iacobo,</strong></span> <span class='ocrx_word' id='word_1_229' title='bbox 700 1970 983 2021; x_wconf 87' lang='lat' dir='ltr'><strong>opulentissime</strong></span> <span class='ocrx_word' id='word_1_230' title='bbox 1011 1970 1223 2009; x_wconf 87' lang='lat' dir='ltr'><strong>declarasti.</strong></span> <span class='ocrx_word' id='word_1_231' title='bbox 1261 1970 1463 2008; x_wconf 86' lang='lat' dir='ltr'><strong>Foecunda</strong></span> <span class='ocrx_word' id='word_1_232' title='bbox 1491 1984 1568 2017; x_wconf 90' lang='lat' dir='ltr'><strong>eos,</strong></span> <span class='ocrx_word' id='word_1_233' title='bbox 1595 1972 1705 2010; x_wconf 87' lang='lat' dir='ltr'><strong>Pater</strong></span> 
     </span>
     <span class='ocr_line' id='line_1_27' title="bbox 169 2034 1704 2086; baseline 0 -13"><span class='ocrx_word' id='word_1_234' title='bbox 169 2035 513 2085; x_wconf 83' lang='lat' dir='ltr'><strong>indulgentissime!</strong></span> <span class='ocrx_word' id='word_1_235' title='bbox 550 2039 591 2072; x_wconf 86' lang='lat' dir='ltr'><strong>ut</strong></span> <span class='ocrx_word' id='word_1_236' title='bbox 627 2047 666 2072; x_wconf 90' lang='lat' dir='ltr'><strong>re</strong></span> <span class='ocrx_word' id='word_1_237' title='bbox 702 2034 782 2086; x_wconf 87' lang='lat' dir='ltr'><strong>ipsa</strong></span> <span class='ocrx_word' id='word_1_238' title='bbox 819 2035 1062 2086; x_wconf 83' lang='lat' dir='ltr'><strong>comperiant,</strong></span> <span class='ocrx_word' id='word_1_239' title='bbox 1097 2039 1135 2072; x_wconf 85' lang='lat' dir='ltr'><strong>te</strong></span> <span class='ocrx_word' id='word_1_240' title='bbox 1163 2048 1247 2072; x_wconf 86' lang='lat' dir='ltr'><strong>vere</strong></span> <span class='ocrx_word' id='word_1_241' title='bbox 1273 2048 1353 2073; x_wconf 87' lang='lat' dir='ltr'><strong>esse</strong></span> <span class='ocrx_word' id='word_1_242' title='bbox 1379 2040 1416 2073; x_wconf 90' lang='lat' dir='ltr'><strong>et</strong></span> <span class='ocrx_word' id='word_1_243' title='bbox 1443 2048 1551 2073; x_wconf 90' lang='lat' dir='ltr'><strong>suum</strong></span> <span class='ocrx_word' id='word_1_244' title='bbox 1582 2040 1618 2074; x_wconf 89' lang='lat' dir='ltr'><strong>et</strong></span> <span class='ocrx_word' id='word_1_245' title='bbox 1647 2050 1704 2073; x_wconf 89' lang='lat' dir='ltr'><strong>se-</strong></span> 
     </span>
     <span class='ocr_line' id='line_1_28' title="bbox 170 2099 1704 2151; baseline 0.001 -14"><span class='ocrx_word' id='word_1_246' title='bbox 170 2101 279 2138; x_wconf 87' lang='lat' dir='ltr'><strong>minis</strong></span> <span class='ocrx_word' id='word_1_247' title='bbox 323 2100 492 2151; x_wconf 90' lang='lat' dir='ltr'><strong>ipsorum</strong></span> <span class='ocrx_word' id='word_1_248' title='bbox 528 2099 662 2144; x_wconf 71' lang='lat' dir='ltr'><strong>Deum,</strong></span> <span class='ocrx_word' id='word_1_249' title='bbox 700 2102 760 2137; x_wconf 85' lang='lat' dir='ltr'><strong>fac</strong></span> <span class='ocrx_word' id='word_1_250' title='bbox 804 2114 870 2151; x_wconf 90' lang='lat' dir='ltr'><strong>pro</strong></span> <span class='ocrx_word' id='word_1_251' title='bbox 919 2101 1016 2137; x_wconf 90' lang='lat' dir='ltr'><strong>bona</strong></span> <span class='ocrx_word' id='word_1_252' title='bbox 1059 2101 1252 2138; x_wconf 85' lang='lat' dir='ltr'><strong>voluntate</strong></span> <span class='ocrx_word' id='word_1_253' title='bbox 1284 2105 1361 2143; x_wconf 88' lang='lat' dir='ltr'><strong>tua,</strong></span> <span class='ocrx_word' id='word_1_254' title='bbox 1397 2104 1437 2138; x_wconf 91' lang='lat' dir='ltr'><strong>ut</strong></span> <span class='ocrx_word' id='word_1_255' title='bbox 1474 2114 1597 2139; x_wconf 87' lang='lat' dir='ltr'><strong>semen</strong></span> <span class='ocrx_word' id='word_1_256' title='bbox 1634 2101 1704 2139; x_wconf 90' lang='lat' dir='ltr'><strong>tibi</strong></span> 
     </span>
     <span class='ocr_line' id='line_1_29' title="bbox 167 2164 1703 2215; baseline 0 -12"><span class='ocrx_word' id='word_1_257' title='bbox 167 2178 274 2203; x_wconf 89' lang='lat' dir='ltr'><strong>suum</strong></span> <span class='ocrx_word' id='word_1_258' title='bbox 311 2165 494 2203; x_wconf 88' lang='lat' dir='ltr'><strong>suscitent</strong></span> <span class='ocrx_word' id='word_1_259' title='bbox 521 2164 691 2215; x_wconf 90' lang='lat' dir='ltr'><strong>illudque</strong></span> <span class='ocrx_word' id='word_1_260' title='bbox 726 2165 887 2203; x_wconf 84' lang='lat' dir='ltr'><strong>educent</strong></span> <span class='ocrx_word' id='word_1_261' title='bbox 922 2178 966 2203; x_wconf 88' lang='lat' dir='ltr'><strong>ac</strong></span> <span class='ocrx_word' id='word_1_262' title='bbox 995 2165 1198 2203; x_wconf 86' lang='lat' dir='ltr'><strong>instituant</strong></span> <span class='ocrx_word' id='word_1_263' title='bbox 1224 2165 1265 2203; x_wconf 88' lang='lat' dir='ltr'><strong>in</strong></span> <span class='ocrx_word' id='word_1_264' title='bbox 1291 2165 1427 2203; x_wconf 87' lang='lat' dir='ltr'><strong>timore</strong></span> <span class='ocrx_word' id='word_1_265' title='bbox 1452 2168 1518 2204; x_wconf 89' lang='lat' dir='ltr'><strong>tuo</strong></span> <span class='ocrx_word' id='word_1_266' title='bbox 1545 2166 1593 2203; x_wconf 91' lang='lat' dir='ltr'><strong>ad</strong></span> <span class='ocrx_word' id='word_1_267' title='bbox 1619 2166 1703 2215; x_wconf 86' lang='lat' dir='ltr'><strong>glo-</strong></span> 
     </span>
     <span class='ocr_line' id='line_1_30' title="bbox 167 2230 1702 2281; baseline 0.001 -13"><span class='ocrx_word' id='word_1_268' title='bbox 167 2230 261 2268; x_wconf 87' lang='lat' dir='ltr'><strong>riam</strong></span> <span class='ocrx_word' id='word_1_269' title='bbox 296 2231 354 2268; x_wconf 90' lang='lat' dir='ltr'><strong>tui</strong></span> <span class='ocrx_word' id='word_1_270' title='bbox 390 2230 511 2268; x_wconf 90' lang='lat' dir='ltr'><strong>sancti</strong></span> <span class='ocrx_word' id='word_1_271' title='bbox 548 2230 712 2268; x_wconf 89' lang='lat' dir='ltr'><strong>nominis</strong></span> <span class='ocrx_word' id='word_1_272' title='bbox 748 2235 785 2268; x_wconf 90' lang='lat' dir='ltr'><strong>et</strong></span> <span class='ocrx_word' id='word_1_273' title='bbox 819 2235 1079 2268; x_wconf 85' lang='lat' dir='ltr'><strong>ornamentum</strong></span> <span class='ocrx_word' id='word_1_274' title='bbox 1107 2234 1194 2268; x_wconf 90' lang='lat' dir='ltr'><strong>tuae</strong></span> <span class='ocrx_word' id='word_1_275' title='bbox 1223 2230 1425 2276; x_wconf 86' lang='lat' dir='ltr'><strong>Ecclesiae,</strong></span> <span class='ocrx_word' id='word_1_276' title='bbox 1453 2235 1637 2281; x_wconf 86' lang='lat' dir='ltr'><strong>quatenus</strong></span> <span class='ocrx_word' id='word_1_277' title='bbox 1663 2230 1702 2268; x_wconf 92' lang='lat' dir='ltr'><strong>id</strong></span> 
     </span>
     <span class='ocr_line' id='line_1_31' title="bbox 167 2295 1706 2346; baseline 0.001 -14"><span class='ocrx_word' id='word_1_278' title='bbox 167 2295 243 2332; x_wconf 89' lang='lat' dir='ltr'><strong>illis</strong></span> <span class='ocrx_word' id='word_1_279' title='bbox 264 2295 432 2333; x_wconf 53' lang='lat' dir='ltr'><strong>‘salutare</strong></span> <span class='ocrx_word' id='word_1_280' title='bbox 468 2308 547 2333; x_wconf 88' lang='lat' dir='ltr'><strong>esse</strong></span> <span class='ocrx_word' id='word_1_281' title='bbox 571 2296 684 2333; x_wconf 87' lang='lat' dir='ltr'><strong>nosti.</strong></span> <span class='ocrx_word' id='word_1_282' title='bbox 740 2295 924 2333; x_wconf 88' lang='lat' dir='ltr'><strong>Converte</strong></span> <span class='ocrx_word' id='word_1_283' title='bbox 951 2308 1067 2346; x_wconf 88' lang='lat' dir='ltr'><strong>aquas</strong></span> <span class='ocrx_word' id='word_1_284' title='bbox 1095 2308 1224 2333; x_wconf 91' lang='lat' dir='ltr'><strong>omnes</strong></span> <span class='ocrx_word' id='word_1_285' title='bbox 1251 2295 1494 2333; x_wconf 78' lang='lat' dir='ltr'><strong>afflictionum</strong></span> <span class='ocrx_word' id='word_1_286' title='bbox 1523 2295 1706 2340; x_wconf 80' lang='lat' dir='ltr'><strong>omnium,</strong></span> 
     </span>
     <span class='ocr_line' id='line_1_32' title="bbox 169 2359 1702 2411; baseline 0.001 -15"><span class='ocrx_word' id='word_1_287' title='bbox 169 2359 307 2410; x_wconf 89' lang='lat' dir='ltr'><strong>quibus</strong></span> <span class='ocrx_word' id='word_1_288' title='bbox 342 2360 428 2397; x_wconf 89' lang='lat' dir='ltr'><strong>illos</strong></span> <span class='ocrx_word' id='word_1_289' title='bbox 464 2360 690 2411; x_wconf 85' lang='lat' dir='ltr'><strong>quandoque</strong></span> <span class='ocrx_word' id='word_1_290' title='bbox 724 2360 887 2398; x_wconf 86' lang='lat' dir='ltr'><strong>exerceri</strong></span> <span class='ocrx_word' id='word_1_291' title='bbox 924 2360 1038 2405; x_wconf 88' lang='lat' dir='ltr'><strong>voles,</strong></span> <span class='ocrx_word' id='word_1_292' title='bbox 1072 2359 1112 2397; x_wconf 89' lang='lat' dir='ltr'><strong>in</strong></span> <span class='ocrx_word' id='word_1_293' title='bbox 1153 2360 1306 2410; x_wconf 90' lang='lat' dir='ltr'><strong>plenum</strong></span> <span class='ocrx_word' id='word_1_294' title='bbox 1344 2360 1538 2398; x_wconf 88' lang='lat' dir='ltr'><strong>suavitatis</strong></span> <span class='ocrx_word' id='word_1_295' title='bbox 1574 2360 1702 2398; x_wconf 87' lang='lat' dir='ltr'><strong>vinum</strong></span> 
     </span>
     <span class='ocr_line' id='line_1_33' title="bbox 168 2423 1699 2475; baseline 0 -14"><span class='ocrx_word' id='word_1_296' title='bbox 168 2424 263 2461; x_wconf 91' lang='lat' dir='ltr'><strong>illud</strong></span> <span class='ocrx_word' id='word_1_297' title='bbox 298 2428 449 2462; x_wconf 89' lang='lat' dir='ltr'><strong>tuarum</strong></span> <span class='ocrx_word' id='word_1_298' title='bbox 486 2423 792 2475; x_wconf 87' lang='lat' dir='ltr'><strong>promissionum,</strong></span> <span class='ocrx_word' id='word_1_299' title='bbox 832 2428 872 2461; x_wconf 90' lang='lat' dir='ltr'><strong>ut</strong></span> <span class='ocrx_word' id='word_1_300' title='bbox 909 2425 980 2461; x_wconf 86' lang='lat' dir='ltr'><strong>vim</strong></span> <span class='ocrx_word' id='word_1_301' title='bbox 1010 2437 1054 2461; x_wconf 87' lang='lat' dir='ltr'><strong>ac</strong></span> <span class='ocrx_word' id='word_1_302' title='bbox 1082 2426 1193 2472; x_wconf 89' lang='grc'>(618)</span> <span class='ocrx_word' id='word_1_303' title='bbox 1231 2424 1525 2462; x_wconf 85' lang='lat' dir='ltr'><strong>consolationem</strong></span> <span class='ocrx_word' id='word_1_304' title='bbox 1552 2424 1699 2462; x_wconf 83' lang='lat' dir='ltr'><strong>illarum</strong></span> 
     </span>
     <span class='ocr_line' id='line_1_34' title="bbox 169 2487 1702 2538; baseline 0 -13"><span class='ocrx_word' id='word_1_305' title='bbox 169 2487 208 2525; x_wconf 91' lang='lat' dir='ltr'><strong>in</strong></span> <span class='ocrx_word' id='word_1_306' title='bbox 245 2487 348 2524; x_wconf 87' lang='lat' dir='ltr'><strong>omni</strong></span> <span class='ocrx_word' id='word_1_307' title='bbox 392 2500 501 2525; x_wconf 89' lang='lat' dir='ltr'><strong>cruce</strong></span> <span class='ocrx_word' id='word_1_308' title='bbox 547 2500 614 2525; x_wconf 84' lang='lat' dir='ltr'><strong>sua</strong></span> <span class='ocrx_word' id='word_1_309' title='bbox 660 2487 796 2538; x_wconf 87' lang='lat' dir='ltr'><strong>spiritu</strong></span> <span class='ocrx_word' id='word_1_310' title='bbox 840 2493 969 2524; x_wconf 88' lang='lat' dir='ltr'><strong>sancto</strong></span> <span class='ocrx_word' id='word_1_311' title='bbox 1006 2491 1070 2525; x_wconf 91' lang='lat' dir='ltr'><strong>tuo</strong></span> <span class='ocrx_word' id='word_1_312' title='bbox 1106 2493 1237 2525; x_wconf 87' lang='lat' dir='ltr'><strong>autore</strong></span> <span class='ocrx_word' id='word_1_313' title='bbox 1272 2487 1444 2530; x_wconf 86' lang='lat' dir='ltr'><strong>sentiant,</strong></span> <span class='ocrx_word' id='word_1_314' title='bbox 1482 2500 1591 2538; x_wconf 90' lang='lat' dir='ltr'><strong>seque</strong></span> <span class='ocrx_word' id='word_1_315' title='bbox 1625 2487 1702 2526; x_wconf 87' lang='lat' dir='ltr'><strong>illis</strong></span> 
     </span>
     <span class='ocr_line' id='line_1_35' title="bbox 170 2551 1702 2601; baseline -0.001 -11"><span class='ocrx_word' id='word_1_316' title='bbox 170 2556 390 2590; x_wconf 87' lang='lat' dir='ltr'><strong>sustentent.</strong></span> <span class='ocrx_word' id='word_1_317' title='bbox 445 2551 602 2601; x_wconf 85' lang='lat' dir='ltr'><strong>Largire</strong></span> <span class='ocrx_word' id='word_1_318' title='bbox 636 2552 712 2589; x_wconf 90' lang='lat' dir='ltr'><strong>illis</strong></span> <span class='ocrx_word' id='word_1_319' title='bbox 748 2551 908 2601; x_wconf 85' lang='lat' dir='ltr'><strong>gratiam</strong></span> <span class='ocrx_word' id='word_1_320' title='bbox 943 2556 1059 2597; x_wconf 88' lang='lat' dir='ltr'><strong>tuam,</strong></span> <span class='ocrx_word' id='word_1_321' title='bbox 1092 2556 1133 2590; x_wconf 90' lang='lat' dir='ltr'><strong>ut</strong></span> <span class='ocrx_word' id='word_1_322' title='bbox 1161 2552 1201 2590; x_wconf 90' lang='lat' dir='ltr'><strong>in</strong></span> <span class='ocrx_word' id='word_1_323' title='bbox 1230 2556 1360 2589; x_wconf 89' lang='lat' dir='ltr'><strong>sancta</strong></span> <span class='ocrx_word' id='word_1_324' title='bbox 1387 2551 1457 2588; x_wconf 86' lang='lat' dir='ltr'><strong>hac</strong></span> <span class='ocrx_word' id='word_1_325' title='bbox 1483 2564 1503 2588; x_wconf 89' lang='lat' dir='ltr'><strong>a</strong></span> <span class='ocrx_word' id='word_1_326' title='bbox 1530 2554 1567 2589; x_wconf 89' lang='lat' dir='ltr'><strong>te</strong></span> <span class='ocrx_word' id='word_1_327' title='bbox 1593 2551 1702 2589; x_wconf 86' lang='lat' dir='ltr'><strong>insti-</strong></span> 
     </span>
     <span class='ocr_line' id='line_1_36' title="bbox 168 2615 1703 2666; baseline -0.001 -11"><span class='ocrx_word' id='word_1_328' title='bbox 168 2621 249 2655; x_wconf 90' lang='lat' dir='ltr'><strong>tuta</strong></span> <span class='ocrx_word' id='word_1_329' title='bbox 292 2616 483 2665; x_wconf 86' lang='lat' dir='ltr'><strong>coniugali</strong></span> <span class='ocrx_word' id='word_1_330' title='bbox 520 2616 697 2654; x_wconf 87' lang='lat' dir='ltr'><strong>societate</strong></span> <span class='ocrx_word' id='word_1_331' title='bbox 741 2616 845 2653; x_wconf 80' lang='lat' dir='ltr'><strong>iuxta</strong></span> <span class='ocrx_word' id='word_1_332' title='bbox 888 2620 991 2653; x_wconf 86' lang='lat' dir='ltr'><strong>tuam</strong></span> <span class='ocrx_word' id='word_1_333' title='bbox 1038 2616 1269 2653; x_wconf 84' lang='lat' dir='ltr'><strong>voluntatem</strong></span> <span class='ocrx_word' id='word_1_334' title='bbox 1312 2615 1370 2666; x_wconf 86' lang='lat' dir='ltr'><strong>pie</strong></span> <span class='ocrx_word' id='word_1_335' title='bbox 1405 2618 1440 2652; x_wconf 89' lang='lat' dir='ltr'><strong>et</strong></span> <span class='ocrx_word' id='word_1_336' title='bbox 1477 2615 1703 2653; x_wconf 88' lang='lat' dir='ltr'><strong>unanimiter</strong></span> 
     </span>
     <span class='ocr_line' id='line_1_37' title="bbox 169 2678 1700 2731; baseline 0 -13"><span class='ocrx_word' id='word_1_337' title='bbox 169 2680 330 2718; x_wconf 85' lang='lat' dir='ltr'><strong>invicem</strong></span> <span class='ocrx_word' id='word_1_338' title='bbox 366 2679 489 2718; x_wconf 89' lang='lat' dir='ltr'><strong>vivere</strong></span> <span class='ocrx_word' id='word_1_339' title='bbox 526 2693 597 2718; x_wconf 89' lang='lat' dir='ltr'><strong>una</strong></span> <span class='ocrx_word' id='word_1_340' title='bbox 634 2679 848 2724; x_wconf 90' lang='lat' dir='ltr'><strong>nobiscum,</strong></span> <span class='ocrx_word' id='word_1_341' title='bbox 882 2684 919 2717; x_wconf 88' lang='lat' dir='ltr'><strong>et</strong></span> <span class='ocrx_word' id='word_1_342' title='bbox 954 2679 1001 2716; x_wconf 87' lang='lat' dir='ltr'><strong>ad</strong></span> <span class='ocrx_word' id='word_1_343' title='bbox 1030 2680 1224 2718; x_wconf 88' lang='lat' dir='ltr'><strong>coelestem</strong></span> <span class='ocrx_word' id='word_1_344' title='bbox 1256 2679 1403 2717; x_wconf 91' lang='lat' dir='ltr'><strong>demum</strong></span> <span class='ocrx_word' id='word_1_345' title='bbox 1430 2678 1588 2728; x_wconf 87' lang='lat' dir='ltr'><strong>gloriam</strong></span> <span class='ocrx_word' id='word_1_346' title='bbox 1617 2693 1700 2731; x_wconf 87' lang='lat' dir='ltr'><strong>per-</strong></span> 
     </span>
     <span class='ocr_line' id='line_1_38' title="bbox 170 2740 1699 2795; baseline 0.001 -13"><span class='ocrx_word' id='word_1_347' title='bbox 170 2745 295 2783; x_wconf 87' lang='lat' dir='ltr'><strong>venire</strong></span> <span class='ocrx_word' id='word_1_348' title='bbox 320 2744 480 2795; x_wconf 87' lang='lat' dir='ltr'><strong>possint,</strong></span> <span class='ocrx_word' id='word_1_349' title='bbox 506 2744 637 2782; x_wconf 84' lang='lat' dir='ltr'><strong>merito</strong></span> <span class='ocrx_word' id='word_1_350' title='bbox 665 2749 701 2782; x_wconf 90' lang='lat' dir='ltr'><strong>et</strong></span> <span class='ocrx_word' id='word_1_351' title='bbox 728 2743 908 2782; x_wconf 90' lang='lat' dir='ltr'><strong>beneficio</strong></span> <span class='ocrx_word' id='word_1_352' title='bbox 938 2743 1065 2782; x_wconf 87' lang='lat' dir='ltr'><strong>dilecti</strong></span> <span class='ocrx_word' id='word_1_353' title='bbox 1092 2745 1149 2782; x_wconf 91' lang='lat' dir='ltr'><strong>tui</strong></span> <span class='ocrx_word' id='word_1_354' title='bbox 1175 2744 1258 2789; x_wconf 83' lang='lat' dir='ltr'><strong>filii,</strong></span> <span class='ocrx_word' id='word_1_355' title='bbox 1285 2740 1438 2782; x_wconf 76' lang='lat' dir='ltr'><strong>Domini</strong></span> <span class='ocrx_word' id='word_1_356' title='bbox 1466 2744 1586 2782; x_wconf 87' lang='lat' dir='ltr'><strong>nostri</strong></span> <span class='ocrx_word' id='word_1_357' title='bbox 1613 2744 1699 2783; x_wconf 90' lang='lat' dir='ltr'><strong>Iesu</strong></span> 
     </span>
     <span class='ocr_line' id='line_1_39' title="bbox 171 2804 1098 2857; baseline -0.001 -8"><span class='ocrx_word' id='word_1_358' title='bbox 171 2809 324 2857; x_wconf 88' lang='lat' dir='ltr'><strong>Christi,</strong></span> <span class='ocrx_word' id='word_1_359' title='bbox 349 2814 472 2848; x_wconf 88' lang='lat' dir='ltr'><strong>tecum</strong></span> <span class='ocrx_word' id='word_1_360' title='bbox 499 2808 538 2847; x_wconf 89' lang='lat' dir='ltr'><strong>in</strong></span> <span class='ocrx_word' id='word_1_361' title='bbox 566 2809 688 2848; x_wconf 87' lang='lat' dir='ltr'><strong>secula</strong></span> <span class='ocrx_word' id='word_1_362' title='bbox 716 2808 906 2848; x_wconf 85' lang='lat' dir='ltr'><strong>laudandi.</strong></span> <span class='ocrx_word' id='word_1_363' title='bbox 936 2804 1098 2848; x_wconf 76' lang='lat' dir='ltr'><strong>Amen&#39;.&#39;&#39;</strong></span> 
     </span>
    </p>
   </div>
  </div>
 </body>
</html>
