1830 3147
182 101 257 136 254

179 221 416 247 communem
451 222 542 254 esse,
577 212 836 261 praeterquam
875 211 906 248 si
934 211 996 262 qui
1025 214 1170 250 tantum
1199 212 1315 263 ipsius
1344 212 1566 250 beneficium
1595 212 1710 251 desti·

179 278 266 312 nata
302 287 345 311 ac
381 274 513 311 rebelli
547 287 701 325 prorsus
728 276 919 326 impietate
946 289 1011 312 sua
1040 276 1197 314 scientes
1225 289 1269 314 ac
1303 276 1470 314 volentes
1497 290 1518 314 a
1546 290 1584 315 se
1619 277 1708 315 reii-

180 339 279 377 ciant
307 352 350 377 ac
376 339 600 390 propellant,
626 345 775 377 ruentes
803 340 944 390 alioqui
974 341 1011 378 in
1039 353 1151 378 omne
1179 342 1356 379 scelerum
1384 347 1503 390 genus
1524 341 1564 382 ἐν
1585 353 1708 383 πλεο-

179 404 304 456 νεξίᾳ,
339 407 375 441 et
411 403 556 441 abiecto
592 404 703 455 plane
739 405 842 442 omni
879 408 980 442 metu
1007 417 1050 442 ac
1079 418 1189 443 sensu
1215 405 1346 443 iudicii
1388 405 1506 443 divini
1531 406 1708 443 adversus

176 470 289 507 talem
318 468 574 514 defectionem,
602 469 915 519 quemadmodum
944 469 1082 506 Paulus
1111 469 1232 508 docet.
1271 470 1471 508 Quatenus
1496 470 1612 519 igitur
1630 483 1706 508 non

177 537 298 584 potest
335 545 410 570 uon
446 546 525 570 esse
561 532 640 570 Deo
675 533 946 582 gratissimum,
981 533 1031 570 ita
1069 533 1284 572 hominibus
1320 534 1566 581 innotescere,
1600 538 1642 572 ut
1671 547 1709 571 se

178 599 288 636 nobis
323 597 402 648 ipse
436 597 476 635 in
515 598 628 635 verbo
664 611 731 635 suo
768 597 956 648 patefecit,
992 597 1171 635 hactenus
1209 603 1306 636 certe
1332 599 1463 647 negari
1491 598 1602 636 etiam
1630 611 1707 636 non

177 667 311 713 potest,
347 666 454 699 tanto
489 662 546 698 illi
582 675 662 699 esse
699 662 842 711 gratius
872 662 1153 700 matrimonium
1180 676 1268 713 prae
1293 663 1377 700 aliis
1405 663 1582 700 omnibus
1613 663 1709 700 vitae

178 727 239 764 hic
274 731 424 765 nostrae
459 727 674 776 generibus,
710 731 850 777 quanto
888 726 997 764 nobis
1034 740 1098 778 per
1125 727 1218 765 illud
1246 728 1522 777 significantius
1564 741 1706 766 summa

177 792 255 837 illa,
283 804 377 841 quae
406 791 674 834 recensuimus,
703 791 853 828 divinae
881 791 1110 840 cognitionis
1138 792 1314 842 mysteria
1343 792 1614 829 adumbrantur
1642 805 1706 829 ex·

176 856 389 906 primuntur
417 859 452 893 et
481 854 803 894 commendantur.

228 925 263 959 2.
319 921 408 958 Non
453 934 533 958 esse
568 921 685 957 ullum
724 921 763 958 in
800 921 908 958 terris
949 921 1048 958 vitae
1081 934 1200 971 genus
1236 921 1388 959 homine
1432 922 1513 972 ipso
1555 922 1706 972 dignius

178 986 420 1024 matrimonio
459 985 590 1022 iisdem
628 986 720 1036 ipsis
764 986 975 1023 rationibus
1017 986 1182 1033 docetur,
1218 987 1356 1037 quibus
1391 986 1486 1024 illud
1523 987 1602 1024 Deo
1637 987 1708 1037 ipsi

176 1051 343 1089 omnium
370 1051 625 1101 gratissimum
653 1063 733 1088 esse
761 1050 991 1090 dicebamus.
1020 1051 1171 1089 Quibus
1199 1051 1298 1089 enim
1327 1052 1538 1089 rationibus
1565 1052 1707 1103 aliquid

176 1116 255 1155 Deo
292 1116 548 1166 gratissimum
585 1128 664 1153 esse
701 1116 740 1153 in
778 1117 853 1153 vita
890 1116 1052 1154 hominis
1095 1120 1254 1161 constat,
1282 1117 1414 1154 iisdem
1443 1118 1553 1165 (584)
1581 1117 1710 1168 utique

175 1182 284 1219 etiam
324 1187 360 1218 et
398 1181 548 1218 homine
581 1181 663 1231 ipso
705 1180 967 1229 dignissimum
1004 1194 1084 1219 esse
1112 1195 1247 1230 negare
1275 1195 1350 1219 non
1378 1186 1512 1233 potest,
1539 1182 1708 1232 quisquis

178 1251 344 1284 nostram
381 1246 600 1295 dignitatem
639 1259 658 1283 e
697 1245 845 1283 divinae
881 1245 1077 1296 dignitatis
1114 1246 1346 1297 reputatione
1374 1247 1569 1284 aestimare
1597 1248 1708 1286 volet.

174 1312 230 1349 Ut
265 1311 364 1349 enim
400 1310 479 1348 Deo
515 1310 609 1347 nihil
645 1323 725 1348 esse
759 1315 884 1361 potest
919 1315 1081 1360 gratum,
1117 1311 1191 1349 nisi
1226 1311 1324 1349 idem
1364 1311 1411 1349 sit
1438 1312 1520 1363 ipso
1549 1311 1707 1361 dignum

174 1377 299 1422 etiam,
325 1376 378 1413 ita
406 1388 480 1426 quo
509 1375 567 1412 illi
594 1375 739 1424 gratius
767 1375 909 1426 aliquid
938 1389 1018 1413 esse
1046 1377 1303 1425 cognovimus,
1331 1376 1430 1413 idem
1451 1389 1539 1414 sane
1556 1377 1707 1426 dignius

176 1454 324 1492 quoque
357 1440 440 1491 ipso
478 1452 520 1477 ac
554 1439 712 1490 proinde
738 1440 849 1477 nobis
878 1441 988 1478 etiam
1017 1441 1191 1478 omnibus
1219 1455 1310 1485 esse,
1346 1445 1506 1479 statuere
1538 1444 1708 1493 profecto

177 1505 364 1543 debemus.
393 1504 462 1541 Est
491 1504 668 1541 nimirum
698 1517 738 1541 ea
768 1517 911 1541 summa
938 1505 1115 1554 imaginis
1145 1505 1323 1556 cuiusque
1350 1506 1431 1543 laus
1460 1519 1502 1543 ac
1530 1507 1708 1556 dignitas,

178 1575 219 1608 ut
247 1570 293 1607 ad
323 1582 428 1607 suurn
458 1569 699 1619 archetypum
729 1582 840 1620 quam
868 1571 1038 1620 proxime
1074 1571 1224 1608 accedat
1259 1571 1456 1622 ipsumque
1491 1572 1707 1621 significan-

175 1635 318 1672 tissime
354 1634 538 1685 exprimat
573 1647 615 1670 ac
652 1638 914 1684 repraesentet.
970 1634 1042 1672 Sed
1077 1638 1204 1672 tamen
1233 1635 1263 1672 si
1291 1636 1349 1673 vel
1377 1636 1561 1685 originem
1600 1650 1706 1687 prae-

174 1705 274 1738 terea
319 1699 435 1750 ipsam
483 1700 641 1736 finemve
684 1702 748 1736 aut
786 1704 1002 1737 ornamenta
1040 1700 1268 1737 matrimonii
1305 1700 1407 1738 iuxta
1446 1701 1599 1739 verbum
1637 1702 1706 1739 Dei

176 1764 466 1807 consideremus,
500 1764 646 1801 nullum
682 1764 838 1801 omnino
875 1764 971 1801 vitae
1009 1764 1068 1800 hic
1104 1778 1221 1813 genus
1250 1765 1401 1802 homine
1435 1765 1518 1816 ipso
1555 1765 1705 1815 dignius

175 1842 254 1866 esse
282 1827 562 1878 comperiemus.
618 1826 807 1877 Quodque
834 1827 880 1864 ad
909 1827 1092 1876 originem
1119 1828 1281 1878 primum
1308 1828 1540 1866 matrimonii
1561 1829 1710 1874 attinet,

177 1906 260 1931 cum
297 1906 373 1930 non
402 1892 449 1930 sit
478 1892 646 1937 dubium,
673 1896 845 1929 naturam
875 1896 1041 1929 nostram
1071 1896 1158 1929 ante
1185 1897 1375 1942 peccatum
1405 1892 1442 1929 in
1482 1907 1547 1930 sua
1585 1894 1706 1931 adhuc

176 1957 393 2007 integritate
419 1956 539 2005 magis
574 1957 760 2006 placuisse
795 1955 888 2001 Deo,
916 1969 1026 2006 quam
1055 1969 1155 1994 nunc
1183 1956 1325 2006 placeat
1352 1956 1389 1993 in
1419 1957 1561 2007 peccati
1587 1959 1707 1995 nostri

177 2022 400 2072 corruptela,
420 2024 601 2071 quantum
620 2020 660 2057 in
682 2019 790 2057 nobis
812 2020 959 2070 quidem
980 2024 1048 2065 est,
1065 2042 1116 2048 —
1136 2025 1244 2065 certe,
1265 2020 1574 2070 quemadmodum
1597 2021 1706 2059 nobis

176 2087 302 2124 locum
336 2089 430 2124 tunc
458 2085 628 2122 omnium
657 2085 1080 2123 honorificentissimum
1109 2085 1284 2136 omnique
1322 2086 1536 2124 deliciarum
1573 2101 1708 2135 genere

175 2153 384 2190 affluentem
423 2151 460 2187 in
487 2150 598 2188 terris
626 2150 852 2199 designarat,
882 2163 962 2188 cum
993 2164 1068 2201 quo
1096 2151 1222 2188 nullus
1250 2151 1345 2188 alius
1376 2153 1538 2189 conferri
1564 2153 1604 2190 in
1632 2156 1706 2190 ter-

175 2218 225 2255 ris
252 2220 385 2268 potest,
410 2217 521 2263 (585)
547 2215 599 2252 ita
627 2219 662 2253 et
690 2215 786 2253 vitae
812 2229 941 2265 genus,
969 2215 1068 2266 quod
1095 2220 1175 2253 tum
1204 2215 1305 2253 Deus
1336 2216 1479 2253 homini
1499 2217 1705 2268 praescrip·

176 2282 236 2327 sit,
260 2282 335 2319 tale
362 2281 478 2317 fuisse
505 2283 652 2330 oportet
679 2282 829 2330 (nempe
857 2280 1137 2317 matrimonium
1164 2280 1318 2330 ipsum),
1344 2285 1386 2318 ut
1415 2294 1496 2318 cum
1525 2282 1591 2319 illo
1620 2282 1707 2320 nul-

128 2352 135 2361 *
176 2346 254 2383 lum
282 2345 383 2382 aliud
412 2344 568 2382 omnino
598 2344 807 2394 comparari
833 2344 912 2381 ullo
940 2344 1053 2381 modo
1080 2345 1213 2394 possit.

229 2413 279 2447 At
308 2423 392 2447 vero
422 2414 477 2446 est
503 2409 612 2446 etiam
642 2413 678 2446 et
707 2408 933 2458 virginitatis
961 2413 996 2446 et
1025 2409 1146 2446 omnis
1174 2409 1357 2447 eiusmodi
1371 2409 1580 2448 coelibatus
1596 2414 1705 2448 autor

177 2474 289 2520 Deus,
316 2474 380 2524 qui
407 2478 557 2524 propter
583 2487 736 2522 regnum
768 2473 837 2510 Dei
866 2473 944 2511 sine
972 2474 1118 2511 ustione
1146 2474 1378 2519 observatur,
1406 2478 1440 2512 et
1470 2474 1581 2511 habet
1617 2475 1703 2512 talis

175 2539 252 2577 sive
279 2537 473 2586 virginitas
502 2537 578 2574 sive
599 2537 802 2574 coelibatus
822 2537 971 2574 laudem
993 2551 1093 2575 suam
1115 2551 1157 2575 ac
1179 2538 1398 2587 dignitatem
1419 2541 1494 2575 non
1515 2539 1703 2587 vulgarem

174 2604 214 2642 in
242 2601 437 2652 scripturis
473 2615 696 2652 expressam,
732 2602 793 2639 sed
823 2615 917 2652 quae
946 2615 1028 2639 cum
1055 2602 1165 2640 laude
1193 2615 1234 2639 ac
1263 2602 1445 2651 dignitate
1474 2603 1704 2640 matrimonii

176 2667 338 2705 confelri
366 2666 652 2717 haudquaquam
673 2666 805 2717 possit.
835 2666 1031 2716 Quidquid
1051 2667 1150 2704 enim
1168 2667 1290 2704 lindis
1309 2680 1352 2704 ac
1373 2666 1570 2715 dignitatis
1591 2667 1705 2705 habet

174 2743 417 2784 quaecunque
453 2730 603 2767 tandem
639 2730 891 2768 continentiae
927 2730 1153 2776 obselvatio,
1189 2745 1267 2769 eam
1306 2727 1394 2768 saiie
1437 2744 1512 2769 non
1553 2732 1704 2769 aliunde

174 2809 285 2847 quam
313 2807 358 2832 ex
383 2797 535 2844 peccato
562 2800 713 2844 propter
741 2797 896 2831 naturae
923 2798 1072 2831 nostrae
1100 2794 1346 2845 corruptelam
1378 2794 1502 2832 habet.
1548 2795 1702 2845 Alioqui

174 2871 293 2912 neque
313 2856 508 2906 virginitas
527 2856 621 2907 ipsa,
640 2870 757 2907 neque
776 2857 894 2894 ullum
906 2856 1060 2894 omniuo
1073 2862 1170 2895 casn
1174 2857 1311 2895 ationis
1324 2857 1574 2906 Euangelicae
1583 2871 1701 2907 genus
