1830 3147
331 89 403 124 306
841 95 954 124 CONF.
983 97 1091 125 acon.
1122 96 1237 124 LoND.

50 219 160 250 Roma.
186 218 235 251 13·
333 200 406 237 Sed
435 199 571 237 clarius
599 199 637 236 id
665 199 783 236 multo
812 203 1015 249 utcumque
1043 201 1128 248 (11)
1157 199 1332 251 Apostoli
1361 199 1507 246 docent,
1535 199 1619 237 dum
1651 200 1746 238 alios

52 261 152 333 {PFO-
178 261 216 324 15
334 265 455 313 Reges
483 276 611 301 omnes
639 263 687 300 ad
713 263 836 313 Regni
864 263 1005 300 Christi
1032 263 1281 302 ministerium
1307 263 1461 314 eiusque
1490 264 1697 302 custodiam
1724 277 1745 301 a

52 314 227 377 Μῖἕῗςρξ
334 328 414 366 Deo
450 327 616 365 ordinari
654 327 796 370 dicunt.
833 331 868 365 et
906 327 1098 365 Christum
1135 327 1339 366 Dominum
1378 341 1497 379 usque
1533 328 1579 365 ad
1609 328 1745 366 saeculi

336 391 696 430 consummationem
738 391 929 429 Ecclesiae
966 391 1028 428 hic
1065 405 1163 436 suae,
1200 406 1294 444 quae
1330 396 1386 430 est
1420 405 1579 441 regnum
1615 392 1746 443 ipsius,

336 456 555 495 adfuturum
582 470 726 508 semper
751 470 831 494 esse
857 459 1053 495 testantur.
1092 456 1422 495 Quemadmodum
1438 456 1555 506 igitur
1573 457 1747 506 Regnum

338 521 481 558 Christi
515 525 570 559 est
607 534 793 559 summum
831 520 1000 559 omnium
1037 525 1149 572 atque
1186 525 1391 566 aeternum,
1419 521 1523 559 iuxta
1551 521 1747 570 Angelica,

335 585 558 636 Prophetica
585 589 695 636 atque
724 585 943 636 Apostolica
971 585 1201 630 testimonia,
1219 586 1272 624 ita
1292 589 1327 624 et
1348 586 1534 623 Dominus
1551 585 1657 623 Iesus
1677 585 1745 622 sub

337 650 479 688 Christi
514 650 667 687 nomine
703 654 758 687 est
796 663 962 687 summus
1000 654 1113 701 atque
1139 654 1311 688 aeternus
1340 651 1419 688 Rex
1448 649 1637 687 Ecclesiae
1666 649 1748 691 Dei,

336 714 397 751 cui
432 727 575 764 semper
607 713 751 764 alioqui
786 713 903 761 adest,
938 717 980 752 ut
1015 714 1120 751 ill'am
1154 717 1259 763 regat
1296 718 1332 751 et
1367 717 1527 759 tueatur,
1553 726 1672 763 usque
1700 713 1747 750 ad

336 779 474 817 saeculi
503 779 880 817 consummationem.
910 779 1005 817 Cum
1031 779 1148 828 igitur
1176 779 1360 817 Dominus
1388 779 1494 817 Iesus
1515 779 1583 817 sub
1605 778 1748 815 Christi

334 844 456 890 titulo,
484 844 532 881 sit
561 857 739 888 summus,
766 847 939 881 aeternus
968 857 1012 881 ac
1040 857 1184 894 semper
1212 844 1293 881 Rex
1320 843 1513 881 Ecclesiae
1542 843 1623 883 Dei.
1647 844 1748 891 leges

335 922 423 946 sane
459 908 560 946 illius
589 921 719 946 omnes
746 912 917 946 aeternae
945 909 1056 946 nobis
1084 909 1124 946 in
1153 909 1228 946 vita
1258 909 1327 946 hac
1354 913 1466 960 atque
1493 907 1748 946 immutabiles

335 986 414 1011 esse
448 973 598 1017 debent,
632 976 676 1010 ut
710 986 771 1011 eas
807 986 886 1011 non
923 973 1032 1011 aliter
1060 987 1169 1024 quam
1201 977 1288 1011 sunt
1316 974 1414 1012 latae
1443 986 1553 1024 supra
1580 971 1747 1010 omnium

336 1037 532 1076 hominum
567 1039 668 1087 leges
705 1051 749 1075 ac
775 1037 997 1076 traditiones
1026 1042 1205 1089 perpetuo
1234 1038 1488 1083 observemus,
1516 1051 1635 1088 neque
1662 1037 1747 1074 illos

336 1103 603 1153 quoquomodo
640 1103 850 1149 audiamus,
887 1102 951 1154 qui
979 1106 1044 1140 aut
1072 1115 1209 1140 novam
1238 1103 1349 1140 aliam
1379 1103 1504 1140 nescio
1533 1115 1644 1154 quam
1673 1101 1746 1138 Ee-

336 1170 468 1207 clesiae
513 1170 553 1207 in
597 1170 707 1207 terris
743 1173 941 1220 expectant
975 1169 1265 1214 restitutionem,
1303 1183 1398 1220 quae
1436 1169 1541 1207 datas
1579 1169 1690 1206 nobis
1727 1181 1748 1205 a

336 1234 487 1272 Christo
524 1238 652 1272 nostro
680 1234 782 1284 leges
811 1247 955 1272 cessare
982 1233 1109 1278 faciat,
1138 1238 1202 1271 aut
1231 1247 1268 1271 se
1297 1234 1419 1283 Regni
1456 1234 1497 1271 in
1524 1234 1656 1282 Regno
1687 1232 1749 1270 hic

336 1313 403 1337 suo
437 1300 611 1344 vicarios,
646 1300 755 1350 quasi
788 1300 851 1336 1116
888 1299 1000 1336 nobis
1037 1313 1212 1350 praesens
1250 1312 1328 1336 non
1357 1299 1456 1337 adsit
1485 1312 1642 1350 semper,
1670 1311 1748 1336 esse

334 1366 496 1414 fingunt,
522 1368 587 1402 aut
614 1364 691 1402 suis
718 1363 866 1413 legibus
897 1377 959 1401 seu
988 1363 1146 1401 decretis
1174 1376 1314 1413 parem,
1343 1377 1389 1401 no
1418 1363 1540 1401 dicam
1555 1363 1748 1406 maiorem,

335 1443 447 1481 quam
484 1429 626 1467 Christi
660 1430 806 1478 legibus
843 1429 1086 1467 autoritatem
1121 1428 1285 1466 tribuere
1325 1433 1523 1466 conantur.
1580 1428 1680 1466 Nam
1710 1428 1749 1465 hi

334 1508 373 1532 rc
400 1494 480 1546 ipsa
507 1498 659 1544 negant,
687 1494 813 1532 Iesum
840 1494 962 1538 illum,
992 1492 1133 1530 Mariae
1162 1492 1430 1541 virgi-(12)nis
1457 1493 1589 1530 matris
1617 1493 1749 1534 filium.

335 1573 413 1598 esse
451 1560 642 1597 Christum
671 1559 711 1597 in
740 1558 877 1596 summi
905 1563 1017 1609 atque
1045 1558 1186 1595 aeterni
1213 1562 1249 1595 et
1278 1558 1336 1595 cui
1366 1571 1509 1609 semper
1535 1558 1647 1605 adsit,
1673 1558 1748 1596 Re-

335 1625 401 1674 gni
438 1625 494 1662 sui
522 1625 561 1662 in
588 1624 659 1662 Dei
687 1624 857 1662 Ecclesia
886 1623 1199 1660 consideratione.
1229 1623 1289 1660 Ab
1317 1623 1399 1660 istis
1428 1623 1544 1672 igitur
1573 1623 1748 1660 omnibus

335 1702 405 1728 nos
433 1690 596 1740 separari
624 1692 784 1740 oportet,
811 1692 853 1726 ut
881 1701 954 1725 una
984 1701 1066 1725 cum
1096 1688 1267 1736 Angelis,
1295 1687 1491 1738 Prophetis
1520 1691 1555 1725 et
1583 1690 1749 1739 Aposto-

334 1755 381 1792 lis
418 1767 501 1792 vere
537 1758 573 1791 et
608 1767 654 1791 ex
687 1753 812 1791 animo
842 1752 1048 1797 credamus,
1075 1752 1198 1789 Iesum
1230 1752 1349 1795 illum,
1378 1765 1422 1789 ex
1452 1751 1597 1800 virgine
1630 1756 1749 1789 matre

335 1819 474 1856 Divino
504 1818 685 1856 beneficio
715 1821 939 1868 conceptum
967 1820 1002 1854 et
1031 1821 1172 1861 natum,
1201 1829 1279 1853 sese
1309 1829 1392 1853 vere
1421 1816 1626 1863 Christum,
1647 1816 1746 1867 quod

336 1884 469 1921 attinet
497 1883 544 1920 ad
571 1882 688 1934 ipsius
715 1883 755 1920 in
783 1882 916 1931 Regno
947 1881 1007 1918 1116
1036 1894 1116 1925 suo,
1144 1881 1242 1932 quod
1272 1884 1327 1918 est
1350 1880 1423 1918 Dei
1444 1881 1624 1927 Ecclesia,
1645 1895 1747 1918 sum-

337 1961 398 1985 mo
435 1948 576 1998 alioqui
612 1951 724 1998 atque
759 1951 923 1991 aeterno,
959 1951 995 1983 et
1025 1946 1084 1983 cni
1112 1945 1190 1997 ipse
1221 1958 1364 1996 semper
1391 1945 1501 1991 adsit,
1531 1945 1746 1983 considera-

336 2013 491 2051 tionem.

54 2482 200 2512 Christus
245 2493 314 2523 pm,
386 2461 625 2512 Prophetiam
665 2459 805 2497 Christi
834 2460 958 2505 huius,
986 2460 1050 2510 qni
1078 2459 1175 2496 idem
1204 2463 1240 2495 et
1270 2459 1387 2496 Iesus.
1417 2458 1487 2495 hoc
1514 2460 1581 2503 est,
1604 2457 1743 2495 doctri-

53 2524 158 2564 pheta,
248 2525 312 2555 sive
336 2540 405 2564 nac
432 2527 549 2577 ipsius
577 2525 827 2570 autoritatem,
855 2528 891 2561 et
917 2524 1042 2571 angeli
1071 2523 1180 2560 nobis
1210 2528 1246 2559 et
1273 2522 1480 2572 Prophetae
1508 2524 1543 2558 et
1570 2522 1745 2572 Apostoli

16 2579 20 2582 ·
52 2566 173 2597 doctor.

52 2609 144 2639 Matt.
169 2610 198 2640 4·
336 2589 563 2627 unanimiter
591 2587 867 2625 commendant.
914 2587 1050 2636 Angeli
1079 2590 1164 2637 post
1194 2587 1378 2636 repulsum
1409 2586 1455 2621 ab
1483 2585 1566 2635 ipso
1592 2584 1631 2621 in
1661 2590 1743 2622 ten-

334 2652 477 2689 tatione
515 2652 692 2689 Satanam
727 2651 765 2688 in
796 2650 1051 2687 testimonium
1081 2662 1187 2686 verae
1215 2662 1256 2686 ac
1285 2648 1459 2686 salutaris
1488 2661 1575 2685 suae
1604 2647 1744 2684 doctri-

335 2729 403 2752 nae
431 2716 476 2752 ad
506 2716 609 2753 illum
640 2714 823 2752 accedunt
851 2714 959 2764 eique
986 2714 1216 2751 ministrant.
