1830 3147
242 140 317 175 228

247 247 416 285 Ministri
444 250 480 284 et
510 245 685 283 Seniores
713 248 845 296 quater
872 245 911 282 in
941 257 1056 289 ann0,
1083 246 1536 296 quem-(516)admodum
1563 250 1693 298 postea
1721 246 1780 284 di-

243 316 360 350 cetur.
415 309 559 348 Deinde
595 309 821 347 constitutos
860 310 998 346 habent
1034 309 1132 346 inter
1166 323 1245 348 sese
1281 316 1410 349 coetus
1448 324 1535 349 suos
1572 311 1778 362 peculiares

243 376 368 420 etiam,
403 379 446 413 ut
478 379 585 412 tanto
625 374 858 412 commodius
895 374 933 410 et
978 374 1023 411 de
1049 375 1304 424 promovendo
1333 375 1555 426 disciplinae
1580 389 1664 420 usu,
1697 379 1776 413 tam

241 441 340 478 inter
376 452 415 477 se
448 439 564 490 ipsos,
600 452 712 489 quam
748 438 846 489 apud
874 442 993 475 totam
1020 437 1242 485 Ecclesiam,
1270 440 1307 478 et
1335 439 1381 478 de
1407 443 1507 477 recte
1532 440 1777 488 gubernanda

243 509 323 543 tota
359 504 528 542 Ecclesia
565 503 771 541 deliberare
808 516 951 553 semper
978 503 1139 553 possint,
1175 504 1220 541 de
1247 505 1385 555 quibus
1411 505 1578 556 ipsorum
1608 507 1778 545 coetibus

243 569 402 619 singulis
429 568 542 606 nobis
568 568 644 606 iam
672 567 876 605 dicendum
904 566 987 605 erit.

322 698 385 737 De
419 698 761 750 peculiaribus
798 696 1146 735 Ministrorum
1173 697 1305 735 inter
1333 711 1438 736 sese
1467 697 1697 736 coetibus

490 796 498 805 ,
526 764 573 801 in
611 762 841 801 Ecclesia
879 761 1228 800 Germanorum
1264 762 1495 802 Londini.

296 895 461 933 Primum
499 894 658 932 habetur
694 898 821 931 coetus
857 891 1123 931 Ministrorum
1160 906 1203 930 ac
1238 893 1437 931 Seniorum
1475 893 1666 931 Ecclesiae
1692 906 1773 931 om·

244 960 348 998 nium
399 959 526 1003 semel,
569 963 611 996 ut
657 958 868 1003 minimum,
904 958 1065 1007 singulis
1110 957 1426 1003 hebdomadibus,
1467 971 1600 1010 nempe
1643 958 1775 996 diebus

243 1024 361 1068 Iovis,
396 1025 488 1061 hora
525 1023 687 1061 secunda
723 1021 993 1074 pomeridiana.
1048 1023 1095 1060 In
1123 1036 1198 1074 quo
1227 1028 1346 1069 coetu,
1372 1027 1617 1074 posteaquam
1645 1036 1775 1061 omnes

241 1089 314 1126 iam
361 1088 530 1126 Ministri
575 1093 611 1126 et
656 1088 832 1125 Seniores
875 1095 1144 1133 convenerunt,
1186 1087 1385 1125 invocatur
1426 1091 1512 1125 ante
1549 1087 1674 1125 omnia
1709 1100 1775 1138 per

242 1166 359 1191 unum
395 1166 415 1190 e
451 1152 645 1190 Ministris
668 1152 773 1190 verbi
800 1165 937 1190 nomen
966 1151 1134 1191 Domini.
1188 1151 1325 1203 Fitque
1359 1152 1536 1204 precatio,
1570 1157 1614 1190 ut
1640 1152 1772 1190 Domi-

242 1231 313 1256 nus
356 1218 468 1256 corda
501 1222 613 1268 atque
651 1230 716 1255 ora
755 1217 1018 1255 Ministrorum
1054 1230 1096 1254 ac
1133 1217 1331 1255 Seniorum
1379 1222 1692 1268 congregatorum
1732 1217 1772 1255 in

245 1282 579 1320 deliberationibus
624 1286 660 1319 et
705 1281 872 1319 consiliis
916 1281 1216 1332 ip·(5l7)sorum
1262 1281 1438 1319 omnibus
1481 1295 1547 1333 per
1593 1282 1773 1333 Spiritum

245 1352 415 1385 sanctum
452 1359 559 1384 suum
595 1359 722 1395 regere
757 1350 793 1383 et
828 1346 1038 1394 gubernare
1066 1346 1242 1395 dignetur
1278 1346 1325 1383 ad
1362 1346 1507 1384 laudem
1544 1350 1580 1384 et
1613 1347 1773 1396 gloriam

243 1413 300 1450 sui
337 1411 520 1450 adorandi
549 1411 712 1449 nominis
748 1415 785 1448 et
822 1410 1011 1448 Ecclesiae
1049 1411 1118 1448 sub
1154 1411 1320 1462 ipsorum
1356 1411 1565 1449 ministerio
1601 1411 1774 1450 aedifica-

244 1478 396 1521 tionem,
431 1488 498 1526 pro
534 1488 606 1525 qua
633 1474 733 1512 filius
762 1487 850 1512 suus
877 1473 1096 1523 unigenitus
1136 1478 1251 1511 semet
1276 1475 1401 1525 ipsum
1428 1475 1617 1512 victimam
1645 1474 1773 1526 propi-

241 1540 430 1578 tiatoriam
458 1539 587 1577 offerre
613 1552 689 1576 non
720 1538 918 1577 dubitavit.
975 1538 1101 1576 Finita
1129 1531 1342 1589 precatione
1378 1544 1560 1588 rogantur
1594 1552 1659 1590 per
1701 1540 1772 1577 Su-

241 1605 565 1656 perintendentem
610 1603 750 1653 singuli
787 1603 920 1641 ordine
957 1616 1038 1648 suo,
1074 1617 1161 1641 num
1200 1604 1342 1654 aliquid
1380 1604 1664 1656 proponendum
1705 1605 1773 1642 ha-

243 1672 368 1717 beant,
397 1669 498 1721 quod
525 1669 584 1706 vel
612 1669 655 1706 de
683 1668 905 1719 disciplinae
934 1669 1208 1712 observatione,
1235 1669 1294 1707 vel
1321 1669 1367 1707 de
1392 1669 1666 1719 gubernatione
1692 1669 1773 1720 ipsa

243 1736 447 1779 Ecclesiae,
483 1735 542 1773 vel
570 1734 601 1772 si
628 1733 720 1785 quid
748 1734 890 1785 alioqui
919 1734 1074 1776 incidat,
1102 1734 1203 1785 quod
1233 1733 1329 1772 seria
1357 1734 1628 1773 deliberatione
1655 1739 1772 1785 egeat,

242 1800 479 1838 tractandum
524 1811 604 1836 esse
646 1802 790 1849 putent,
840 1798 1137 1848 redigunturque
1180 1798 1218 1835 in
1271 1798 1449 1849 seriptum
1495 1798 1633 1844 omnia,
1678 1811 1773 1849 quae

243 1863 400 1914 quisque
435 1863 475 1901 in
505 1866 611 1901 coetu
637 1862 834 1900 tractanda
861 1862 1051 1913 proponit,
1077 1867 1188 1913 atque
1215 1876 1260 1900 ex
1286 1863 1332 1901 iis
1361 1863 1509 1901 demum
1537 1877 1577 1902 ea
1605 1867 1770 1902 tractan-

241 1928 287 1966 da
325 1928 584 1971 desumuntur,
619 1940 714 1978 quae
746 1927 830 1978 plus
866 1927 1002 1965 habere
1036 1927 1213 1978 ponderis
1249 1928 1442 1979 magisque
1478 1929 1649 1978 urgentia
1692 1942 1772 1967 esse

241 1994 425 2032 videntur.
462 1993 596 2030 Postea
622 2005 709 2030 vero
736 1996 936 2030 monentur
962 2006 1028 2044 per
1058 1992 1276 2030 Ministrum
1303 1997 1366 2030 aut
1396 1994 1771 2045 Superintendentem

242 2072 385 2103 omnes,
420 2062 462 2096 ut
499 2058 657 2109 quisque
691 2058 845 2095 illorum
882 2057 926 2095 de
962 2070 1003 2094 re
1038 2057 1077 2095 in
1115 2057 1432 2095 consultationem
1468 2063 1599 2096 vocata
1639 2058 1770 2096 ordine

248 2137 313 2162 suo
351 2124 390 2161 id
425 2124 603 2174 proferat,
639 2123 740 2173 quod
778 2136 864 2160 suae
892 2122 1142 2160 conscientiae
1168 2122 1386 2160 testimonio
1413 2122 1592 2172 intelligit
1610 2122 1771 2160 maxime

243 2190 364 2226 facere
400 2189 447 2226 ad
483 2188 673 2225 Ecclesiae
709 2188 1007 2226 aedificationem
1051 2188 1156 2225 iuxta
1193 2188 1347 2225 verbum
1385 2187 1455 2224 Dei
1492 2191 1527 2225 et
1563 2187 1642 2224 eius
1680 2200 1770 2224 con·

243 2254 502 2292 servationem.
558 2255 683 2304 Atque
718 2253 770 2291 ita
808 2253 954 2290 demum
993 2252 1152 2303 quisque
1178 2252 1309 2290 ordine
1337 2265 1404 2290 suo
1433 2252 1524 2290 dicit
1553 2265 1657 2289 suam
1685 2265 1769 2303 sen-

243 2319 399 2357 tentiam
428 2318 472 2356 de
500 2320 744 2366 cau-(518)sa
771 2317 964 2369 proposita
990 2318 1098 2355 iuxta
1124 2317 1378 2361 ¹conscientiae
1397 2330 1482 2354 suae
1501 2316 1771 2355 testimonium.

247 2384 308 2429 Et,
342 2384 406 2421 ubi
437 2397 565 2421 omnes
601 2383 805 2421 sententias
834 2396 919 2420 suas
949 2382 1137 2426 dixerunt,
1163 2382 1202 2423 id
1231 2382 1378 2419 demum
1407 2381 1576 2419 unanimi
1602 2381 1767 2419 omnium

245 2461 430 2485 consensu
465 2447 653 2491 statuitur,
685 2447 785 2498 quod
823 2447 990 2484 omnium
1026 2447 1188 2484 maxime
1224 2446 1339 2483 verbo
1371 2445 1440 2483 Dei
1478 2449 1768 2483 consentaneum

247 2512 512 2564 Ecclesiaeque
538 2512 611 2563 ipsi
636 2512 729 2550 utile
756 2524 835 2549 esse
863 2512 1022 2549 videtur.
1063 2511 1177 2549 Quod
1205 2511 1327 2562 ipsum
1357 2510 1498 2561 alioqui
1524 2510 1561 2547 in
1592 2509 1771 2560 scriptum

245 2576 416 2626 protinus
444 2577 639 2626 redigitur,
665 2579 708 2613 ut
737 2579 878 2613 certum
906 2577 1075 2612 omnium
1104 2575 1359 2619 consiliorum,
1385 2587 1451 2625 per
1489 2578 1635 2611 coetum
1661 2573 1767 2612 illum

242 2641 547 2691 approbatorum,
585 2641 849 2678 documentum
889 2639 1019 2677 haberi
1054 2639 1227 2690 deinceps
1263 2639 1392 2690 possit.
1450 2637 1585 2688 Sicque
1622 2637 1769 2676 demum

244 2704 291 2742 ad
329 2704 499 2749 aliarum,
526 2705 557 2742 si
584 2717 679 2755 quae
707 2707 794 2741 sunt
819 2703 1047 2754 propositae,
1076 2716 1273 2740 causarum
1299 2702 1561 2740 tractationem
1596 2701 1768 2752 procedi-

244 2774 305 2807 tur
332 2768 460 2806 eodem
488 2769 584 2819 ipso,
612 2769 677 2820 qui
704 2772 759 2806 est
784 2768 1010 2819 praedictus,
1037 2768 1180 2812 ordine,
1211 2768 1328 2805 donec
1357 2767 1400 2804 de
1427 2766 1538 2804 rebus
1567 2766 1769 2818 propositis

246 2834 423 2872 omnibus
452 2834 543 2871 certi
570 2834 680 2871 etiam
709 2833 851 2884 aliquid
881 2837 1077 2871 statuatur.
1135 2832 1284 2871 Quodsi
1311 2831 1437 2868 omnia
1474 2831 1585 2869 simul
1621 2830 1773 2869 tractari

256 2911 331 2939 non
368 2897 528 2949 possint,
564 2901 656 2943 tum,
691 2911 785 2948 quae
811 2910 888 2935 uno
918 2902 1104 2936 conventu
1132 2895 1276 2934 absolvi
1302 2907 1377 2933 non
1404 2900 1573 2947 possunt,
1598 2895 1638 2934 in
1665 2894 1777 2932 alium
