1830 3147
41 259 159 293 Psalm.
184 260 234 293 15.

39 302 154 334 Ezech.
176 304 206 334 8.

39 343 157 385 Ephes.
179 345 210 376 4.

40 385 196 418 Proverb.
222 386 271 418 10.

40 428 59 458 2
81 428 181 461 Petri.
203 429 234 460 4.

37 707 154 740 Matth.
179 708 208 740 6.

35 750 169 783 Roman.
193 751 222 785 7.

36 792 209 824 Deuteron.
236 793 284 825 10.

36 835 172 867 Roman.
195 835 225 869 7.

36 875 53 906 1
77 877 219 910 Thessal.
241 878 270 910 5.

32 1289 207 1323 Deutcr'on.
231 1292 259 1323 6.

32 1331 110 1364 LUC.
136 1332 186 1364 10.

30 1374 149 1406 Matth.
171 1375 222 1407 22.

31 1415 178 1448 Levitici.
203 1417 251 1448 19.

31 1457 149 1491 Matth.
171 1459 222 1491 22.

32 1872 165 1904 Roman.
188 1873 216 1905 1.

30 1914 182 1947 Proverb.
207 1915 255 1946 19.

27 2285 161 2317 Levitic.
186 2286 234 2317 18.

28 2328 163 2358 Roman.
187 2327 237 2359 10.

28 2370 105 2400 Luc.
129 2370 177 2400 10.

28 2411 202 2442 Deuteron.
225 2411 275 2444 17.

29 2453 168 2485 Galatas.
191 2454 220 2486 3.

29 2625 107 2658 Gen.
131 2626 160 2656 2.

27 2668 161 2700 Ecclesi.
184 2667 232 2699 15.

28 2713 252 2742 Romanorum.
260 2709 289 2741 8.

27 2754 41 2784 1
68 2751 215 2783 Corinth.
238 2752 266 2782 2.

25 2796 196 2825 Romanor.
220 2792 254 2825 7.

26 2836 167 2868 loannis.
193 2835 222 2867 3.

329 83 399 118 508
854 96 945 124 CA'r.
977 98 1085 125 ecel..
1114 99 1215 127 EMD.

1015 197 1062 236 R.

381 259 436 297 Ut
461 259 630 309 linguam
658 260 816 306 frenem,
843 273 955 299 omne
980 263 1218 301 mendacium
1246 268 1282 303 ct
1309 265 1623 304 obtrectationem
1641 265 1730 305 odio

327 321 500 368 habeam,
533 326 571 360 et
605 323 645 360 in
674 323 850 362 omnibus
887 324 1000 363 dictis
1027 338 1071 363 ac
1098 327 1209 365 factis
1235 328 1428 366 veritatem
1457 342 1589 376 amem,
1618 333 1729 381 atque

325 385 508 432 adiuvem,
545 386 705 438 denique
740 391 782 425 ut
816 388 980 439 proximi
1015 390 1292 440 turpitudinem
1328 404 1406 430 non
1444 406 1550 430 secus
1576 406 1620 430 ac
1649 394 1681 431 si
1707 406 1729 431 a

325 462 382 487 me
411 449 610 489 commissa
638 455 747 497 esset,
773 451 880 490 iuxta
907 453 1076 502 regulam
1105 455 1311 503 charitatis,
1341 456 1492 495 caelem.

961 517 1012 556 Q.
1042 519 1103 558 17.

375 578 480 617 Quid
508 579 582 617 sibi
609 580 688 618 vult
715 580 917 619 ultimum?

999 645 1048 684 R.

372 707 541 745 Primum
567 712 695 746 monet
722 721 794 754 mc,
821 722 868 746 ne
895 709 983 760 quid
1013 713 1200 761 appetam,
1217 712 1318 762 quod
1338 712 1491 752 divinae
1509 713 1729 753 adversetur

321 771 522 817 voluntati,
551 767 623 810 ⁴sed
653 785 782 811 omnes
810 772 962 812 affectus
998 787 1102 812 meos
1140 775 1186 813 ad
1213 775 1375 824 gloriam
1403 777 1473 815 Dei
1501 781 1536 816 et
1563 778 1728 829 proximi

321 835 521 873 utilitatem
550 837 723 875 referam.
752 836 898 875 Deinde
926 850 970 875 ex
998 838 1129 876 eodem
1156 844 1354 890 praecepto
1385 841 1489 879 disco
1510 842 1728 881 interiorem

321 899 433 937 simul
469 903 506 938 et
541 900 762 938 exteriorem
799 901 942 952 requiri
977 901 1017 939 in
1045 915 1104 940 me
1133 903 1422 942 sanctimoniam
1449 910 1485 943 et
1512 906 1728 956 puritatem,

320 964 475 1015 Deoque
494 964 644 1015 plenam
664 965 703 1003 in
725 965 882 1003 colendo
902 967 1168 1017 praestandam
1188 981 1269 1005 esse
1280 968 1546 1009 obedientiam.
1566 970 1612 1008 Id
1624 971 1727 1022 quod

321 1028 437 1067 cuivis
463 1029 577 1067 etiam
603 1042 649 1067 ex
677 1043 822 1068 summa
848 1030 944 1079 (sive
973 1031 1215 1082 compendio)
1242 1032 1336 1082 legis
1364 1034 1603 1085 perspicuum
1632 1039 1700 1074 est.

953 1095 1004 1134 Q.
1034 1097 1097 1134 18.

370 1157 575 1196 Quodnam
603 1161 660 1196 est
685 1157 789 1196 istud
819 1158 863 1196 de
890 1171 964 1209 quo
992 1159 1047 1197 ais
1076 1160 1370 1211 compendium?

1001 1223 1048 1262 R.

370 1285 403 1323 O
441 1286 574 1328 Israel.
608 1286 744 1335 diliges
781 1285 987 1325 Dominum
1022 1286 1145 1325 Deum
1180 1292 1288 1326 tuum
1315 1302 1360 1327 ex
1387 1293 1467 1327 toto
1505 1289 1618 1328 corde
1646 1293 1726 1336 tuo,

317 1362 364 1387 ex
398 1352 479 1387 tota
516 1349 642 1387 anima
669 1353 748 1395 tua,
775 1363 821 1387 ex
849 1350 953 1388 omni
980 1356 1104 1389 mente
1131 1355 1207 1398 tua,
1236 1356 1272 1390 et
1300 1365 1346 1391 ex
1373 1353 1549 1391 omnibus
1576 1353 1724 1392 viribus

317 1413 404 1458 tuis,
431 1417 467 1451 et
493 1413 705 1464 proximum
733 1417 841 1452 tuum
870 1414 968 1452 sicut
994 1414 1168 1466 teipsum.
1197 1415 1245 1453 In
1273 1415 1332 1453 his
1362 1417 1509 1456 duobus
1536 1417 1725 1456 mandatis

319 1481 399 1515 tota
426 1477 506 1516 Lex
532 1478 669 1528 pendet
697 1482 734 1516 et
762 1478 987 1528 Prophetae.

953 1606 1003 1645 O..
1035 1608 1096 1646 19.

366 1670 470 1708 Num
498 1683 611 1721 porro
638 1670 856 1708 universum
882 1671 1099 1710 mortalium
1125 1685 1243 1721 genus
1270 1673 1479 1723 perfectum
1506 1673 1594 1711 huic
1623 1673 1721 1724 Legi

315 1738 503 1785 praestare
529 1733 753 1785 obsequium
782 1733 922 1772 debet?

366 1862 544 1902 Maxime.
579 1862 686 1900 Adeo
722 1865 765 1900 ut
800 1861 840 1900 in
877 1861 937 1900 die
971 1862 1036 1900 illa
1073 1863 1242 1907 Domini,
1277 1877 1324 1902 ne
1351 1864 1539 1902 Ethnicus
1568 1864 1721 1916 quidem

314 1928 462 1965 futurus
491 1927 551 1974 sit,
578 1940 688 1978 quem
716 1940 794 1964 non
823 1940 888 1964 sua
917 1927 1149 1966 conscientia
1178 1928 1287 1966 huius
1315 1929 1435 1967 debiti
1460 1929 1677 1979 redarguat.

950 2058 1000 2097 O..
1030 2061 1092 2097 20.

366 2121 469 2160 Quid
497 2121 655 2173 praemii
682 2121 784 2160 Deus
813 2122 1079 2162 obedientibus
1107 2126 1143 2161 et
1170 2136 1282 2174 quam
1312 2127 1443 2161 contra
1471 2136 1631 2175 poenam
1647 2123 1720 2162 im-

313 2186 512 2236 morigeris
539 2186 766 2237 proposuit?

364 2315 576 2366 Praeceptis
605 2316 682 2353 eius
711 2329 777 2366 per
804 2316 932 2353 onmia
961 2317 1224 2367 obsequenteS,
1251 2317 1327 2354 vita
1348 2321 1511 2355 aeterna.
1541 2317 1716 2353 Immori·

312 2392 421 2429 geros
450 2392 537 2417 vero
565 2384 686 2417 morte
714 2383 889 2430 perpetua
917 2384 952 2418 et
981 2372 1297 2418 condemnatione
1324 2381 1593 2418 remunerabit.

949 2508 998 2546 O..
1029 2510 1090 2546 21.

364 2570 432 2609 Est
460 2584 505 2608 ne
532 2571 648 2620 igitur
676 2574 889 2609 nostrarum
918 2572 1055 2610 virium
1092 2576 1260 2610 exactam
1288 2570 1374 2621 legi,
1401 2570 1715 2621 quemadmodum

312 2636 385 2673 iam
414 2635 566 2682 dictum,
594 2639 782 2686 praestare
810 2635 1094 2674 obedientiam?

999 2701 1044 2739 R.

362 2766 460 2801 Ante
487 2764 633 2814 lapsum
661 2764 811 2814 quidem
838 2764 876 2801 id
903 2765 1106 2815 potuimus,
1134 2767 1264 2815 postea
1292 2776 1379 2802 vero
1407 2762 1540 2801 in'hac
1556 2765 1712 2801 naturae

312 2827 549 2877 corruptione
578 2841 809 2878 nequaquam
838 2828 949 2866 nobis
976 2832 1032 2867 est
1060 2829 1139 2867 eius
1165 2827 1411 2879 praestandae
1431 2827 1602 2866 facultas.
1630 2826 1710 2864 Lex
