1830 3147
69 243 155 277 Psal.
179 243 230 277 50.

71 286 150 319 Gen.
175 287 205 321 6.
227 286 256 319 8.

68 554 163 587 Luce.
188 554 237 586 15.

67 882 158 915 Ezec.
182 883 231 915 18.

67 925 186 957 Psalm.
210 925 260 957 50.

66 967 181 1000 Ezech.
206 968 256 1000 11.

66 1009 184 1042 Jerem.
208 1010 258 1043 31.

70 1206 167 1249 Ephe.
192 1207 220 1238 5.

74 1794 184 1826 Ezech.
209 1793 258 1825 18.

69 2245 164 2279 Matt.
187 2246 238 2278 18.

71 2288 160 2322 Ioan.
182 2288 233 2320 20.

73 2703 162 2736 Ioan.
185 2702 214 2736 3.

358 114 429 149 336
863 122 974 151 coNP.
1007 124 1113 151 1:001h
1143 123 1258 152 tom).

357 223 471 262 clives
510 236 652 269 sumus,
687 223 799 262 etiam
835 223 964 263 multis
1002 225 1123 264 modis
1159 229 1223 264 tua
1251 229 1445 277 praecepta
1475 226 1707 275 violavimus,
1734 232 1771 266 te

355 303 422 341 pro
463 293 527 327 tua
556 288 739 339 dignitate
767 302 843 327 non
872 293 1092 327 venerantes
1121 294 1156 329 et
1183 291 1377 342 proximos
1405 295 1569 336 nostros,
1596 295 1637 330 ut
1664 292 1769 331 iube-

357 367 440 392 mur
477 368 499 391 a
536 358 585 399 te,
612 368 689 392 non
719 354 929 403 diligentes,
958 368 1029 405 qua
1056 358 1209 406 propter
1235 369 1303 407 pro
1332 360 1463 394 exacto
1491 356 1657 395 iustitiae
1682 361 1769 396 tuae

358 418 498 468 rigore,
524 418 686 456 fatemur
714 432 783 456 nos
810 431 894 457 reos
922 424 1095 457 aeternae
1122 419 1378 458 damnationis
1409 425 1444 459 et
1471 424 1596 459 actum
1625 421 1669 460 de
1698 435 1767 461 no·

355 482 414 520 bis
452 496 543 529 esse,
571 483 645 521 nisi
672 483 855 520 iustitiam
882 483 1004 534 ipsam
1031 483 1288 522 misericordia
1314 489 1378 522 tua
1405 485 1630 524 inexhausta
1657 486 1769 537 longe

357 553 561 598 superaret,
589 548 653 599 qui
679 547 961 598 poenitentibus
989 548 1178 595 omnibus,
1206 549 1315 587 etiam
1346 563 1458 601 quum
1486 550 1611 588 adhuc
1637 551 1769 602 procul

356 615 456 658 sunt,
494 611 655 649 clemens
693 625 736 649 ac
772 611 958 662 propitius
995 611 1093 650 soles
1130 624 1335 660 occurrere,
1362 613 1475 665 idque
1512 627 1589 652 non
1617 618 1769 666 propter

354 681 524 715 nostram
561 676 675 714 ullam
713 676 1060 726 dig-(42)nitatem,
1098 677 1161 715 sed
1189 683 1342 729 propter
1368 680 1486 718 filium
1514 683 1624 718 tuum
1651 680 1767 719 dilec-

352 745 433 780 tum
461 742 587 780 Iesum
617 741 823 781 Christum.
873 741 988 780 Cuius
1015 742 1159 780 meritis
1187 742 1319 786 flexus,
1345 757 1423 782 non
1450 745 1610 796 amplius
1637 746 1766 784 memi-

352 807 454 845 nisse
491 807 582 845 velis
619 810 857 858 peccatorum
894 811 1125 853 nostrorum,
1163 808 1240 854 sed,
1275 809 1322 846 iis
1358 809 1593 856 condonatis,
1630 799 1700 849 nos
1726 812 1767 849 in

351 871 512 920 gratiam
540 871 699 923 recipito
728 884 793 922 per
824 885 948 909 veram
976 871 1093 909 animi
1120 872 1392 923 poenitentiam
1421 873 1468 911 ad
1495 878 1532 912 te
1551 887 1767 920 conversos,

353 935 539 986 siquidem
575 937 606 974 is
644 950 681 974 es
722 941 764 974 ut
802 936 900 975 nolis
928 940 1087 974 mortem
1115 937 1334 988 peccatoris,
1365 939 1429 976 sed
1458 942 1496 977 ut
1526 942 1766 977 convertatur

351 1013 395 1038 ac
432 1001 545 1039 vivat.
600 1001 759 1052 Nosque
796 1001 841 1039 ad
880 1001 982 1038 hunc
1008 1001 1161 1039 modum
1189 1002 1229 1040 in
1257 1002 1418 1052 gratiam
1447 1007 1551 1041 tuam
1579 1009 1764 1055 acceptos,

353 1065 494 1117 Spiritu
522 1070 588 1104 tuo
619 1070 762 1110 sancto,
789 1080 835 1104 ne
864 1066 1039 1118 deinceps
1066 1072 1102 1104 te
1132 1066 1376 1113 offendamus,
1394 1068 1594 1106 clementer
1615 1069 1765 1116 donare,

352 1136 387 1169 et
415 1144 556 1169 novum
585 1144 627 1169 ac
655 1145 832 1169 carneum
862 1144 925 1169 cor
953 1131 991 1169 in
1021 1132 1146 1177 nobis,
1162 1132 1288 1170 ablato
1309 1132 1468 1184 lapideo,
1489 1146 1611 1172 creare
1631 1133 1763 1184 digne-

350 1196 415 1241 ris,
454 1196 514 1233 cui
550 1196 669 1246 legem
705 1201 809 1234 tuam
845 1196 1042 1243 inscribas,
1079 1211 1189 1248 quam
1223 1202 1352 1248 postea
1378 1212 1443 1249 per
1470 1212 1618 1236 omnem
1648 1199 1762 1237 vitam

352 1264 520 1298 nostram
550 1261 660 1299 factis
688 1261 951 1312 exprimamus,
981 1266 1160 1312 tanquam
1187 1262 1257 1299 filii
1282 1262 1377 1300 lucis
1405 1262 1444 1300 in
1472 1264 1638 1301 novitate
1667 1264 1763 1302 vitae

352 1325 601 1372 ambulantes,
629 1326 676 1363 ad
704 1329 805 1364 tuam
834 1326 976 1376 filiique
1004 1326 1060 1364 tui
1088 1326 1248 1375 gloriam
1276 1330 1311 1364 et
1340 1327 1529 1365 Ecclesiae
1555 1328 1634 1366 eius
1661 1328 1762 1365 aedi-

353 1390 578 1436 ficationem,
607 1404 669 1441 per
697 1390 855 1428 eundem
885 1391 1011 1428 Iesum
1041 1390 1233 1428 Christum
1262 1391 1382 1428 filium
1411 1397 1528 1431 tuum.
1562 1393 1720 1432 Amen.''

845 1520 1108 1558 Absolutionis
1126 1521 1269 1569 forma.

406 1651 517 1690 Hanc
546 1651 707 1690 breviter
734 1663 777 1688 ac
806 1649 968 1687 dilucide
995 1654 1178 1700 proponet
1206 1649 1390 1695 minister,
1418 1650 1519 1687 hisce
1545 1653 1610 1687 aut
1626 1649 1759 1688 simili-

355 1718 424 1756 bus
455 1717 599 1755 verbis:

407 1782 683 1831 nPosteaquam
713 1779 792 1817 Deo
822 1784 972 1817 aeterno
1002 1778 1054 1816 ita
1084 1778 1202 1815 visum
1232 1781 1300 1822 est,
1320 1784 1359 1816 ut
1380 1792 1462 1816 vere
1481 1779 1760 1829 poenitentibus

353 1860 494 1897 suaque
529 1849 681 1896 peccata
720 1844 988 1882 confitentibus
1025 1843 1210 1892 ignoscat,
1255 1843 1442 1881 obstinate
1478 1847 1599 1881 autem
1637 1844 1760 1894 impiis

354 1924 493 1962 suaque
533 1914 685 1961 peccata
728 1908 944 1958 tegentibus
990 1913 1054 1945 aut
1101 1908 1367 1946 excusantibus
1403 1908 1499 1946 nolit
1536 1908 1760 1954 condonare,

353 1989 399 2013 ex
426 1975 553 2013 animo
582 1978 732 2025 peccata
763 1978 891 2010 nostra
919 1985 1122 2021 agnoscere
1150 1972 1339 2010 debemus.

408 2058 425 2075 a
439 2039 639 2090 Quotquot
666 2050 754 2087 ergo
784 2042 948 2075 vestrum
975 2037 1067 2075 tales
1086 2041 1183 2082 sunt,
1202 2041 1243 2074 ut
1262 2037 1347 2074 illos
1368 2050 1520 2075 suorum
1541 2037 1759 2076 delictorum

354 2106 438 2153 (43)
486 2104 622 2154 pudeat
663 2102 938 2154 poeniteatque,
973 2114 1015 2139 ac
1054 2101 1187 2139 deinde
1224 2102 1379 2139 firmiter
1416 2102 1572 2140 credunt
1608 2116 1649 2140 ea
1687 2102 1760 2140 sibi

355 2168 471 2206 solius
511 2167 653 2205 Christi
681 2166 822 2204 meritis
851 2165 977 2203 omnia
1004 2165 1112 2216 plene
1140 2165 1355 2211 condonari,
1384 2169 1627 2217 statuuntque
1655 2165 1759 2203 dein-

355 2246 439 2284 ceps
467 2231 693 2269 mortificare
720 2230 885 2268 membra
906 2244 972 2268 sua
991 2230 1192 2275 terrestria,
1212 2244 1255 2268 ac
1276 2231 1448 2268 coelestia
1469 2231 1614 2275 sectari,
1632 2252 1683 2259 —
1702 2231 1760 2276 iis,

354 2297 442 2348 quia
471 2296 628 2334 credunt
654 2295 694 2332 in
723 2295 863 2332 Filium
891 2293 960 2331 Dei
990 2294 1076 2340 vivi,
1103 2307 1148 2332 ex
1176 2295 1289 2332 verbo
1306 2294 1375 2332 Dei
1393 2294 1590 2339 denuncio,
1609 2298 1759 2345 peccata

354 2363 393 2399 in
432 2361 543 2399 coelis
582 2373 660 2398 esse
696 2360 852 2397 remissa
887 2372 952 2409 per
988 2372 1125 2397 nomen
1159 2359 1313 2396 Domini
1356 2359 1476 2397 nostri
1504 2359 1591 2396 lesu
1620 2358 1759 2396 Christi

354 2425 542 2464 benedicti
569 2426 609 2462 in
638 2424 797 2462 saecula.
827 2425 961 2462 Amen.

408 2507 425 2524 u
440 2490 640 2539 Quotquot
675 2500 761 2525 vero
799 2486 875 2524 suis
912 2486 1035 2524 adhuc
1063 2487 1223 2537 peccatis
1253 2487 1491 2525 oblectantur
1518 2491 1553 2524 et
1580 2499 1622 2523 ea
1649 2486 1757 2524 fateri

356 2554 624 2604 corrigereque‚
652 2552 798 2596 nolunt,
812 2573 861 2580 —
881 2555 945 2589 aut
968 2551 999 2588 si
1018 2556 1229 2600 agnoscunt
1249 2551 1398 2602 quidem
1418 2551 1494 2596 illa,
1513 2549 1612 2588 aliud
1632 2554 1757 2588 tamen

356 2617 484 2655 salutis
532 2615 735 2654 remedium
776 2618 971 2665 quaerunt,
1025 2628 1137 2665 quam
1177 2615 1328 2652 unicum
1370 2614 1542 2651 meritum
1588 2614 1758 2652 beneficii

356 2681 496 2719 Christi
524 2680 690 2725 Domini,
716 2700 766 2709 --
793 2679 839 2716 iis
868 2679 1056 2725 omnibus,
1082 2683 1278 2730 propterea
1307 2678 1407 2733 quod
1435 2678 1610 2715 tenebras
1638 2679 1758 2727 magis

356 2746 518 2794 diligunt
545 2758 658 2796 quam
684 2744 819 2787 lucem,
845 2756 913 2781 nec
942 2742 1098 2781 credunt
1125 2744 1163 2780 in
1194 2756 1327 2781 nomen
1357 2742 1541 2791 unigeniti
1568 2742 1656 2780 Filii
1677 2742 1757 2787 Dei,

357 2823 400 2848 ex
437 2809 550 2848 verbo
587 2808 657 2846 Dei
694 2807 892 2852 denuncio,
926 2811 1076 2857 peccata
1114 2808 1264 2845 illorum
1301 2806 1425 2844 omnia
1464 2820 1542 2844 esse
1577 2807 1690 2855 ligata
1717 2807 1757 2844 in

359 2873 482 2921 coelis,
510 2885 579 2911 nec
607 2871 847 2911 dissolvenda
875 2871 1092 2922 priusquam
1122 2872 1352 2922 resipiscant.
