1830 3147
77 922 91 952 1
119 920 190 951 Cor.
215 921 243 950 3.

75 1381 173 1414 Hebr.
198 1382 247 1413 10.

76 1424 195 1456 Collos.
219 1425 263 1456 ΙΙ.

77 1466 165 1499 Gala.
188 1468 217 1500 3.

80 1509 202 1542 Coloss.
226 1512 254 1542 Ξ.

86 2371 181 2402 Gene.
206 2371 254 2404 17.

353 101 429 136 466
837 106 1013 135 ennon.
1043 106 1156 134 ECCL.
1183 104 1302 134 nom).

355 222 539 261 superque
568 209 679 248 nobis
708 208 870 247 revelata
897 212 955 247 est
982 208 1022 247 in
1050 208 1352 247 circumcisione.
1378 209 1485 256 (85b)

932 402 1072 441 Interr.
1101 405 1189 441 235.

407 469 604 507 Quaenam
633 466 844 507 similitudo
871 466 1060 517 baptismo
1088 480 1172 505 cum
1202 467 1487 506 circumcisione
1512 464 1737 505 intercedit?

1003 531 1118 582 Resp.

378 650 382 654 ⁸
407 597 623 649 Baptismus
650 602 686 635 et.
714 596 967 642 circumcisio,
993 596 1041 633 ab
1067 608 1145 633 uno
1174 593 1253 633 Deo
1280 595 1490 639 institutae,
1505 594 1637 633 eodem
1651 605 1764 631 sensu

357 660 601 712 explicandae
638 664 738 706 sunt,
772 660 872 698 idem
906 672 1064 711 prorsus
1090 658 1324 709 mysterium,
1350 659 1507 696 eundem
1534 671 1646 696 usum
1672 670 1765 695 eun-

357 728 517 778 demque
544 727 655 764 finem
685 726 838 765 habent.
865 725 1022 763 Ducunt
1051 738 1119 763 nos
1148 723 1195 762 ad
1223 724 1416 762 Christum
1444 723 1629 774 officiique
1646 723 1767 761 nostri

357 806 427 831 nos
454 792 659 830 admonent
687 796 723 829 et
749 791 899 843 proprie
918 791 1036 840 igitur
1055 789 1208 828 nonnisi
1227 803 1345 828 unum
1366 790 1650 827 Sacramentum
1665 792 1765 827 sunt.

359 859 474 898 Quod
501 871 592 909 ergo
619 859 659 896 in
687 858 804 895 altero
833 858 903 895 Dei
931 858 1104 895 voluntas
1123 861 1192 900 est,
1211 869 1287 894 non
1303 860 1426 907 potest
1443 855 1513 894 Dei
1533 855 1707 894 voluntas
1725 854 1766 892 in

358 926 475 962 altero
512 937 663 975 quoque
699 924 941 961 Testamento
979 935 1055 960 non
1083 934 1176 965 esse,
1203 934 1430 972 quamquam
1460 919 1616 958 diversis
1644 918 1767 957 modis

359 993 470 1040 atquc
499 988 740 1026 caeremoniis
767 986 1096 1025 administrantur.
1124 985 1215 1022 Non
1243 985 1343 1023 enim
1370 989 1525 1023 externa
1551 984 1667 1022 facies
1697 996 1766 1021 no·

358 1053 417 1090 bis
445 1052 647 1104 spectanda
675 1056 743 1098 est,
771 1051 838 1089 sed
865 1050 1015 1102 spiritui
1043 1055 1079 1088 et
1107 1049 1235 1087 sensui
1262 1049 1544 1088 attendendum.

933 1115 1072 1152 Interr.
1101 1116 1189 1152 236.

413 1182 534 1222 Quini
571 1180 642 1219 soli
676 1179 846 1231 puerculi
883 1178 1123 1229 baptizantur
1158 1182 1192 1214 et
1221 1177 1370 1227 quidem
1402 1176 1460 1214 die
1487 1180 1631 1222 octava,
1659 1180 1699 1213 ut
1725 1176 1766 1213 in

361 1246 650 1286 circumcisione
677 1245 818 1282 fiebat?
847 1246 950 1292 (86³)

1006 1308 1118 1358 Resp.

412 1376 624 1415 Discrimen
666 1380 878 1425 temporum
923 1376 1036 1423 atque
1080 1384 1338 1422 personarum,
1377 1370 1514 1421 quippe
1549 1370 1690 1419 figurae
1725 1371 1766 1408 in

362 1442 566 1484 Christum,
608 1452 710 1478 nunc
754 1451 818 1490 per
866 1437 1059 1475 Christum
1104 1427 1255 1473 finitum
1300 1439 1368 1479 est,
1413 1434 1477 1485 qui
1520 1447 1621 1472 nunc
1665 1434 1768 1472 omni

360 1512 526 1557 tempore
562 1518 671 1543 omne
709 1510 764 1542 est
799 1504 839 1541 in
875 1501 1065 1546 omnibus,
1100 1500 1140 1538 in
1177 1513 1251 1551 quo
1288 1512 1407 1550 neque
1433 1499 1621 1537 masculus
1648 1511 1769 1549 neque

361 1572 509 1617 semina,
561 1583 681 1620 neque
734 1568 896 1606 famulus
944 1579 1063 1617 neque
1118 1565 1267 1609 ancilla,
1321 1577 1439 1615 neque
1483 1564 1604 1601 maior
1650 1575 1769 1613 neque

360 1637 485 1674 minor
519 1640 623 1680 natu,
659 1634 724 1685 qui
759 1646 889 1670 omnes
924 1631 965 1669 in
995 1630 1148 1668 Christo
1175 1630 1257 1667 sine
1283 1629 1362 1666 ullo
1392 1628 1610 1667 discrimine
1640 1627 1768 1665 conci·

360 1701 455 1744 liati,
481 1699 632 1738 lustrati
659 1704 695 1736 et
722 1698 769 1735 ad
797 1697 911 1734 vitam
940 1700 1128 1733 aeternam
1157 1693 1329 1745 perducti
1358 1697 1461 1737 sunt,
1488 1692 1563 1730 nisi
1592 1691 1768 1730 incredu-

361 1766 466 1803 litate
495 1778 560 1802 sua
590 1767 705 1802 semet
734 1762 804 1813 ipsi
833 1775 853 1798 a
881 1760 948 1798 tali
974 1760 1096 1808 gratia
1125 1758 1339 1796 excludant..
1404 1758 1532 1796 Quare
1560 1770 1630 1795 nos
1659 1756 1768 1794 Chri-

363 1830 474 1868 stiani
525 1842 625 1867 nunc
659 1841 736 1866 nou
773 1826 932 1877 amplius
969 1837 1072 1862 more
1108 1824 1331 1860 Iudaeorum
1374 1822 1484 1860 certis
1527 1821 1769 1871 definitisque

362 1894 596 1945 temporibus
631 1892 876 1944 personisque
903 1889 1049 1939 alligati
1086 1901 1225 1933 sumus.
1254 1901 1350 1938 quae
1379 1886 1640 1924 distinctiones
1668 1898 1768 1923 nunc

364 1973 492 1997 omnes
522 1957 715 1996 dilectioni
742 1955 923 1994 inservire
951 1960 1062 2005 atque
1091 1952 1219 1991 cedere
1246 1952 1398 1990 debent.

941 2020 1080 2057 Interr.
1112 2020 1197 2058 237.

416 2089 489 2127 Sed
525 2087 716 2139 quomodo
744 2086 987 2138 parvulorum
1015 2083 1224 2135 baptismus
1252 2086 1351 2120 stare
1376 2085 1510 2133 potest,
1538 2094 1654 2132 quum
1679 2094 1770 2119 usus

366 2154 543 2205 baptismi
577 2153 690 2190 fidem
727 2157 839 2202 atque
875 2150 981 2199 (86¹2)
1011 2148 1268 2187 obedientiam
1307 2146 1485 2198 requirat,
1514 2159 1609 2196 quae
1635 2159 1657 2184 a
1683 2159 1769 2197 par-

365 2220 536 2258 vulorum
566 2222 686 2256 aetate
712 2228 865 2267 prorsus
893 2218 981 2252 sunt
1008 2213 1178 2252 alienae?

1009 2278 1124 2328 Resp.

420 2348 479 2387 Ad
505 2360 615 2399 quem
643 2346 795 2383 modum
824 2345 864 2382 in
892 2348 1015 2382 vetere
1043 2343 1284 2380 Testamento
1313 2340 1489 2391 parvulos
1508 2337 1771 2376 circumcidere

369 2413 515 2456 licebat,
560 2424 653 2462 quos
700 2422 788 2459 ergo
835 2408 935 2445 Deus
981 2405 1266 2444 circumcisione
1300 2404 1478 2453 indignos
1513 2416 1591 2440 non
1626 2401 1771 2445 habuit,

370 2478 539 2528 quamvis
582 2475 670 2513 fidei
717 2479 826 2525 atque
872 2471 1109 2509 obedientiae
1142 2483 1298 2522 prorsus
1334 2468 1469 2518 ignari,
1517 2480 1608 2518 quas
1644 2470 1770 2504 tamen

369 2548 460 2580 tunc
495 2540 673 2591 temporis
711 2537 960 2581 circumcisio,
996 2548 1073 2574 non
1109 2535 1235 2573 minus
1270 2547 1382 2585 quam
1421 2544 1523 2570 nunc
1551 2531 1772 2582 baptismus,

371 2606 599 2657 requirebat,
623 2626 673 2633 -
701 2604 754 2641 sic
781 2616 928 2653 quoque
943 2600 1116 2644 dicimus,
1138 2599 1207 2637 Dei
1226 2600 1454 2636 voluntatem
1475 2600 1584 2646 atque
1598 2595 1771 2645 gratiam,

368 2670 534 2721 parvulis
562 2669 630 2707 sub
659 2672 783 2706 vetere
808 2666 960 2705 foedere
988 2665 1225 2709 declaratam,
1252 2676 1354 2701 nunc
1380 2673 1498 2712 neque
1525 2660 1770 2698 mutationem

369 2735 485 2772 ullam
514 2747 634 2784 neque
661 2731 948 2770 diminutionem
981 2741 1121 2779 capere.
