1830 3147
188 99 258 139 278

396 570 842 608 APPENDIX
896 570 992 608 AD
1047 570 1528 610 LECTOREM.

241 933 439 977 HABES,
468 934 629 971 candide
659 934 795 971 lector!
825 948 899 972 non
928 941 1095 973 externos
1124 942 1267 973 tantum
1286 937 1483 974 Ecclesiae
1502 943 1653 975 nostrae
1672 939 1723 975 ri-

185 1006 252 1043 tus,
290 1000 357 1036 sed
396 1012 537 1037 omnem
563 1007 763 1048 praeterea
792 1002 974 1038 rationem
1002 1002 1284 1050 qubernatz‘onz's
1312 1003 1409 1039 illius
1436 1003 1475 1039 in
1501 1010 1627 1040 nostro
1655 1003 1724 1040 mi-

185 1065 349 1109 nisterio,
386 1066 545 1113 denique
573 1070 606 1101 et
634 1066 828 1102 doctrinae
856 1068 951 1103 adeo
980 1073 1128 1103 nostrae
1155 1080 1338 1104 summam
1363 1069 1445 1114 fere
1472 1081 1626 1112 omnem,
1648 1081 1722 1117 pro

184 1143 224 1168 eo
262 1143 309 1166 ae
338 1130 534 1166 ministerii
560 1131 681 1166 nostri
708 1143 876 1180 quaeque
904 1133 1003 1168 actio
1031 1132 1072 1168 id
1092 1123 1469 1180 postulare'videtur.
1526 1134 1722 1171 Praetavi-

185 1207 264 1231 mus
293 1200 415 1231 autem
443 1193 486 1231 id
512 1200 624 1231 totum
654 1201 795 1243 quanta
812 1196 1002 1244 potuimus
1020 1196 1093 1241 fide
1110 1200 1146 1233 'et
1162 1197 1409 1245 simplicitate,
1429 1210 1503 1233 non
1523 1199 1596 1234 alio
1616 1211 1723 1246 spec·

183 1267 315 1303 tames,
345 1273 458 1308 quam
495 1265 534 1295 ut
561 1272 776 1296 concessum
804 1261 908 1297 nobis
939 1273 962 1297 a
990 1262 1071 1298 Deo
1104 1261 1248 1310 Optimo
1280 1262 1450 1299 Maximo
1477 1263 1722 1301 instituendae

182 1330 334 1360 nostrae
362 1324 558 1360 Ecclesiae
586 1324 775 1373 ineffabile
805 1324 1016 1372 beneficium
1040 1326 1117 1374 piis
1145 1326 1312 1362 omnibus
1340 1328 1475 1374 palam
1495 1327 1721 1373 faceremus,

182 1389 415 1425 Pientissimi
450 1390 532 1425 item
569 1389 685 1437 Bessis
721 1391 938 1438 exemplum,
979 1397 1133 1428 aeterna
1172 1392 1316 1440 alioqui
1351 1380 1528 1429 memoria
1557 1394 1724 1442 diqnum,

182 1454 345 1494 studium
377 1459 580 1501 praeterea
617 1466 664 1490 ac
693 1455 873 1502 pietatem
909 1455 1005 1491 illius
1033 1456 1071 1491 in
1095 1456 1351 1503 promovenda
1381 1468 1500 1494 sanae
1528 1458 1722 1496 doctrinae

183 1523 215 1554 et
252 1518 369 1554 cultus
408 1518 539 1553 Divini
564 1518 675 1566 (647)
705 1519 887 1566 puritate,
927 1526 959 1556 et
994 1520 1226 1567 sinqularem
1262 1533 1353 1569 erqa
1387 1522 1607 1570 pereyrinos
1644 1536 1715 1560 om·

183 1596 245 1619 nes
278 1584 566 1631 propensionem
602 1583 687 1632 (qui
722 1584 829 1620 modo
865 1597 974 1621 verae
1003 1585 1190 1632 reliffl'onis
1220 1592 1389 1623 amantes
1418 1586 1556 1628 essent)
1583 1588 1720 1626 Eccle-

181 1644 261 1681 siae
300 1643 437 1681 Christi
472 1645 827 1691 commendaremus,
864 1646 1045 1694 simulque
1081 1647 1191 1683 etiam
1229 1648 1426 1684 ministerii
1459 1650 1579 1686 nostri
1606 1650 1719 1695 fidem

182 1710 247 1747 sub
285 1717 386 1746 tanto
422 1710 498 1746 Dei
533 1709 706 1756 beneficio
738 1711 817 1759 piis
853 1710 988 1759 ubique
1025 1711 1192 1747 omnibus
1221 1712 1532 1760 approbaremus.
1591 1712 1719 1757 Quod-

182 1777 217 1812 si
253 1776 428 1824 cuiquam
465 1776 566 1822 forte
602 1775 664 1811 hic
699 1788 773 1832 non
806 1776 994 1824 probetur,
1023 1782 1089 1812 aut
1116 1777 1308 1813 doctrinae
1335 1789 1462 1824 qenus,
1492 1784 1558 1814 aut
1583 1779 1718 1816 rituum

175 1842 326 1889 forma,
364 1847 430 1876 aut
464 1841 563 1877 ratio
602 1841 747 1889 alioqui
772 1841 856 1889 ipsa
885 1841 1155 1889 {subernandae
1181 1841 1393 1884 Ecclesiae,
1422 1855 1502 1878 eum
1529 1855 1720 1891 royamus,

184 1913 222 1942 ut
259 1906 453 1943 charitatis
490 1912 523 1942 et
557 1906 755 1942 modestiae
795 1905 1033 1943 Christianae
1069 1920 1205 1943 mernor
1242 1919 1318 1944 esse
1351 1908 1445 1951 velit,
1480 1908 1549 1945 hoc
1578 1914 1639 1954 est,
1667 1916 1717 1952 ut,

186 1983 282 2019 quae
317 1971 419 2006 illum
457 1971 713 2019 quoquomodo
751 1971 955 2019 offendunt,
992 1983 1035 2006 ea
1072 1972 1150 2007 sine
1187 1972 1360 2007 conviciis
1398 1984 1445 2008 ac
1467 1973 1718 2020 praeiudiciis

185 2036 415 2083 traqieisque
452 2035 570 2071 turbis
596 2047 641 2070 ese
667 2035 776 2072 verbo
803 2035 881 2071 Dei
906 2036 1162 2083 reprehendat.
1219 2036 1300 2072 Nos
1328 2049 1419 2073 sane
1449 2038 1538 2073 nihil
1564 2038 1721 2074 humani

186 2112 210 2135 a
245 2099 350 2136 nobis
385 2100 545 2136 alienum
579 2111 655 2135 esse
687 2105 877 2147 putamus,
914 2101 1048 2136 nedum
1083 2106 1121 2136 ut
1155 2111 1220 2137 nos
1258 2107 1289 2137 et
1314 2102 1412 2148 falli
1445 2108 1478 2137 et
1505 2102 1582 2138 labi
1602 2115 1716 2151 posse

186 2177 261 2201 non
288 2164 440 2201 libenter
467 2164 577 2200 etiam
607 2175 870 2213 aynescamus.
907 2164 960 2200 Et
981 2165 1145 2212 proinde
1173 2165 1266 2201 adeo
1294 2178 1368 2200 non
1394 2177 1611 2201 recusamus
1638 2179 1715 2202 mo-

186 2229 278 2273 neri,
314 2229 470 2277 denique
507 2234 540 2266 et
575 2228 808 2276 reprehendi,
843 2228 916 2264 sive
945 2229 1122 2277 privatim
1157 2229 1230 2266 sive
1254 2229 1418 2277 publice,
1444 2230 1481 2264 in
1510 2230 1656 2267 lenitate
1684 2236 1717 2279 et

186 2294 362 2330 modestia
398 2292 627 2336 Christiana,
662 2299 701 2328 ut
728 2305 794 2328 nos
823 2293 931 2329 etiam
961 2294 1127 2329 omnibus
1148 2294 1353 2341 plurimum
1382 2294 1512 2330 debere
1531 2294 1715 2342 profitea-

189 2371 283 2402 mur,
318 2358 383 2405 qui
416 2358 519 2394 nobis
555 2362 682 2393 errata
723 2363 850 2393 nostra
887 2357 989 2394 verbi
1023 2358 1140 2394 divini
1173 2359 1387 2395 testimoniis
1422 2364 1716 2402 commonstrent,

187 2429 326 2459 tantum
362 2423 463 2459 abest
496 2429 536 2460 ut
566 2423 644 2472 piis
680 2423 851 2459 modestis
888 2429 920 2459 et
959 2423 1180 2460 Christianis
1216 2424 1559 2471 reprehensionibus
1595 2424 1714 2470 offen-

186 2488 333 2524 damur.
390 2486 583 2524 Caeterum
627 2486 833 2523 maledictis
876 2499 923 2523 ae
969 2489 1155 2533 conviciis,
1199 2488 1354 2536 denique
1403 2493 1436 2523 et
1466 2487 1714 2535 praeiudiciis

185 2552 414 2595 contendere,
449 2565 522 2588 non
558 2552 873 2599 am-(648)amus‚
908 2552 1143 2601 Paulumque
1171 2553 1388 2601 Apostolum
1416 2553 1473 2588 hic
1501 2552 1607 2600 sequi
1632 2565 1713 2588 ma-

187 2619 318 2659 lumus,
365 2618 429 2664 qui
463 2617 559 2653 hunc
596 2629 731 2654 morem
767 2623 801 2653 et
835 2629 859 2652 a
895 2630 933 2654 se
969 2624 1001 2653 et
1038 2618 1084 2653 ab
1122 2618 1296 2654 Ecclesia
1333 2617 1405 2653 Dei
1440 2617 1600 2652 alienum
1637 2630 1711 2653 esse

185 2687 350 2718 testatur.
382 2681 501 2728 Atque
530 2681 703 2718 audimus
734 2681 880 2729 quidem
908 2682 1101 2717 nonnullos
1130 2682 1285 2729 offendi,
1315 2681 1466 2728 quadiu
1486 2681 1710 2717 instituenda

185 2751 312 2781 nostra
355 2745 542 2789 Ecclesia,
577 2758 650 2781 non
685 2746 851 2793 equidem
887 2745 991 2781 nobis
1028 2747 1232 2793 sequendos
1269 2757 1344 2782 esse
1385 2745 1710 2782 existimaverimus

184 2812 347 2847 aliarum
387 2810 646 2846 Ecclesiarum
683 2812 775 2847 ritus
810 2817 921 2858 atque
959 2810 1242 2855 observationes,
1275 2811 1341 2847 sed
1375 2822 1489 2846 novas
1512 2823 1707 2859 propemo-

184 2878 268 2913 dum
307 2888 428 2914 omnes
464 2876 638 2923 nobisque
671 2877 882 2924 peculiares
919 2877 1174 2913 caeremonias
1210 2877 1450 2920 observemus,
1486 2875 1595 2912 veluti
1621 2888 1708 2912 con-
