1830 3147
195 121 263 169 [A.
289 121 335 158 D.
359 121 473 168 1545]
934 119 1003 155 eoo
1023 150 1035 156 -

195 230 310 266 norati
333 229 370 265 in
393 228 526 271 amicis,
552 228 636 264 dum
660 227 741 264 illos
765 227 985 269 honoramus,
1011 227 1126 264 Deum
1152 230 1189 265 et
1208 230 1394 272 contemni,
1410 228 1492 266 dum
1507 229 1586 266 illos
1605 232 1730 267 temere

195 291 465 330 contemnimus.
503 288 609 326 modo
644 292 686 325 ut
717 288 814 337 quod
845 289 948 325 amici
980 302 1001 326 a
1033 289 1134 326 nobis
1166 290 1325 338 exigunt,
1361 303 1405 326 ne
1437 291 1515 327 Deo
1547 295 1729 338 repugnet.

196 350 318 389 Quare
351 351 489 397 poteras
520 348 579 385 hic
609 348 695 385 nihil
730 348 773 384 de
797 347 898 385 nobis
921 349 1104 396 suspicari,
1130 361 1174 385 ne
1198 361 1262 386 nos
1286 350 1434 386 aliorum
1457 361 1596 398 quoque
1619 351 1730 398 suspi-

197 410 358 447 cionibus
391 411 528 457 praeter
559 409 719 446 meritum
752 412 910 446 nostrum
941 409 1148 446 involveres.
1197 410 1289 449 Quis
1322 411 1414 447 enim
1438 421 1510 447 non
1531 411 1665 459 aliquid
1688 411 1732 447 de

197 470 298 507 nobis
330 470 538 518 suspicetur,
579 469 671 518 apud
705 482 792 518 quos
825 481 904 507 cum
934 469 1135 518 aliquandiu
1168 470 1238 507 iam
1271 471 1426 514 vixisses,
1459 471 1559 508 nobis
1593 472 1731 510 interim

196 531 316 569 insciis
341 531 469 568 abduci
494 534 529 568 te
552 543 573 566 a
597 531 698 567 nobis
725 532 909 568 curasses?

247 594 283 630 Si
316 592 463 640 putabas
495 593 680 630 consilium
714 592 813 629 nobis
853 596 951 629 tuum
978 595 1120 641 propter
1145 595 1285 640 pactum
1307 605 1386 630 cum
1411 593 1562 630 Domino
1585 593 1733 630 Alberto

198 654 461 702 haudquaquam
488 651 672 700 probatum
695 652 750 695 iri.
776 653 857 696 scis,
882 666 957 690 mea
981 655 1101 691 soror!
1129 666 1192 690 nos
1217 657 1396 701 pactorum
1414 658 1608 691 vestrorum
1620 666 1732 703 neque

195 717 339 750 autores
363 712 427 748 tibi
452 724 564 761 neque
589 712 809 748 consultores
835 712 952 749 fuisse.
998 713 1034 749 Si
1059 711 1145 761 quid
1171 716 1226 749 est
1249 713 1341 749 inter
1364 725 1437 752 vos.
1460 712 1497 750 id
1522 718 1631 750 totum
1657 715 1733 750 fac-

198 778 273 810 tum
298 777 352 810 est
372 773 474 809 nobis
499 773 617 810 insciis
642 784 795 820 prorsus,
819 772 958 815 nedum,
983 777 1023 809 ut
1047 773 1112 810 tibi
1137 773 1192 810 hie
1217 773 1272 810 vel
1297 774 1506 811 suaserimus
1529 774 1586 811 vel
1599 774 1732 811 dissua-

197 835 342 871 serimus
383 833 582 882 quidquam,
624 837 762 869 tantum
796 833 910 877 abest,
946 836 986 870 ut
1020 834 1120 871 nobis
1155 834 1211 872 hic
1243 835 1413 882 imputare
1443 835 1575 884 aliquid
1609 837 1733 884 possis.

197 897 275 932 Imo
299 906 381 931 vero
403 907 449 931 ne
474 894 508 930 id
534 894 676 942 quidem
701 894 790 931 serio
814 894 876 931 abs
899 898 935 931 te
959 895 1131 931 sciscitari
1156 895 1251 932 volui
1276 907 1440 944 unquam,
1467 900 1604 944 praeter
1627 897 1732 934 semel

197 957 321 997 obiter,
350 956 440 1004 qnod
475 955 512 992 in
536 956 612 992 eius
637 956 687 991 rei
712 957 923 992 mentionem
949 957 1039 992 forte
1063 957 1204 993 fortuna
1228 969 1272 993 ex
1296 957 1469 1005 colloquio
1493 957 1732 996 incideremus.

198 1017 322 1065 Itaque
357 1030 399 1053 ne
431 1016 488 1053 hic
522 1016 661 1065 quidem
687 1016 730 1052 de
755 1017 856 1053 nobis
880 1017 1068 1065 quidquam
1095 1018 1217 1054 merito
1242 1021 1380 1066 poteras
1405 1020 1585 1067 suspicari.
1635 1020 1732 1058 Illud

193 1077 351 1124 equidem
387 1076 508 1117 fateor,
539 1088 594 1112 me
626 1075 773 1112 Doctori
797 1076 946 1113 Alberto
970 1078 1119 1113 amicum
1145 1090 1221 1113 esse
1253 1079 1472 1126 fortunisque
1507 1079 1601 1116 illins
1624 1081 1732 1117 omni-

196 1138 261 1174 bus
293 1150 346 1173 me
381 1148 423 1173 ex
448 1138 563 1173 animo
587 1138 716 1179 favere,
744 1141 884 1185 propter
907 1138 1000 1174 illius
1025 1139 1126 1175 dotes
1152 1143 1188 1175 et
1213 1139 1397 1186 peculiaria
1421 1140 1588 1188 quaedam
1615 1142 1649 1177 in
1677 1154 1731 1178 me

192 1200 317 1242 officia,
353 1200 477 1247 quibus
503 1210 557 1234 me
595 1198 660 1234 sibi
697 1198 919 1235 vehementer
955 1199 1127 1242 devinxit,
1154 1203 1191 1236 et
1215 1200 1358 1247 proinde
1385 1200 1468 1236 mihi
1491 1201 1725 1248 gratissimum

195 1262 303 1298 fuisse
333 1261 452 1302 etiam,
488 1272 594 1308 quum
629 1271 691 1296 vos
724 1260 872 1296 invicem
905 1261 997 1296 inter
1022 1273 1084 1297 vos
1110 1265 1231 1308 pactos
1257 1274 1332 1297 esse
1355 1262 1522 1298 audirem.
1572 1263 1669 1301 Quin
1695 1266 1732 1300 et

191 1336 330 1372 operam
363 1322 415 1359 illi
451 1335 558 1358 meam
596 1322 632 1357 in
666 1321 730 1358 hac
765 1325 865 1369 parte
890 1321 1011 1362 detuli,
1043 1322 1134 1369 quod
1163 1325 1208 1364 te,
1234 1322 1294 1358 ubi
1319 1322 1395 1369 ipsa
1420 1323 1536 1361 velles.
1561 1323 1606 1358 ad
1630 1323 1729 1360 illum

192 1385 458 1421 transmissurus
494 1395 616 1419 essem.
665 1381 735 1418 Sed
767 1382 852 1420 haec
888 1382 944 1430 egi
978 1383 1094 1418 omnia
1127 1386 1161 1418 te
1195 1382 1330 1418 sciente
1366 1394 1406 1418 ae
1440 1382 1580 1419 volente
1613 1384 1732 1426 etiam,

193 1446 286 1493 qnod
313 1445 377 1481 hoc
401 1439 638 1491 ipsum'meae
663 1447 698 1478 et
730 1442 824 1479 illius
848 1443 1020 1479 amicitiae
1046 1445 1136 1479 ratio
1160 1454 1200 1479 ac
1225 1442 1404 1479 vinculum
1430 1444 1607 1490 postulare
1631 1456 1651 1479 a
1675 1456 1729 1481 me

196 1507 384 1541 videretur.
410 1504 508 1540 Haec
533 1507 662 1545 autem,
688 1515 765 1539 cum
791 1502 856 1539 tibi
880 1503 995 1539 fraudi
1018 1516 1093 1539 esse
1118 1515 1184 1539 non
1213 1508 1411 1550 possent—
1430 1517 1539 1552 neque
1561 1505 1650 1541 enim
1665 1506 1732 1543 nisi

194 1570 230 1602 te
262 1565 400 1601 volente
426 1565 583 1600 facturus
606 1577 696 1600 eram
722 1565 838 1600 omnia
861 1583 909 1590 —
933 1564 1095 1600 admirari
1119 1566 1203 1600 satis
1230 1577 1298 1600 non
1324 1577 1473 1612 possum,
1500 1565 1592 1613 quod
1616 1578 1657 1602 ea
1682 1567 1729 1603 sis

195 1639 257 1663 usa
291 1625 384 1673 apud
417 1638 482 1661 nos
516 1625 750 1666 simulatione,
780 1637 867 1672 quae
892 1625 1031 1661 interim
1058 1626 1169 1661 varias
1196 1625 1296 1661 nobis
1321 1625 1414 1672 apud
1440 1626 1569 1662 multos
1593 1630 1630 1662 et
1653 1627 1726 1674 qui-

192 1687 268 1722 dem
310 1690 444 1733 praeter
475 1686 636 1722 meritum
673 1689 829 1737 nostruin
863 1686 1077 1732 suspiciones
1104 1686 1206 1732 parit,
1239 1699 1259 1721 a
1283 1685 1410 1734 quibus
1434 1699 1518 1723 sane
1542 1687 1653 1723 nostri
1676 1689 1728 1724 in·

192 1751 330 1789 tererat,
354 1751 395 1782 ut
420 1759 484 1783 nos
509 1759 587 1783 cum
613 1746 706 1794 apud
732 1751 780 1788 te,
808 1750 881 1782 tum
907 1747 1000 1795 apud
1026 1751 1107 1783 tuos
1126 1748 1246 1787 etiam,
1268 1759 1326 1794 per
1340 1751 1475 1783 nostras
1493 1748 1592 1784 hasce
1610 1747 1728 1785 literas

195 1811 430 1849 liberaremus.
457 1812 691 1855 testatumque
718 1809 908 1843 faceremus
934 1820 998 1843 nos
1022 1808 1067 1843 ab
1090 1807 1250 1843 omnibus
1276 1807 1376 1854 plane
1400 1808 1667 1854 suspicionibus,
1690 1809 1727 1845 in

193 1882 278 1917 quas
302 1881 366 1904 nos
394 1870 475 1905 haec
499 1872 561 1903 tua
585 1867 762 1903 simulatio
781 1879 906 1903 vocare.
928 1868 1018 1903 forte
1033 1871 1161 1914 posset.
1177 1868 1310 1903 alienos
1324 1879 1400 1902 esse
1413 1870 1449 1903 et
1461 1879 1595 1914 semper
1609 1869 1728 1904 fuisse,

241 1931 410 1978 Ignosces
443 1933 572 1971 autem,
597 1940 672 1964 mea
696 1930 810 1965 soror!
837 1928 930 1975 quod
954 1940 1043 1975 quae
1070 1928 1219 1964 Alberto
1243 1941 1263 1963 a
1288 1940 1341 1964 me
1368 1928 1479 1964 verbis
1506 1930 1574 1964 tuis
1597 1929 1726 1974 signifi-

191 1992 263 2028 cari
295 1993 359 2033 vis,
393 1991 444 2028 illi
477 2003 542 2038 ego
575 1991 766 2037 significare
800 2002 869 2026 non
895 1991 1037 2037 possim.
1086 1990 1169 2026 Non
1195 2002 1286 2025 eram
1312 1990 1566 2036 paranymphus
1597 1994 1726 2033 vester,

193 2054 310 2100 itaque
345 2055 381 2088 ct
413 2052 604 2098 diremptor
627 2062 703 2086 esse
727 2050 821 2086 nolo.
865 2043 1041 2097 Siquidem
1068 2050 1219 2085 omnium
1243 2049 1372 2095 optime
1397 2050 1487 2084 nosti
1513 2054 1574 2084 tua
1597 2050 1726 2093 omnia,

193 2114 346 2149 omnium
371 2113 476 2148 etiam
502 2111 632 2158 optime
657 2111 708 2147 illi
733 2122 821 2158 quae
845 2111 940 2146 voles
965 2110 1094 2157 poteris
1120 2100 1293 2146 indicare..
1321 2110 1393 2146 Res
1419 2114 1500 2145 tuac
1526 2134 1585 2146 .....
1609 2123 1724 2146 mane·

195 2174 284 2210 bunt.
314 2174 424 2210 donee
455 2184 516 2219 pro
541 2171 611 2208 illis
635 2172 781 2207 miseris.
822 2171 929 2209 Quod
954 2171 1056 2218 petis,
1082 2175 1121 2206 ut
1147 2170 1312 2206 fratribus
1339 2172 1410 2206 tuis
1435 2169 1597 2211 indicem,
1619 2183 1726 2218 quan-

191 2238 264 2270 tum
301 2246 362 2281 pro
395 2234 468 2270 eius
503 2233 666 2279 temporis
700 2245 768 2280 quo
809 2231 902 2278 apud
934 2244 998 2268 nos
1030 2232 1127 2267 fuisti
1160 2231 1333 2267 sumtibus
1358 2230 1484 2266 habere
1509 2231 1624 2271 velim,
1652 2243 1723 2268 non

192 2309 267 2333 sum
301 2296 341 2335 is.
379 2306 454 2330 mea
478 2295 591 2329 soror!
625 2293 684 2340 qui
707 2295 880 2328 sumtuum
908 2291 1077 2328 eiusmodi
1103 2292 1213 2338 pretia
1239 2303 1418 2338 reposcere
1443 2291 1585 2326 soleam.
1617 2291 1724 2329 Quod

192 2357 236 2392 ad
275 2362 307 2392 te
347 2355 514 2402 imprimis
544 2354 684 2395 attinet.
725 2352 811 2389 nihil
836 2353 950 2397 minus
976 2353 1142 2400 cogitavi.
1168 2364 1247 2388 cum
1272 2356 1307 2388 te
1332 2352 1367 2388 in
1392 2351 1495 2387 aedes
1522 2364 1614 2387 meas
1640 2351 1725 2387 reci-

191 2430 317 2466 perem,
345 2420 456 2465 *quam
491 2419 531 2452 ut
563 2418 740 2461 sumptum
777 2413 871 2449 hunc
905 2413 958 2449 vel
985 2413 1047 2449 abs
1072 2417 1119 2453 te,
1144 2413 1198 2448 vel
1223 2425 1244 2448 a
1269 2412 1339 2448 tuis
1364 2423 1592 2459 reposcerem.
1639 2410 1721 2452 Sed,

189 2476 358 2525 quidquid
390 2476 492 2512 huius
525 2475 603 2516 feci,
635 2486 696 2521 pro
732 2473 921 2510 christiana
945 2473 1114 2509 charitate
1140 2473 1217 2514 feci.
1248 2473 1404 2508 facturus
1431 2471 1530 2519 plura
1554 2471 1668 2512 etiam,
1693 2470 1723 2506 si

190 2543 307 2574 nostra
339 2537 493 2572 tenuitas
528 2535 593 2571 tibi
625 2534 825 2571 satisfacere
862 2534 1045 2581 potuisset.
1094 2535 1199 2569 Nunc
1237 2538 1335 2568 tuum
1370 2533 1437 2568 erit
1460 2531 1668 2572 condonare,
1693 2531 1721 2567 si

191 2609 260 2644 qna
285 2599 320 2634 in
346 2602 444 2645 parte
467 2596 529 2632 tibi
555 2609 623 2632 nou
650 2595 932 2632 satisfecerimus.
972 2594 1092 2633 Quare
1116 2593 1208 2642 quod
1235 2593 1278 2629 ad
1303 2596 1461 2640 sumptus
1486 2591 1721 2639 pensationem

189 2658 329 2696 attinet.
354 2662 396 2694 ut
420 2657 507 2693 nihil
529 2656 573 2692 de
597 2667 637 2692 ea
665 2655 820 2703 cogitavi
843 2666 1010 2701 unquam,
1038 2656 1087 2690 ita
1112 2666 1204 2690 nunc
1230 2653 1323 2690 illius
1348 2652 1487 2689 nomine
1507 2651 1594 2686 nihil
1617 2652 1720 2687 etiam

189 2717 245 2752 vel
277 2717 339 2753 abs
372 2721 407 2753 te
443 2717 496 2752 vel
529 2729 550 2752 a
583 2716 653 2752 tuis
686 2714 840 2762 postulo.
898 2715 936 2751 Si
968 2718 1108 2761 gratum
1141 2719 1196 2749 est
1229 2713 1393 2750 fratribus
1424 2712 1494 2747 tuis
1518 2723 1632 2747 meum
1657 2711 1723 2749 hoe

192 2777 433 2824 qualecunque
460 2778 494 2812 in
519 2780 555 2811 te
579 2775 739 2818 officium,
770 2775 923 2811 amicitia
948 2775 982 2810 id
1007 2775 1108 2810 nobis
1134 2787 1198 2810 sna
1224 2785 1368 2820 pensare
1394 2775 1568 2818 poterunt.
1621 2772 1721 2809 Haec

193 2837 275 2873 mihi
307 2837 392 2872 satis
425 2837 503 2878 erit,
538 2835 640 2872 modo
676 2840 716 2872 ut
747 2847 826 2872 cum
863 2836 939 2871 Deo
969 2837 1157 2871 consistere
1188 2840 1307 2882 queat.
1355 2834 1459 2868 Plura
1483 2844 1552 2868 uon
1578 2845 1719 2880 possum

176 2910 250 2949 <per
276 2896 525 2940 valetudinem,
549 2898 632 2945 quin
657 2901 696 2933 et
717 2897 801 2935 hacc
826 2897 900 2934 sine
926 2895 1051 2940 lituris,
1075 2901 1115 2934 ut.
1138 2897 1247 2937 vides,
1275 2894 1424 2932 scribere
1445 2905 1517 2952 ¹non
1544 2894 1652 2943 potui,
