1830 3147
1610 157 1681 194 275

147 274 275 309 nostro
321 280 388 321 pro
435 271 563 307 nostra
601 266 820 304 infirmitate
856 265 1117 303 assentiamur.
1182 265 1244 302 Sic
1282 264 1453 302 Christus
1490 264 1678 303 Dominus

145 336 256 374 fidem
284 336 323 373 in
352 336 462 373 Petro
491 333 729 372 vacillantem
749 330 999 382 reprehendit,
1016 332 1163 367 firmam
1181 344 1267 368 vero
1288 331 1325 368 in
1345 331 1489 368 Ioanne
1507 331 1680 381 Baptista

147 400 396 447 commendat,
433 399 571 437 Matth.
601 401 660 444 14,
689 399 756 444 11;
795 397 849 434 sic
883 400 919 434 et
954 395 1047 434 alibi
1074 395 1162 433 fidei
1188 395 1459 433 firmitudinem
1487 409 1678 443 commen-

145 465 238 512 dari,
275 463 559 503 haesitationem
588 475 677 501 vero
703 461 854 499 traduci
881 460 1063 507 videmus,
1092 459 1232 498 Matth.
1262 463 1322 504 21,
1352 460 1448 500 Mar.
1481 463 1538 507 ll,
1567 461 1678 500 Rom.

145 534 183 575 4,
217 530 348 568 Iacob.
376 531 412 568 3.
468 527 636 566 Tertiam
671 539 757 564 vero
794 526 884 564 fidei
917 529 1047 563 notam
1084 538 1176 571 esse,
1204 529 1245 563 ut
1272 538 1350 564 non
1378 540 1398 563 e
1425 526 1584 564 rationis
1611 539 1681 564 no-

144 596 244 631 strae
270 590 412 629 iudicio
442 590 659 640 nostrisque
687 587 882 627 affectibus
911 590 1102 634 nascatur,
1129 586 1194 624 sed
1222 587 1396 638 spiritum
1424 593 1596 626 sanctum
1615 601 1681 626 au-

142 661 262 695 torem
302 670 410 694 suum
446 656 486 694 in
525 655 636 693 corde
673 658 804 692 nostro
844 653 992 699 habeat,
1035 653 1102 706 qui
1139 653 1267 691 divino
1304 653 1431 691 affiatu
1467 667 1533 691 suo
1568 654 1681 691 corda

144 727 273 760 nostra
307 721 445 759 excitet
473 721 522 758 ad
549 719 884 772 apprehendendas
912 718 1018 757 verbi
1045 718 1166 756 divini
1193 708 1473 769 promissiones,
1501 724 1542 757 ut
1570 719 1681 757 nobis

142 787 329 838 placeant,
365 799 510 836 nosque
545 785 742 836 pacificata
780 789 908 822 nostra
946 783 1178 821 conscientia
1204 784 1244 821 in
1271 783 1348 821 illis
1376 784 1514 821 fiducia
1542 784 1684 821 Christi

145 851 298 889 Domini
338 852 662 902 conquiescamus,
699 850 845 888 etiamsi
880 849 1049 887 nondum
1086 862 1141 894 ea,
1177 849 1339 900 quaein
1366 850 1683 900 promissionibus

145 913 282 951 divinis
311 913 512 956 habentur,
539 913 580 950 in
608 913 719 951 nobis
749 912 810 949 hic
840 912 1056 962 conspicere
1082 912 1282 963 possimus.
1310 912 1369 949 Ex
1389 913 1576 949 fructibus
1598 925 1682 949 vcro

143 980 226 1017 istis
255 979 364 1016 facile
392 992 580 1029 apparere,
607 992 699 1015 num
728 977 902 1028 spiritum
931 982 1104 1014 sanctum
1132 977 1220 1014 fidei
1248 981 1398 1014 nostrae
1425 982 1594 1015 autorem
1615 977 1682 1014 ha-

145 1044 310 1082 beamus.
366 1043 499 1094 Neque
535 1043 633 1081 enim
673 1047 728 1080 est
767 1042 918 1080 ociosus
947 1042 1092 1079 afflatus
1119 1042 1251 1093 ipsius,
1279 1042 1342 1080 sed
1369 1044 1512 1093 profert
1540 1056 1684 1094 semper

145 1109 288 1146 fructus
327 1121 425 1154 suos,
464 1108 528 1159 qui
566 1108 677 1145 nobis
713 1108 752 1144 in
790 1106 1037 1156 cor‹(640)de
1064 1112 1193 1144 nostro
1222 1112 1422 1155 testantur,
1451 1122 1519 1146 nos
1548 1109 1684 1146 habere

142 1171 242 1208 intra
276 1184 345 1208 nos
383 1170 556 1221 spiritum
593 1174 764 1208 sanctum
807 1169 895 1206 fidei
922 1174 1073 1207 nostrae
1101 1173 1282 1208 autorem.
1338 1170 1431 1207 Esse
1459 1175 1582 1208 autem
1611 1171 1683 1208 hoc

142 1237 335 1288 proprium
371 1236 521 1286 spiritui
557 1239 700 1281 sancto,
737 1239 779 1272 ut
807 1234 931 1271 carnis
961 1234 1289 1284 concupiscentiis,
1318 1248 1396 1272 non
1424 1234 1596 1285 equidem
1624 1235 1684 1272 in-

144 1302 305 1351 dulgeat1
334 1301 398 1339 sed
425 1314 579 1353 prorsus
607 1300 840 1340 adversetur.
869 1301 968 1337 Tum
997 1299 1146 1338 demum
1174 1300 1290 1349 igitur
1319 1300 1490 1351 spiritum
1512 1304 1684 1338 sanctum

145 1371 294 1404 nostrae
332 1366 421 1403 fidei
460 1369 628 1403 autorem
656 1379 737 1403 esse
764 1365 1035 1413 intelligemus,
1062 1365 1149 1402 dum
1178 1371 1330 1402 nostrae
1358 1365 1443 1402 fidei
1471 1379 1687 1416 repugnan-

144 1432 236 1470 tiam
279 1431 432 1482 spiritus
460 1431 638 1468 adversus
669 1444 817 1468 carnem
846 1430 886 1468 in
915 1430 1027 1468 corde
1055 1433 1186 1467 nostro
1216 1430 1433 1467 adiunctam
1461 1444 1541 1468 esse
1570 1431 1685 1469 senti-

145 1509 240 1534 mus,
296 1496 345 1533 Et
381 1496 478 1533 hanc
513 1495 545 1533 si
573 1496 716 1533 nullam
744 1494 898 1532 omnino
927 1495 967 1532 in
997 1494 1110 1532 corde
1137 1499 1268 1533 nostro
1299 1496 1516 1541 sentiamus,
1545 1497 1685 1534 frustra

145 1561 317 1612 equidem
344 1561 455 1598 nobis
484 1561 559 1598 ullo
590 1574 744 1611 prorsus
772 1561 860 1598 fidei
889 1561 1053 1606 nomine,
1082 1574 1195 1612 quam
1224 1561 1325 1598 Deus
1354 1561 1495 1611 alioqui
1515 1561 1553 1598 in
1574 1562 1684 1600 nobis

145 1626 313 1676 requirit,
342 1626 594 1664 blandiamur.
634 1627 735 1663 Nam
763 1639 842 1663 eam
871 1626 1003 1677 ipsam,
1031 1640 1144 1677 quam
1171 1626 1329 1676 ipsemet
1357 1626 1527 1675 largitur.
1556 1630 1683 1664 ctnon

144 1692 255 1728 aliam
286 1692 400 1729 ullam
427 1692 539 1728 fidem
566 1691 723 1742 requirit
751 1692 790 1729 in
819 1693 929 1729 nobis
957 1692 1072 1737 Deus,
1102 1692 1133 1729 si
1168 1706 1187 1728 a
1219 1692 1361 1729 Christi
1388 1691 1544 1729 Domini
1575 1693 1686 1730 bene-

146 1756 240 1794 ficiis
278 1756 426 1793 excludi
461 1757 640 1794 nolimus.
696 1756 810 1794 Cuius
849 1770 999 1794 sensum
1038 1757 1068 1793 si
1099 1757 1174 1793 ullo
1203 1757 1315 1794 modo
1344 1757 1384 1794 in
1415 1758 1525 1795 corde
1554 1763 1684 1796 nostro

143 1821 260 1873 ipsius
307 1821 486 1859 beneficio
534 1821 753 1867 habeamus,
799 1827 910 1872 atque
946 1822 1166 1860 adiunctam
1199 1822 1256 1859 illi
1292 1823 1579 1872 repugnantiam
1618 1823 1684 1862 ad-

143 1900 269 1924 versus
308 1900 457 1924 carnem
493 1891 661 1924 nostram
698 1888 799 1924 intra
837 1900 905 1924 nos
942 1900 1011 1938 pro
1050 1891 1180 1924 nostra
1218 1887 1437 1925 infirmitate
1466 1888 1686 1933 sentiamus,

143 1962 253 2003 atque
291 1952 381 1990 haec
417 1952 503 1990 talis
540 1952 646 1999 fides,
684 1966 760 1990 non
799 1953 847 1990 sit
877 1952 991 1990 dubia
1027 1953 1138 2004 plane
1166 1956 1202 1991 et
1232 1958 1332 1990 certo
1361 1958 1550 2004 praeterea
1581 1954 1684 1991 verbi

146 2017 264 2055 divini
299 2017 529 2064 testimonio,
566 2023 605 2056 ut
643 2017 785 2055 dictum
813 2022 879 2061 est,
908 2018 1064 2063 nitatur,
1091 2021 1172 2056 tum
1200 2018 1374 2068 equidem
1401 2023 1476 2056 tam
1506 2032 1575 2055 nos
1605 2032 1684 2056 ccr-

143 2095 202 2120 tos
238 2095 318 2119 esse
353 2081 487 2121 debere
525 2083 570 2120 de
608 2083 757 2120 sublata
794 2097 814 2120 a
851 2083 962 2120 nobis
1003 2083 1107 2120 omni
1133 2084 1279 2135 peccati
1307 2078 1427 2121 nostri
1455 2084 1684 2122 condemna-

141 2147 244 2184 tione
280 2146 400 2197 dcque
435 2147 578 2184 abolito
615 2148 725 2198 plane
763 2151 874 2196 (641)
913 2149 1045 2186 mortis
1082 2162 1198 2198 regno
1235 2149 1275 2186 in
1312 2149 1423 2187 nobis
1451 2163 1516 2200 per
1545 2150 1685 2187 Christi

144 2211 297 2248 Domini
333 2211 634 2262 propitiatoriam
667 2212 707 2250 in
743 2218 863 2251 morte
901 2213 980 2250 eius
1017 2214 1260 2260 oblationem,
1295 2228 1407 2265 quam
1445 2219 1584 2252 certum
1615 2220 1683 2260 est,

143 2276 264 2313 Deum
292 2289 371 2313 esse
399 2276 532 2321 Deum,
560 2277 624 2327 qui
651 2277 690 2314 in
720 2279 823 2315 verbi
853 2279 911 2315 sui
939 2279 1058 2315 divini
1085 2279 1401 2329 promissionibus
1432 2294 1543 2318 verax
1572 2281 1620 2318 sit
1649 2287 1683 2318 ct

143 2341 277 2385 fidelis,
304 2354 424 2392 neque
451 2342 603 2379 mentiri
630 2343 708 2379 ullo
737 2343 849 2380 modo
877 2344 1009 2395 possit.

197 2409 230 2444 5.
260 2406 426 2444 Docetur
452 2406 635 2452 Ecclesia,
662 2407 775 2458 quod,
803 2408 873 2445 etsi
900 2412 1092 2459 peccatum
1120 2414 1294 2447 nostrum
1323 2410 1370 2448 sit
1396 2410 1470 2447 iam
1490 2411 1679 2461 expiatum

142 2476 261 2510 morte
298 2471 438 2509 Christi
473 2471 641 2517 Domini,
675 2486 909 2524 regnumque
943 2474 1076 2511 mortis
1113 2474 1162 2512 sit
1197 2474 1236 2511 in
1276 2475 1386 2513 nobis
1423 2476 1498 2513 iam
1525 2485 1680 2527 prorsus

141 2537 324 2574 abolitum
360 2538 563 2588 (quatenus
600 2538 751 2588 quidem
788 2539 826 2576 in
865 2543 993 2577 nostra
1022 2553 1106 2577 cum
1136 2539 1287 2577 Christo
1317 2540 1482 2578 Domino
1512 2555 1678 2580 commu·

140 2603 253 2639 nione
280 2602 368 2640 fidei
395 2607 546 2640 nostrae
575 2603 789 2642 testimonio
818 2607 1096 2655 permanemus)
1126 2605 1195 2642 sub
1223 2610 1375 2656 peccato
1396 2611 1521 2645 tamen
1545 2607 1680 2653 adhuc,

141 2672 176 2704 et
212 2667 371 2718 proinde
407 2668 476 2705 sub
514 2672 633 2706 morte
669 2669 793 2715 etiam,
834 2669 935 2719 quod
973 2669 1011 2707 in
1048 2671 1159 2708 nobis
1197 2675 1263 2715 est,
1299 2670 1388 2708 dum
1416 2672 1479 2708 hic
1507 2673 1679 2718 vivimus,

144 2731 369 2769 haereamus.
400 2732 593 2770 Nimirum
623 2733 795 2771 Christus
824 2734 1011 2773 Dominus
1040 2749 1115 2773 non
1136 2735 1309 2786 equidem
1329 2741 1522 2786 peccatum
1543 2738 1677 2788 ipsum,

145 2796 248 2834 cuius
286 2797 427 2847 alioqui
464 2810 616 2848 prorsus
655 2811 783 2848 expers
820 2804 911 2845 erat,
945 2799 1008 2838 sed
1038 2800 1155 2837 solam
1184 2801 1326 2850 peccati
1354 2814 1513 2851 poenam
1541 2802 1679 2851 pariter

143 2872 186 2898 ac
222 2861 367 2912 culpam
403 2862 482 2900 sine
518 2867 671 2913 peccato
707 2863 858 2902 interim
896 2865 972 2903 ullo
1010 2865 1050 2902 in
1089 2879 1126 2902 se
1162 2866 1368 2904 transtulit.
1423 2867 1473 2904 Et
1508 2868 1681 2917 proinde,

145 2925 230 2964 dum
266 2927 335 2965 sub
372 2931 525 2979 peccato
564 2929 757 2967 haeremus
786 2930 921 2977 adhuc,
959 2936 1143 2982 quatenus
1181 2931 1349 2982 equidem
1387 2932 1456 2975 illi,
1491 2934 1608 2984 (quod
1638 2936 1676 2973 in

1455 2997 1527 3036 18*
