1830 3147
191 109 265 145 242

193 216 400 256 Ecclesiam
435 215 608 254 laborare
642 215 920 266 obnoxiamque
947 228 1027 253 esse
1053 216 1173 262 novit,
1197 215 1504 267 adhortandique
1531 229 1660 254 omnes
1686 216 1727 254 in

194 282 377 328 Ecclesia,
413 284 454 319 ut
489 280 646 332 quisque
680 280 779 318 intra
814 293 893 318 sese
931 270 1139 318 descendat
1169 293 1349 332 suamque
1383 280 1652 319 conscientiam
1686 281 1728 319 in

194 346 358 399 peccatis
385 346 461 384 suis
489 346 670 397 exploret,
695 349 739 383 ut
764 345 828 382 illa
856 348 1047 394 agnoscat,
1073 345 1114 383 in
1140 345 1216 383 illis
1244 345 1317 383 sibi
1344 345 1554 396 displiceat,
1578 346 1726 383 illorum

197 426 235 450 se
270 411 624 467 nomine-accuset,
658 411 725 448 illa
760 410 941 461 deploret,
975 423 1118 461 proque
1153 410 1229 448 illis
1255 411 1404 448 veniam
1431 411 1588 462 supplex
1613 414 1728 461 petat.

195 477 341 515 Deinde
377 477 549 514 hortatur
583 476 804 521 Ecclesiam,
838 480 881 513 ut
916 474 956 512 in
992 488 1033 512 ea
1071 475 1280 513 calamitate
1308 489 1329 513 a
1355 475 1521 513 Domino
1561 475 1730 513 immissa

194 547 259 581 aut
293 543 535 594 impendente
560 541 672 580 fidem
699 554 849 592 quoque
877 551 983 578 suam
1011 540 1056 578 de
1081 540 1151 578 Dei
1189 540 1358 579 bonitate
1394 554 1437 579 ac
1472 541 1729 579 misericordia

191 608 357 657 gratuita
394 608 574 659 exploret,
610 607 682 644 hoc
717 610 785 652 est,
810 619 901 644 num
930 605 1128 656 quisquam
1155 605 1196 643 in
1232 605 1403 644 Ecclesia
1438 610 1524 657 post
1558 606 1729 655 agnitum

193 679 484 725 accusatumque
519 676 713 724 peccatum
751 684 860 709 suum
896 683 940 708 ac
975 671 1130 722 petitam
1164 684 1234 722 pro
1268 671 1334 709 illo
1363 672 1523 718 veniam,
1548 672 1649 710 intra
1690 684 1728 709 se

192 740 305 777 etiam
332 738 373 777 in
403 739 634 777 conscientia
662 751 729 776 sua
771 737 907 775 habeat
935 750 1086 774 sensum
1114 737 1276 788 aliquem
1305 737 1550 787 benignitatis
1576 750 1664 786 erga
1692 750 1731 774 se

194 818 238 843 ac
274 804 552 843 misericordiae
581 803 741 850 divinae,
768 816 859 841 num
885 815 954 854 pro
982 803 1049 840 illo
1078 807 1171 848 oret,
1195 815 1289 841 num
1314 802 1423 840 illum
1450 807 1611 854 expetat,
1637 815 1726 840 num

192 870 271 908 ulla
305 869 408 907 illius
436 869 618 907 suavitate
644 868 685 907 in
715 868 827 906 corde
854 880 921 906 suo
948 871 1140 917 tangatur,
1168 867 1315 918 hucque
1341 867 1488 905 inducit
1512 866 1731 905 testimonia

193 950 238 974 ex
274 935 483 987 scripturiS,
519 948 614 986 quae
649 934 762 972 nobis
796 934 1006 984 expositam
1043 933 1239 984 opulenter
1265 920 1345 970 esse
1371 936 1559 971 testantur
1584 932 1729 982 gratui-

192 1005 270 1040 tam
306 1000 378 1038 Dei
413 1013 501 1050 erga
537 1012 607 1038 nos
642 999 939 1037 misericordiam
982 997 1022 1035 in
1052 998 1215 1042 Christo,
1241 997 1354 1035 etiam
1380 997 1598 1048 priusquam
1628 997 1730 1034 illam

192 1066 450 1118 imploremus,
484 1065 598 1103 modo
633 1077 680 1103 ne
714 1065 779 1102 illa
813 1064 853 1101 in
891 1066 1110 1114 contemptu
1141 1062 1215 1114 ipsi
1249 1063 1362 1111 (553)
1398 1067 1528 1100 nostro
1565 1075 1585 1099 a
1621 1061 1732 1100 nobis

191 1133 457 1184 propellamus,
481 1132 559 1169 imo
587 1144 675 1169 vero
701 1131 924 1181 implorasse
950 1129 1022 1167 Dei
1048 1128 1343 1167 misericordiam
1372 1128 1540 1180 adeoque
1567 1132 1603 1166 et
1627 1128 1731 1166 illam

192 1201 234 1237 in
274 1199 386 1236 corde
412 1201 543 1236 nostro
571 1197 780 1248 expetiisse,
809 1209 889 1235 esse
914 1195 1101 1246 peculiare
1127 1195 1166 1232 in
1195 1193 1307 1232 nobis
1336 1207 1430 1245 opus
1456 1193 1616 1231 Divinae
1643 1206 1730 1242 erga

192 1278 263 1303 nos
298 1263 593 1307 misericordiae,
627 1276 700 1314 qua
738 1263 782 1299 fit
819 1266 859 1299 ut
895 1260 1101 1298 excitemur
1135 1273 1201 1310 per
1229 1259 1403 1310 spiritum
1430 1259 1550 1310 ipsius
1577 1258 1623 1296 ad
1652 1259 1732 1296 eius

193 1328 509 1381 implorationem,
534 1349 585 1358 --
605 1331 640 1365 et
667 1326 824 1378 proinde
851 1329 1081 1377 praesentem
1111 1325 1221 1362 etiam
1251 1328 1317 1361 aut
1337 1324 1615 1375 impendentem
1635 1323 1730 1362 alio-

196 1395 262 1445 qui
291 1393 539 1431 calamitatem
568 1392 703 1430 debere
731 1391 908 1429 omnibus
935 1390 976 1427 in
1003 1389 1173 1427 Ecclesia
1201 1402 1281 1427 esse
1307 1389 1593 1426 incitamentum
1613 1388 1735 1439 quod-

196 1460 282 1496 dam
320 1458 366 1496 ad
403 1457 490 1496 fidei
530 1461 682 1495 nostrae
716 1456 757 1493 in
794 1455 905 1493 nobis
933 1454 1243 1505 explorationem,
1269 1466 1358 1491 num
1387 1453 1559 1490 videlicet
1597 1466 1666 1491 nos
1694 1453 1733 1490 in

196 1537 238 1561 ea
276 1523 486 1560 calamitate
513 1525 577 1560 aut
606 1520 830 1558 deserendos
858 1523 923 1557 aut
949 1519 1134 1556 iuvandos
1169 1532 1249 1556 esse
1275 1519 1316 1555 in
1345 1517 1455 1555 corde
1491 1522 1621 1555 nostro
1659 1524 1734 1555 sta-

195 1593 358 1634 tuamus,
396 1591 460 1625 aut
487 1600 556 1625 nos
585 1586 728 1637 alioqui
755 1585 912 1623 excitari
940 1584 1157 1630 sentiamus,
1187 1583 1233 1620 ad
1261 1583 1422 1634 petenda
1449 1596 1470 1620 a
1496 1581 1660 1620 Domino
1689 1583 1734 1619 fi·

198 1654 258 1692 dei
285 1657 436 1692 nostrae
461 1653 706 1698 incrementa,
734 1655 920 1702 quatenus
947 1649 1023 1687 vim
1049 1649 1153 1686 illius
1179 1648 1220 1686 in
1248 1648 1360 1686 nobis
1386 1647 1578 1685 refrixisse
1604 1648 1733 1698 plane-

198 1733 271 1771 que
298 1719 511 1768 elanguisse
538 1718 721 1756 videmus.
757 1716 952 1754 Postremo
983 1715 1091 1753 docet
1120 1714 1378 1758 Ecclesiastes,
1405 1713 1627 1751 intuendam
1656 1725 1735 1750 esse

198 1785 375 1823 omnibus
412 1783 483 1821 Dei
519 1783 679 1832 gloriam
715 1781 756 1818 in
793 1794 835 1818 ea
872 1780 1094 1825 calamitate,
1131 1792 1244 1830 quam
1271 1778 1395 1824 nobis,
1427 1784 1492 1815 aut
1527 1778 1732 1815 immissam

197 1863 278 1888 esse
305 1850 392 1895 iam,
418 1852 483 1886 aut
510 1840 652 1898 alioqui
680 1846 895 1897 impendere
925 1845 1125 1890 cernimus,
1152 1856 1284 1894 nempe
1313 1847 1365 1888 ut,
1392 1843 1480 1881 fidei
1508 1847 1658 1881 nostrae
1677 1847 1734 1880 te-

198 1915 376 1953 stimonio
411 1913 590 1965 persuasi,
618 1924 696 1949 non
723 1924 834 1962 posse
860 1910 972 1947 nobis
1001 1909 1074 1947 nisi
1103 1908 1242 1959 optime
1271 1907 1412 1954 cedere,
1439 1906 1623 1958 quidquid
1652 1920 1733 1944 om-

197 1981 289 2018 nino
324 1980 365 2017 in
400 1992 470 2016 nos
508 1977 695 2016 Dominus
731 1975 934 2027 permittat,
958 1975 1136 2024 'curaque
1170 1972 1290 2010 nostri
1317 1976 1397 2010 tota
1422 1972 1479 2009 illi
1508 1972 1737 2018 concredita,

199 2046 238 2083 id
273 2044 511 2097 potissimum
549 2055 711 2087 oremus,
737 2044 780 2079 ut
806 2053 872 2091 per
899 2053 980 2077 eam
1009 2039 1259 2076 calamitatem
1296 2037 1366 2075 Dei
1401 2037 1521 2087 gloria
1556 2037 1597 2075 in
1624 2037 1735 2075 nobis

199 2116 402 2162 nostraque
437 2109 638 2148 tolerantia
677 2108 900 2150 illustretur,
929 2105 1000 2142 hoc
1027 2109 1094 2150 est,
1130 2107 1185 2149 ut,
1212 2103 1279 2154 qui
1305 2102 1416 2140 nobis
1443 2102 1483 2139 in
1511 2102 1597 2139 fidei
1623 2103 1734 2150 (554)

198 2181 349 2215 nostrae
386 2174 622 2213 confessione
654 2171 824 2210 nondum
870 2169 1139 2211 assentiuntur,
1183 2167 1374 2205 lucrifiant
1419 2166 1597 2211 Domino,
1643 2178 1734 2203 con-

201 2245 326 2293 specta
362 2244 491 2278 nostra
526 2238 741 2283 tolerantia,
769 2237 800 2274 si
827 2236 905 2272 ullo
934 2234 1046 2272 modo
1075 2233 1156 2271 fieri
1182 2236 1318 2284 potest,
1343 2232 1568 2269 infirmiores
1598 2232 1734 2268 confir-

199 2311 350 2345 mentur
376 2307 417 2344 in
445 2318 510 2343 sua
538 2304 623 2350 fide,
652 2306 701 2348 et,
727 2301 792 2352 qui
820 2304 907 2338 sunt
933 2299 1118 2337 firmiores
1146 2302 1182 2335 et
1211 2297 1284 2334 sibi
1311 2300 1347 2334 et
1376 2296 1487 2334 nobis
1522 2296 1660 2346 pariter
1684 2295 1732 2331 'in

199 2373 364 2410 Domino
394 2372 438 2409 de
465 2370 554 2408 fidei
580 2368 859 2420 patientiaeque
885 2369 1037 2403 nostrae
1065 2363 1165 2400 dono
1193 2362 1443 2411 gratulentur.

250 2438 386 2474 Postea
413 2435 567 2486 exponit
594 2432 855 2476 Ecclesiastes‚
882 2430 966 2467 ideo
994 2428 1207 2466 institutam
1235 2439 1315 2464 esse
1341 2425 1381 2463 in
1411 2422 1578 2462 Ecclesia
1606 2422 1731 2474 publi—

203 2515 282 2539 cam
310 2502 413 2539 illam
443 2498 754 2550 supplicationem
780 2500 816 2533 et
851 2495 1044 2545 publicum
1082 2493 1276 2537 ieiunium,
1301 2495 1345 2528 ut
1372 2503 1434 2527 eos
1462 2489 1563 2539 ipsos
1591 2487 1736 2525 immis-

204 2580 264 2604 sae
300 2570 366 2604 aut
400 2563 652 2616 impendentis
690 2560 915 2599 calamitatis
951 2560 1045 2596 fines
1093 2557 1260 2595 Ecclesia
1296 2555 1471 2593 universa
1516 2557 1553 2590 et.
1589 2553 1738 2602 singula

199 2631 302 2669 illius
337 2632 505 2668 membra
541 2634 647 2667 tanto
676 2627 817 2665 maiore
845 2638 932 2662 cura
968 2624 1093 2661 studio
1130 2627 1241 2672 atque
1275 2619 1480 2658 attentione
1518 2630 1641 2655 secum
1679 2630 1736 2654 re-

200 2698 334 2747 putent
372 2698 553 2745 tantoque
596 2691 812 2741 diligentius
849 2702 928 2726 sese
965 2691 1193 2739 componant
1219 2685 1265 2723 ad
1293 2682 1517 2734 pxaestanda
1556 2695 1610 2726 ea,
1643 2693 1737 2731 quae

202 2762 296 2797 fines
322 2758 503 2810 praedicti
530 2757 738 2808 requirunt,
764 2767 831 2805 pro
861 2753 952 2790 doni
979 2751 1135 2803 quisque
1163 2749 1222 2787 sui
1249 2760 1436 2790 mensura,
1463 2750 1604 2797 quanto
1635 2745 1735 2781 cala-

202 2825 367 2862 mitatem
404 2822 536 2873 ipsam,
572 2822 648 2858 sivc
675 2821 749 2858 iam
779 2818 826 2855 sit
853 2817 1036 2862 immissa,
1063 2816 1140 2853 sive
1167 2813 1291 2851 adhuc
1320 2810 1549 2862 impendeat,
1584 2809 1735 2859 gravio-

209 2905 287 2930 rem
314 2902 394 2928 esse
423 2891 581 2925 constat.
