<?xml version="1.0" encoding="UTF-8"?>
<!DOCTYPE html PUBLIC "-//W3C//DTD XHTML 1.0 Transitional//EN"
    "http://www.w3.org/TR/xhtml1/DTD/xhtml1-transitional.dtd">
<html xmlns="http://www.w3.org/1999/xhtml" xml:lang="en" lang="en">
 <head>
  <title>
</title>
<meta http-equiv="Content-Type" content="text/html;charset=utf-8" />
  <meta name='ocr-system' content='tesseract 3.04.00' />
  <meta name='ocr-capabilities' content='ocr_page ocr_carea ocr_par ocr_line ocrx_word'/>
</head>
<body>
  <div class='ocr_page' id='page_1' title='image "./operatameditaqua02lask_0314.png"; bbox 0 0 1830 3147; ppageno 0'>
   <div class='ocr_carea' id='block_1_1' title="bbox 81 2517 341 2591">
    <p class='ocr_par' dir='ltr' id='par_1_1' title="bbox 81 2517 341 2591">
     <span class='ocr_line' id='line_1_1' title="bbox 81 2517 341 2550; baseline 0.008 -2"><span class='ocrx_word' id='word_1_1' title='bbox 81 2517 167 2549; x_wconf 84' lang='lat' dir='ltr'>Esai.</span> <span class='ocrx_word' id='word_1_2' title='bbox 186 2518 223 2548; x_wconf 79' lang='lat'>41</span> <span class='ocrx_word' id='word_1_3' title='bbox 243 2520 275 2548; x_wconf 87' lang='lat' dir='ltr'>et</span> <span class='ocrx_word' id='word_1_4' title='bbox 291 2517 341 2550; x_wconf 74' lang='lat'>55.</span> 
     </span>
     <span class='ocr_line' id='line_1_2' title="bbox 82 2559 211 2591; baseline 0.008 -1"><span class='ocrx_word' id='word_1_5' title='bbox 82 2559 155 2590; x_wconf 90' lang='lat' dir='ltr'>Ose.</span> <span class='ocrx_word' id='word_1_6' title='bbox 182 2560 211 2591; x_wconf 79' lang='lat'>2.</span> 
     </span>
    </p>
   </div>
   <div class='ocr_carea' id='block_1_2' title="bbox 562 448 1575 612">
    <p class='ocr_par' dir='ltr' id='par_1_2' title="bbox 562 448 1575 612">
     <span class='ocr_line' id='line_1_3' title="bbox 562 448 1575 492; baseline -0.004 0"><span class='ocrx_word' id='word_1_7' title='bbox 562 451 767 492; x_wconf 85' lang='lat' dir='ltr'>SUMMA</span> <span class='ocrx_word' id='word_1_8' title='bbox 810 448 1141 491; x_wconf 82' lang='lat' dir='ltr'><strong>DOCTRINAE</strong></span> <span class='ocrx_word' id='word_1_9' title='bbox 1187 448 1575 491; x_wconf 84' lang='lat' dir='ltr'>CHRISTIANAE</span> 
     </span>
     <span class='ocr_line' id='line_1_4' title="bbox 744 568 1383 612; baseline -0.003 0"><span class='ocrx_word' id='word_1_10' title='bbox 744 570 807 612; x_wconf 86' lang='lat' dir='ltr'>IN</span> <span class='ocrx_word' id='word_1_11' title='bbox 839 568 1111 611; x_wconf 82' lang='lat' dir='ltr'>ECGLESIA</span> <span class='ocrx_word' id='word_1_12' title='bbox 1143 568 1383 611; x_wconf 81' lang='lat' dir='ltr'>CHRISTI.</span> 
     </span>
    </p>
   </div>
   <div class='ocr_carea' id='block_1_3' title="bbox 362 895 1773 1470">
    <p class='ocr_par' dir='ltr' id='par_1_3' title="bbox 362 895 1773 1470">
     <span class='ocr_line' id='line_1_5' title="bbox 411 895 1771 948; baseline -0.004 -9"><span class='ocrx_word' id='word_1_13' title='bbox 411 903 470 940; x_wconf 93' lang='lat' dir='ltr'>IN</span> <span class='ocrx_word' id='word_1_14' title='bbox 496 900 679 939; x_wconf 85' lang='lat' dir='ltr'>tradendo</span> <span class='ocrx_word' id='word_1_15' title='bbox 709 898 901 937; x_wconf 84' lang='lat' dir='ltr'>doctrinae</span> <span class='ocrx_word' id='word_1_16' title='bbox 928 897 1151 948; x_wconf 89' lang='lat' dir='ltr'>compendio</span> <span class='ocrx_word' id='word_1_17' title='bbox 1179 896 1225 934; x_wconf 90' lang='lat' dir='ltr'>de</span> <span class='ocrx_word' id='word_1_18' title='bbox 1252 909 1338 934; x_wconf 87' lang='lat' dir='ltr'>vera</span> <span class='ocrx_word' id='word_1_19' title='bbox 1366 895 1437 933; x_wconf 85' lang='lat' dir='ltr'>Dei</span> <span class='ocrx_word' id='word_1_20' title='bbox 1466 899 1503 933; x_wconf 88' lang='lat' dir='ltr'>et</span> <span class='ocrx_word' id='word_1_21' title='bbox 1531 895 1671 934; x_wconf 85' lang='lat' dir='ltr'>Christi</span> <span class='ocrx_word' id='word_1_22' title='bbox 1697 896 1771 933; x_wconf 89' lang='lat' dir='ltr'>Ec-</span> 
     </span>
     <span class='ocr_line' id='line_1_6' title="bbox 363 961 1773 1014; baseline -0.005 -9"><span class='ocrx_word' id='word_1_23' title='bbox 363 967 474 1005; x_wconf 82' lang='lat' dir='ltr'>clesia</span> <span class='ocrx_word' id='word_1_24' title='bbox 503 970 588 1004; x_wconf 89' lang='lat' dir='ltr'>ante</span> <span class='ocrx_word' id='word_1_25' title='bbox 626 964 752 1003; x_wconf 89' lang='lat' dir='ltr'>omnia</span> <span class='ocrx_word' id='word_1_26' title='bbox 790 977 863 1002; x_wconf 80' lang='lat' dir='ltr'>vox</span> <span class='ocrx_word' id='word_1_27' title='bbox 900 963 979 1014; x_wconf 88' lang='lat' dir='ltr'>ipsa</span> <span class='ocrx_word' id='word_1_28' title='bbox 1015 961 1206 1000; x_wconf 78' lang='lat' dir='ltr'>Ecclesiae</span> <span class='ocrx_word' id='word_1_29' title='bbox 1232 961 1454 1012; x_wconf 86' lang='lat' dir='ltr'>explicanda</span> <span class='ocrx_word' id='word_1_30' title='bbox 1481 964 1550 1004; x_wconf 85' lang='lat' dir='ltr'>est,</span> <span class='ocrx_word' id='word_1_31' title='bbox 1575 965 1617 998; x_wconf 87' lang='lat' dir='ltr'>ut</span> <span class='ocrx_word' id='word_1_32' title='bbox 1644 974 1773 998; x_wconf 88' lang='lat' dir='ltr'>omnes</span> 
     </span>
     <span class='ocr_line' id='line_1_7' title="bbox 362 1025 1773 1081; baseline -0.004 -13"><span class='ocrx_word' id='word_1_33' title='bbox 362 1031 590 1081; x_wconf 69' lang='lat' dir='ltr'>intelligant,</span> <span class='ocrx_word' id='word_1_34' title='bbox 627 1042 811 1081; x_wconf 83' lang='lat' dir='ltr'>quaenam</span> <span class='ocrx_word' id='word_1_35' title='bbox 849 1028 897 1065; x_wconf 89' lang='lat' dir='ltr'>sit</span> <span class='ocrx_word' id='word_1_36' title='bbox 943 1041 985 1065; x_wconf 89' lang='lat' dir='ltr'>ea</span> <span class='ocrx_word' id='word_1_37' title='bbox 1021 1026 1201 1072; x_wconf 77' lang='lat' dir='ltr'>Ecclesia,</span> <span class='ocrx_word' id='word_1_38' title='bbox 1229 1039 1341 1077; x_wconf 90' lang='lat' dir='ltr'>quam</span> <span class='ocrx_word' id='word_1_39' title='bbox 1378 1039 1447 1063; x_wconf 88' lang='lat' dir='ltr'>nos</span> <span class='ocrx_word' id='word_1_40' title='bbox 1490 1025 1710 1075; x_wconf 79' lang='lat' dir='ltr'>colligamus</span> <span class='ocrx_word' id='word_1_41' title='bbox 1736 1029 1773 1063; x_wconf 91' lang='lat' dir='ltr'>et</span> 
     </span>
     <span class='ocr_line' id='line_1_8' title="bbox 363 1090 1771 1144; baseline -0.005 -9"><span class='ocrx_word' id='word_1_42' title='bbox 363 1097 467 1135; x_wconf 87' lang='lat' dir='ltr'>cuius</span> <span class='ocrx_word' id='word_1_43' title='bbox 496 1110 564 1134; x_wconf 86' lang='lat' dir='ltr'>nos</span> <span class='ocrx_word' id='word_1_44' title='bbox 592 1095 787 1133; x_wconf 85' lang='lat' dir='ltr'>ministros</span> <span class='ocrx_word' id='word_1_45' title='bbox 815 1107 894 1131; x_wconf 87' lang='lat' dir='ltr'>esse</span> <span class='ocrx_word' id='word_1_46' title='bbox 921 1093 1150 1144; x_wconf 88' lang='lat' dir='ltr'>profitemur.</span> <span class='ocrx_word' id='word_1_47' title='bbox 1183 1091 1462 1142; x_wconf 88' lang='lat' dir='ltr'>Deduciturque</span> <span class='ocrx_word' id='word_1_48' title='bbox 1489 1104 1562 1128; x_wconf 87' lang='lat' dir='ltr'>vox</span> <span class='ocrx_word' id='word_1_49' title='bbox 1582 1090 1771 1128; x_wconf 82' lang='lat' dir='ltr'>Ecclesiae</span> 
     </span>
     <span class='ocr_line' id='line_1_9' title="bbox 362 1155 1769 1210; baseline -0.006 -10"><span class='ocrx_word' id='word_1_50' title='bbox 362 1162 408 1199; x_wconf 86' lang='lat' dir='ltr'>ab</span> <span class='ocrx_word' id='word_1_51' title='bbox 435 1161 632 1207; x_wconf 74' lang='lat' dir='ltr'>evocando,</span> <span class='ocrx_word' id='word_1_52' title='bbox 665 1158 766 1210; x_wconf 87' lang='lat' dir='ltr'>quod</span> <span class='ocrx_word' id='word_1_53' title='bbox 805 1158 905 1195; x_wconf 91' lang='lat' dir='ltr'>Deus</span> <span class='ocrx_word' id='word_1_54' title='bbox 933 1159 1061 1195; x_wconf 88' lang='lat' dir='ltr'>evocet</span> <span class='ocrx_word' id='word_1_55' title='bbox 1089 1170 1133 1194; x_wconf 80' lang='lat' dir='ltr'>ex</span> <span class='ocrx_word' id='word_1_56' title='bbox 1161 1156 1333 1193; x_wconf 85' lang='lat' dir='ltr'>universa</span> <span class='ocrx_word' id='word_1_57' title='bbox 1362 1155 1557 1192; x_wconf 74' lang='lat' dir='ltr'>horminum</span> <span class='ocrx_word' id='word_1_58' title='bbox 1584 1158 1664 1192; x_wconf 88' lang='lat' dir='ltr'>toto</span> <span class='ocrx_word' id='word_1_59' title='bbox 1692 1158 1769 1192; x_wconf 88' lang='lat' dir='ltr'>ter-</span> 
     </span>
     <span class='ocr_line' id='line_1_10' title="bbox 363 1219 1771 1272; baseline -0.006 -8"><span class='ocrx_word' id='word_1_60' title='bbox 363 1240 488 1264; x_wconf 86' lang='lat' dir='ltr'>rarum</span> <span class='ocrx_word' id='word_1_61' title='bbox 516 1225 607 1263; x_wconf 85' lang='lat' dir='ltr'>orbe</span> <span class='ocrx_word' id='word_1_62' title='bbox 633 1223 876 1261; x_wconf 86' lang='lat' dir='ltr'>multitudine</span> <span class='ocrx_word' id='word_1_63' title='bbox 903 1235 990 1259; x_wconf 85' lang='lat' dir='ltr'>suos</span> <span class='ocrx_word' id='word_1_64' title='bbox 1019 1221 1199 1272; x_wconf 86' lang='lat' dir='ltr'>quosdam</span> <span class='ocrx_word' id='word_1_65' title='bbox 1226 1233 1300 1258; x_wconf 91' lang='lat' dir='ltr'>una</span> <span class='ocrx_word' id='word_1_66' title='bbox 1331 1233 1415 1257; x_wconf 90' lang='lat' dir='ltr'>cum</span> <span class='ocrx_word' id='word_1_67' title='bbox 1442 1220 1613 1270; x_wconf 88' lang='lat' dir='ltr'>ipsorum</span> <span class='ocrx_word' id='word_1_68' title='bbox 1632 1219 1771 1257; x_wconf 85' lang='lat' dir='ltr'>semine</span> 
     </span>
     <span class='ocr_line' id='line_1_11' title="bbox 363 1283 1771 1338; baseline -0.006 -9"><span class='ocrx_word' id='word_1_69' title='bbox 363 1292 402 1329; x_wconf 90' lang='lat' dir='ltr'>in</span> <span class='ocrx_word' id='word_1_70' title='bbox 441 1294 584 1328; x_wconf 86' lang='lat' dir='ltr'>coetum</span> <span class='ocrx_word' id='word_1_71' title='bbox 624 1302 731 1326; x_wconf 90' lang='lat' dir='ltr'>suum</span> <span class='ocrx_word' id='word_1_72' title='bbox 766 1287 1004 1338; x_wconf 78' lang='lat' dir='ltr'>peculiarem,</span> <span class='ocrx_word' id='word_1_73' title='bbox 1040 1286 1105 1337; x_wconf 92' lang='lat' dir='ltr'>qui</span> <span class='ocrx_word' id='word_1_74' title='bbox 1142 1286 1189 1324; x_wconf 88' lang='lat' dir='ltr'>sit</span> <span class='ocrx_word' id='word_1_75' title='bbox 1224 1285 1341 1336; x_wconf 86' lang='lat' dir='ltr'>ipsius</span> <span class='ocrx_word' id='word_1_76' title='bbox 1386 1284 1558 1335; x_wconf 85' lang='lat' dir='ltr'>populus,</span> <span class='ocrx_word' id='word_1_77' title='bbox 1595 1287 1632 1321; x_wconf 88' lang='lat' dir='ltr'>et</span> <span class='ocrx_word' id='word_1_78' title='bbox 1666 1283 1771 1322; x_wconf 88' lang='lat' dir='ltr'>cuius</span> 
     </span>
     <span class='ocr_line' id='line_1_12' title="bbox 363 1347 1771 1406; baseline -0.006 -14"><span class='ocrx_word' id='word_1_79' title='bbox 363 1355 441 1406; x_wconf 90' lang='lat' dir='ltr'>ipse</span> <span class='ocrx_word' id='word_1_80' title='bbox 482 1353 529 1391; x_wconf 87' lang='lat' dir='ltr'>sit</span> <span class='ocrx_word' id='word_1_81' title='bbox 557 1353 658 1390; x_wconf 88' lang='lat' dir='ltr'>Deus</span> <span class='ocrx_word' id='word_1_82' title='bbox 685 1350 863 1389; x_wconf 88' lang='lat' dir='ltr'>vicissim.</span> <span class='ocrx_word' id='word_1_83' title='bbox 919 1350 1018 1387; x_wconf 90' lang='lat' dir='ltr'>Nam</span> <span class='ocrx_word' id='word_1_84' title='bbox 1054 1349 1153 1400; x_wconf 88' lang='lat' dir='ltr'>apud</span> <span class='ocrx_word' id='word_1_85' title='bbox 1182 1348 1346 1386; x_wconf 85' lang='lat' dir='ltr'>Graecos</span> <span class='ocrx_word' id='word_1_86' title='bbox 1373 1347 1553 1388; x_wconf 67' lang='grc' dir='ltr'><strong><em>ἐκκαλέω</em></strong></span> <span class='ocrx_word' id='word_1_87' title='bbox 1587 1347 1687 1384; x_wconf 90' lang='lat' dir='ltr'>idem</span> <span class='ocrx_word' id='word_1_88' title='bbox 1714 1351 1771 1385; x_wconf 89' lang='lat' dir='ltr'>est</span> 
     </span>
     <span class='ocr_line' id='line_1_13' title="bbox 363 1411 1742 1470; baseline -0.005 -14"><span class='ocrx_word' id='word_1_89' title='bbox 363 1418 463 1470; x_wconf 90' lang='lat' dir='ltr'>quod</span> <span class='ocrx_word' id='word_1_90' title='bbox 489 1430 608 1463; x_wconf 81' lang='lat' dir='ltr'>evoco,</span> <span class='ocrx_word' id='word_1_91' title='bbox 634 1415 734 1454; x_wconf 89' lang='lat' dir='ltr'>unde</span> <span class='ocrx_word' id='word_1_92' title='bbox 762 1414 907 1453; x_wconf 90' lang='lat' dir='ltr'>demum</span> <span class='ocrx_word' id='word_1_93' title='bbox 937 1413 1127 1451; x_wconf 83' lang='lat' dir='ltr'>Ecclesiae</span> <span class='ocrx_word' id='word_1_94' title='bbox 1154 1425 1290 1450; x_wconf 87' lang='lat' dir='ltr'>nomen</span> <span class='ocrx_word' id='word_1_95' title='bbox 1320 1411 1520 1449; x_wconf 89' lang='lat' dir='ltr'>deductum</span> <span class='ocrx_word' id='word_1_96' title='bbox 1548 1411 1742 1449; x_wconf 86' lang='lat' dir='ltr'>habemus.</span> 
     </span>
    </p>
   </div>
   <div class='ocr_carea' id='block_1_4' title="bbox 363 1603 1771 1719">
    <p class='ocr_par' dir='ltr' id='par_1_4' title="bbox 363 1603 1771 1719">
     <span class='ocr_line' id='line_1_14' title="bbox 415 1603 1771 1659; baseline -0.007 -11"><span class='ocrx_word' id='word_1_97' title='bbox 415 1610 484 1648; x_wconf 90' lang='lat' dir='ltr'>Est</span> <span class='ocrx_word' id='word_1_98' title='bbox 518 1608 633 1659; x_wconf 79' lang='lat' dir='ltr'>igitur</span> <span class='ocrx_word' id='word_1_99' title='bbox 665 1605 835 1644; x_wconf 86' lang='lat' dir='ltr'>Ecclesia</span> <span class='ocrx_word' id='word_1_100' title='bbox 872 1608 1000 1643; x_wconf 86' lang='lat' dir='ltr'>coetus</span> <span class='ocrx_word' id='word_1_101' title='bbox 1038 1617 1165 1642; x_wconf 86' lang='lat' dir='ltr'>eorum</span> <span class='ocrx_word' id='word_1_102' title='bbox 1204 1603 1268 1654; x_wconf 86' lang='lat' dir='ltr'>qui</span> <span class='ocrx_word' id='word_1_103' title='bbox 1304 1616 1394 1641; x_wconf 84' lang='lat' dir='ltr'>voce</span> <span class='ocrx_word' id='word_1_104' title='bbox 1429 1603 1497 1641; x_wconf 87' lang='lat' dir='ltr'>Dei</span> <span class='ocrx_word' id='word_1_105' title='bbox 1526 1616 1571 1641; x_wconf 86' lang='lat' dir='ltr'>ex</span> <span class='ocrx_word' id='word_1_106' title='bbox 1597 1603 1771 1640; x_wconf 83' lang='lat' dir='ltr'>universa</span> 
     </span>
     <span class='ocr_line' id='line_1_15' title="bbox 363 1667 1770 1719; baseline -0.006 -6"><span class='ocrx_word' id='word_1_107' title='bbox 363 1680 442 1713; x_wconf 87' lang='lat' dir='ltr'>toto</span> <span class='ocrx_word' id='word_1_108' title='bbox 469 1674 561 1712; x_wconf 91' lang='lat' dir='ltr'>orbe</span> <span class='ocrx_word' id='word_1_109' title='bbox 588 1671 782 1710; x_wconf 89' lang='lat' dir='ltr'>hominum</span> <span class='ocrx_word' id='word_1_110' title='bbox 809 1669 1052 1708; x_wconf 84' lang='lat' dir='ltr'>multitudine</span> <span class='ocrx_word' id='word_1_111' title='bbox 1078 1669 1115 1707; x_wconf 91' lang='lat' dir='ltr'>in</span> <span class='ocrx_word' id='word_1_112' title='bbox 1145 1669 1326 1719; x_wconf 85' lang='lat' dir='ltr'>populum</span> <span class='ocrx_word' id='word_1_113' title='bbox 1354 1667 1410 1705; x_wconf 88' lang='lat' dir='ltr'>illi</span> <span class='ocrx_word' id='word_1_114' title='bbox 1438 1667 1657 1719; x_wconf 86' lang='lat' dir='ltr'>peculiarem</span> <span class='ocrx_word' id='word_1_115' title='bbox 1682 1680 1770 1705; x_wconf 92' lang='lat' dir='ltr'>evo-</span> 
     </span>
    </p>
   </div>
   <div class='ocr_carea' id='block_1_5' title="bbox 364 1738 1769 1842">
    <p class='ocr_par' dir='ltr' id='par_1_5' title="bbox 364 1738 1769 1842">
     <span class='ocr_line' id='line_1_16' title="bbox 364 1738 595 1785; baseline -0.009 -9"><span class='ocrx_word' id='word_1_116' title='bbox 364 1742 507 1777; x_wconf 80' lang='lat' dir='ltr'>cantur.</span> <span class='ocrx_word' id='word_1_117' title='bbox 534 1738 595 1785; x_wconf 81' lang='lat'>(2)</span> 
     </span>
     <span class='ocr_line' id='line_1_17' title="bbox 415 1794 1769 1842; baseline -0.007 -1"><span class='ocrx_word' id='word_1_118' title='bbox 415 1803 530 1842; x_wconf 68' lang='lat' dir='ltr'>Quia‘</span> <span class='ocrx_word' id='word_1_119' title='bbox 561 1813 649 1839; x_wconf 92' lang='lat' dir='ltr'>vero</span> <span class='ocrx_word' id='word_1_120' title='bbox 686 1813 822 1838; x_wconf 89' lang='lat' dir='ltr'>nomen</span> <span class='ocrx_word' id='word_1_121' title='bbox 858 1798 930 1836; x_wconf 89' lang='lat' dir='ltr'>hoc</span> <span class='ocrx_word' id='word_1_122' title='bbox 967 1797 1156 1835; x_wconf 83' lang='lat' dir='ltr'>Ecclesiae</span> <span class='ocrx_word' id='word_1_123' title='bbox 1192 1797 1236 1834; x_wconf 85' lang='lat' dir='ltr'>ad</span> <span class='ocrx_word' id='word_1_124' title='bbox 1275 1810 1313 1834; x_wconf 83' lang='lat' dir='ltr'>se</span> <span class='ocrx_word' id='word_1_125' title='bbox 1349 1809 1477 1833; x_wconf 87' lang='lat' dir='ltr'>omnes</span> <span class='ocrx_word' id='word_1_126' title='bbox 1506 1795 1651 1833; x_wconf 87' lang='lat' dir='ltr'>trahere</span> <span class='ocrx_word' id='word_1_127' title='bbox 1678 1794 1769 1832; x_wconf 87' lang='lat' dir='ltr'>sibi-</span> 
     </span>
    </p>
   </div>
   <div class='ocr_carea' id='block_1_6' title="bbox 364 1858 1770 2175">
    <p class='ocr_par' dir='ltr' id='par_1_6' title="bbox 364 1858 1770 2175">
     <span class='ocr_line' id='line_1_18' title="bbox 367 1858 1770 1918; baseline -0.006 -14"><span class='ocrx_word' id='word_1_128' title='bbox 367 1880 438 1918; x_wconf 88' lang='lat' dir='ltr'>que</span> <span class='ocrx_word' id='word_1_129' title='bbox 468 1878 644 1916; x_wconf 84' lang='lat' dir='ltr'>usurpare</span> <span class='ocrx_word' id='word_1_130' title='bbox 674 1867 869 1909; x_wconf 85' lang='lat' dir='ltr'>conantur,</span> <span class='ocrx_word' id='word_1_131' title='bbox 898 1862 984 1899; x_wconf 88' lang='lat' dir='ltr'>durn</span> <span class='ocrx_word' id='word_1_132' title='bbox 1004 1874 1110 1899; x_wconf 87' lang='lat' dir='ltr'>suum</span> <span class='ocrx_word' id='word_1_133' title='bbox 1140 1860 1296 1911; x_wconf 88' lang='lat' dir='ltr'>quisque</span> <span class='ocrx_word' id='word_1_134' title='bbox 1324 1864 1469 1897; x_wconf 87' lang='lat' dir='ltr'>coetum</span> <span class='ocrx_word' id='word_1_135' title='bbox 1489 1872 1612 1896; x_wconf 89' lang='lat' dir='ltr'>veram</span> <span class='ocrx_word' id='word_1_136' title='bbox 1638 1858 1770 1896; x_wconf 86' lang='lat' dir='ltr'>Eccle-</span> 
     </span>
     <span class='ocr_line' id='line_1_19' title="bbox 365 1924 1769 1973; baseline -0.006 -5"><span class='ocrx_word' id='word_1_137' title='bbox 365 1931 458 1969; x_wconf 84' lang='lat' dir='ltr'>siam</span> <span class='ocrx_word' id='word_1_138' title='bbox 486 1943 565 1968; x_wconf 87' lang='lat' dir='ltr'>esse</span> <span class='ocrx_word' id='word_1_139' title='bbox 594 1927 800 1972; x_wconf 83' lang='lat' dir='ltr'>contendit,</span> <span class='ocrx_word' id='word_1_140' title='bbox 833 1931 869 1965; x_wconf 89' lang='lat' dir='ltr'>et</span> <span class='ocrx_word' id='word_1_141' title='bbox 897 1926 993 1964; x_wconf 88' lang='lat' dir='ltr'>hanc</span> <span class='ocrx_word' id='word_1_142' title='bbox 1020 1925 1168 1963; x_wconf 87' lang='lat' dir='ltr'>interim</span> <span class='ocrx_word' id='word_1_143' title='bbox 1197 1938 1310 1962; x_wconf 90' lang='lat' dir='ltr'>unam</span> <span class='ocrx_word' id='word_1_144' title='bbox 1340 1924 1522 1962; x_wconf 86' lang='lat' dir='ltr'>duntaxat</span> <span class='ocrx_word' id='word_1_145' title='bbox 1550 1936 1628 1960; x_wconf 80' lang='lat' dir='ltr'>esse</span> <span class='ocrx_word' id='word_1_146' title='bbox 1656 1936 1769 1973; x_wconf 87' lang='lat' dir='ltr'>opor-</span> 
     </span>
     <span class='ocr_line' id='line_1_20' title="bbox 364 1987 1770 2043; baseline -0.006 -9"><span class='ocrx_word' id='word_1_147' title='bbox 364 2000 452 2043; x_wconf 85' lang='lat' dir='ltr'>teat,</span> <span class='ocrx_word' id='word_1_148' title='bbox 476 2017 527 2025; x_wconf 89' lang='lat'>—</span> <span class='ocrx_word' id='word_1_149' title='bbox 555 1995 646 2031; x_wconf 87' lang='lat' dir='ltr'>haec</span> <span class='ocrx_word' id='word_1_150' title='bbox 684 2006 772 2031; x_wconf 88' lang='lat' dir='ltr'>sane</span> <span class='ocrx_word' id='word_1_151' title='bbox 814 2006 889 2030; x_wconf 88' lang='lat' dir='ltr'>una</span> <span class='ocrx_word' id='word_1_152' title='bbox 916 2004 1002 2028; x_wconf 84' lang='lat' dir='ltr'>vera</span> <span class='ocrx_word' id='word_1_153' title='bbox 1029 1990 1101 2028; x_wconf 91' lang='lat' dir='ltr'>Dei</span> <span class='ocrx_word' id='word_1_154' title='bbox 1131 1989 1298 2027; x_wconf 86' lang='lat' dir='ltr'>Ecclesia</span> <span class='ocrx_word' id='word_1_155' title='bbox 1326 1989 1373 2026; x_wconf 88' lang='lat' dir='ltr'>ab</span> <span class='ocrx_word' id='word_1_156' title='bbox 1401 1988 1577 2026; x_wconf 87' lang='lat' dir='ltr'>omnibus</span> <span class='ocrx_word' id='word_1_157' title='bbox 1604 1987 1687 2025; x_wconf 89' lang='lat' dir='ltr'>aliis</span> <span class='ocrx_word' id='word_1_158' title='bbox 1714 1992 1770 2026; x_wconf 82' lang='lat' dir='ltr'>est</span> 
     </span>
     <span class='ocr_line' id='line_1_21' title="bbox 366 2053 1769 2111; baseline -0.006 -13"><span class='ocrx_word' id='word_1_159' title='bbox 366 2060 563 2111; x_wconf 85' lang='lat' dir='ltr'>diligenter</span> <span class='ocrx_word' id='word_1_160' title='bbox 591 2057 848 2103; x_wconf 87' lang='lat' dir='ltr'>discernenda,</span> <span class='ocrx_word' id='word_1_161' title='bbox 876 2069 923 2094; x_wconf 90' lang='lat' dir='ltr'>ne</span> <span class='ocrx_word' id='word_1_162' title='bbox 949 2055 1130 2094; x_wconf 86' lang='lat' dir='ltr'>ementito</span> <span class='ocrx_word' id='word_1_163' title='bbox 1159 2054 1350 2093; x_wconf 84' lang='lat' dir='ltr'>Ecclesiae</span> <span class='ocrx_word' id='word_1_164' title='bbox 1369 2053 1492 2098; x_wconf 87' lang='lat' dir='ltr'>titulo,</span> <span class='ocrx_word' id='word_1_165' title='bbox 1511 2066 1621 2104; x_wconf 89' lang='lat' dir='ltr'>quem</span> <span class='ocrx_word' id='word_1_166' title='bbox 1640 2066 1769 2091; x_wconf 90' lang='lat' dir='ltr'>omnes</span> 
     </span>
     <span class='ocr_line' id='line_1_22' title="bbox 365 2121 979 2175; baseline -0.007 -12"><span class='ocrx_word' id='word_1_167' title='bbox 365 2124 478 2163; x_wconf 89' lang='lat' dir='ltr'>hodie</span> <span class='ocrx_word' id='word_1_168' title='bbox 504 2122 767 2175; x_wconf 84' lang='lat' dir='ltr'>praetendunt,</span> <span class='ocrx_word' id='word_1_169' title='bbox 792 2121 979 2159; x_wconf 86' lang='lat' dir='ltr'>fallamur.</span> 
     </span>
    </p>
   </div>
   <div class='ocr_carea' id='block_1_7' title="bbox 367 2309 1768 2428">
    <p class='ocr_par' dir='ltr' id='par_1_7' title="bbox 367 2309 1768 2428">
     <span class='ocr_line' id='line_1_23' title="bbox 417 2309 1768 2366; baseline -0.007 -11"><span class='ocrx_word' id='word_1_170' title='bbox 417 2319 514 2355; x_wconf 85' lang='lat' dir='ltr'>Sunt</span> <span class='ocrx_word' id='word_1_171' title='bbox 540 2316 658 2366; x_wconf 87' lang='lat' dir='ltr'>igitur</span> <span class='ocrx_word' id='word_1_172' title='bbox 687 2317 851 2366; x_wconf 85' lang='lat' dir='ltr'>quatuor</span> <span class='ocrx_word' id='word_1_173' title='bbox 878 2312 1111 2351; x_wconf 87' lang='lat' dir='ltr'>observanda</span> <span class='ocrx_word' id='word_1_174' title='bbox 1138 2311 1179 2349; x_wconf 89' lang='lat' dir='ltr'>in</span> <span class='ocrx_word' id='word_1_175' title='bbox 1208 2324 1293 2349; x_wconf 88' lang='lat' dir='ltr'>vera</span> <span class='ocrx_word' id='word_1_176' title='bbox 1320 2309 1391 2348; x_wconf 90' lang='lat' dir='ltr'>Dei</span> <span class='ocrx_word' id='word_1_177' title='bbox 1418 2310 1586 2348; x_wconf 86' lang='lat' dir='ltr'>Ecclesia</span> <span class='ocrx_word' id='word_1_178' title='bbox 1612 2309 1658 2347; x_wconf 84' lang='lat' dir='ltr'>ab</span> <span class='ocrx_word' id='word_1_179' title='bbox 1685 2309 1768 2347; x_wconf 80' lang='lat' dir='ltr'>aliis</span> 
     </span>
     <span class='ocr_line' id='line_1_24' title="bbox 367 2377 1048 2428; baseline -0.012 -6"><span class='ocrx_word' id='word_1_180' title='bbox 367 2382 545 2421; x_wconf 89' lang='lat' dir='ltr'>omnibus</span> <span class='ocrx_word' id='word_1_181' title='bbox 570 2380 751 2418; x_wconf 88' lang='lat' dir='ltr'>Ecclesiis</span> <span class='ocrx_word' id='word_1_182' title='bbox 779 2377 1048 2428; x_wconf 85' lang='lat' dir='ltr'>dignoscenda.</span> 
     </span>
    </p>
   </div>
   <div class='ocr_carea' id='block_1_8' title="bbox 366 2501 1769 2627">
    <p class='ocr_par' dir='ltr' id='par_1_8' title="bbox 366 2501 1769 2627">
     <span class='ocr_line' id='line_1_25' title="bbox 417 2501 1769 2554; baseline -0.007 -4"><span class='ocrx_word' id='word_1_183' title='bbox 417 2515 452 2550; x_wconf 86' lang='lat'>1.</span> <span class='ocrx_word' id='word_1_184' title='bbox 480 2510 662 2553; x_wconf 84' lang='lat' dir='ltr'>Primum,</span> <span class='ocrx_word' id='word_1_185' title='bbox 696 2511 739 2546; x_wconf 92' lang='lat' dir='ltr'>ut</span> <span class='ocrx_word' id='word_1_186' title='bbox 774 2520 852 2544; x_wconf 91' lang='lat' dir='ltr'>non</span> <span class='ocrx_word' id='word_1_187' title='bbox 889 2518 976 2543; x_wconf 87' lang='lat' dir='ltr'>sane</span> <span class='ocrx_word' id='word_1_188' title='bbox 1011 2504 1174 2542; x_wconf 88' lang='lat' dir='ltr'>humana</span> <span class='ocrx_word' id='word_1_189' title='bbox 1209 2504 1298 2551; x_wconf 91' lang='lat' dir='ltr'>ulla,</span> <span class='ocrx_word' id='word_1_190' title='bbox 1333 2504 1396 2541; x_wconf 87' lang='lat' dir='ltr'>sed</span> <span class='ocrx_word' id='word_1_191' title='bbox 1431 2502 1549 2554; x_wconf 88' lang='lat' dir='ltr'>ipsius</span> <span class='ocrx_word' id='word_1_192' title='bbox 1582 2501 1653 2539; x_wconf 88' lang='lat' dir='ltr'>Dei</span> <span class='ocrx_word' id='word_1_193' title='bbox 1678 2515 1769 2540; x_wconf 87' lang='lat' dir='ltr'>voce</span> 
     </span>
     <span class='ocr_line' id='line_1_26' title="bbox 366 2569 1214 2627; baseline -0.008 -13"><span class='ocrx_word' id='word_1_194' title='bbox 366 2580 477 2627; x_wconf 88' lang='lat' dir='ltr'>atque</span> <span class='ocrx_word' id='word_1_195' title='bbox 504 2573 717 2618; x_wconf 83' lang='lat' dir='ltr'>autoritate,</span> <span class='ocrx_word' id='word_1_196' title='bbox 743 2574 916 2609; x_wconf 87' lang='lat' dir='ltr'>evocetur</span> <span class='ocrx_word' id='word_1_197' title='bbox 941 2573 977 2607; x_wconf 83' lang='lat' dir='ltr'>et</span> <span class='ocrx_word' id='word_1_198' title='bbox 1004 2569 1214 2617; x_wconf 78' lang='lat' dir='ltr'>colligatur.</span> 
     </span>
    </p>
   </div>
   <div class='ocr_carea' id='block_1_9' title="bbox 365 2694 1768 2873">
    <p class='ocr_par' dir='ltr' id='par_1_9' title="bbox 365 2694 1768 2873">
     <span class='ocr_line' id='line_1_27' title="bbox 417 2694 1768 2747; baseline -0.007 -6"><span class='ocrx_word' id='word_1_199' title='bbox 417 2706 452 2742; x_wconf 84' lang='lat'>2.</span> <span class='ocrx_word' id='word_1_200' title='bbox 481 2702 639 2745; x_wconf 81' lang='lat' dir='ltr'>Deinde,</span> <span class='ocrx_word' id='word_1_201' title='bbox 676 2714 761 2738; x_wconf 89' lang='lat' dir='ltr'>cum</span> <span class='ocrx_word' id='word_1_202' title='bbox 798 2711 907 2737; x_wconf 91' lang='lat' dir='ltr'>nemo</span> <span class='ocrx_word' id='word_1_203' title='bbox 944 2710 1020 2735; x_wconf 90' lang='lat' dir='ltr'>non</span> <span class='ocrx_word' id='word_1_204' title='bbox 1058 2697 1179 2734; x_wconf 90' lang='lat' dir='ltr'>Deum</span> <span class='ocrx_word' id='word_1_205' title='bbox 1214 2696 1336 2747; x_wconf 89' lang='lat' dir='ltr'>ipsum</span> <span class='ocrx_word' id='word_1_206' title='bbox 1372 2697 1538 2732; x_wconf 84' lang='lat' dir='ltr'>autorem</span> <span class='ocrx_word' id='word_1_207' title='bbox 1575 2694 1768 2732; x_wconf 89' lang='lat' dir='ltr'>doctrinae</span> 
     </span>
     <span class='ocr_line' id='line_1_28' title="bbox 365 2758 1767 2810; baseline -0.008 -4"><span class='ocrx_word' id='word_1_208' title='bbox 365 2781 452 2806; x_wconf 87' lang='lat' dir='ltr'>suae</span> <span class='ocrx_word' id='word_1_209' title='bbox 479 2768 601 2804; x_wconf 84' lang='lat' dir='ltr'>facere</span> <span class='ocrx_word' id='word_1_210' title='bbox 628 2769 795 2810; x_wconf 85' lang='lat' dir='ltr'>conetur,</span> <span class='ocrx_word' id='word_1_211' title='bbox 824 2761 1029 2800; x_wconf 89' lang='lat' dir='ltr'>cavendum</span> <span class='ocrx_word' id='word_1_212' title='bbox 1057 2761 1139 2804; x_wconf 81' lang='lat' dir='ltr'>erit,</span> <span class='ocrx_word' id='word_1_213' title='bbox 1165 2774 1212 2799; x_wconf 84' lang='lat' dir='ltr'>ne</span> <span class='ocrx_word' id='word_1_214' title='bbox 1239 2772 1365 2797; x_wconf 87' lang='lat' dir='ltr'>vocem</span> <span class='ocrx_word' id='word_1_215' title='bbox 1384 2758 1452 2796; x_wconf 86' lang='lat' dir='ltr'>Dei</span> <span class='ocrx_word' id='word_1_216' title='bbox 1471 2758 1634 2802; x_wconf 83' lang='lat' dir='ltr'>aliunde,</span> <span class='ocrx_word' id='word_1_217' title='bbox 1654 2772 1767 2808; x_wconf 87' lang='lat' dir='ltr'>quam</span> 
     </span>
     <span class='ocr_line' id='line_1_29' title="bbox 366 2820 1767 2873; baseline -0.009 -3"><span class='ocrx_word' id='word_1_218' title='bbox 366 2845 411 2871; x_wconf 83' lang='lat' dir='ltr'>ex</span> <span class='ocrx_word' id='word_1_219' title='bbox 447 2843 574 2869; x_wconf 87' lang='lat' dir='ltr'>eorum</span> <span class='ocrx_word' id='word_1_220' title='bbox 610 2828 794 2866; x_wconf 85' lang='lat' dir='ltr'>duntaxat</span> <span class='ocrx_word' id='word_1_221' title='bbox 822 2839 885 2865; x_wconf 85' lang='lat' dir='ltr'>ore</span> <span class='ocrx_word' id='word_1_222' title='bbox 911 2824 1106 2863; x_wconf 85' lang='lat' dir='ltr'>audiamus</span> <span class='ocrx_word' id='word_1_223' title='bbox 1132 2827 1170 2862; x_wconf 85' lang='lat' dir='ltr'>et</span> <span class='ocrx_word' id='word_1_224' title='bbox 1196 2834 1428 2873; x_wconf 87' lang='lat' dir='ltr'>quaeramus,</span> <span class='ocrx_word' id='word_1_225' title='bbox 1454 2834 1518 2872; x_wconf 87' lang='lat' dir='ltr'>per</span> <span class='ocrx_word' id='word_1_226' title='bbox 1545 2820 1638 2872; x_wconf 86' lang='lat' dir='ltr'>quos</span> <span class='ocrx_word' id='word_1_227' title='bbox 1663 2821 1767 2859; x_wconf 83' lang='lat' dir='ltr'>illam</span> 
     </span>
    </p>
   </div>
  </div>
 </body>
</html>
