1830 3147
215 152 280 198 [A.
308 152 353 188 D.
378 151 489 197 1543]
948 151 1017 184 566

209 260 333 298 animis
370 259 500 296 nostris
538 257 682 294 firmiter
707 257 911 304 impressum
939 256 1063 292 habere
1088 270 1223 305 semper
1248 259 1433 306 possimus.
1485 258 1581 295 Idem
1609 271 1691 295 vero
1715 264 1750 296 te

209 334 344 371 quoque
378 320 477 357 nobis
510 322 625 355 servet
650 319 692 354 ad
717 318 860 365 gloriam
890 317 968 354 Filii
993 319 1046 354 sui
1073 320 1180 367 magis
1204 333 1244 356 ac
1270 321 1379 368 magis
1405 320 1469 356 snb
1496 320 1604 356 tantis
1628 320 1749 357 Eccle-

209 385 282 420 siae
307 381 551 419 afflictionibus
574 381 609 416 in
633 380 706 416 eius
731 380 924 427 Evangelio
940 379 1180 417 illustrandam
1197 382 1240 427 ¹).
1269 382 1354 418 Vale
1369 381 1520 418 secunda
1538 382 1748 418 Novembris

207 444 317 481 1543.

253 582 279 619 ¹)
303 578 440 611 Colonia
463 577 597 620 Agripp.
620 576 794 618 Philippus
818 576 847 607 ei
870 575 1108 618 responsoriam
1131 577 1192 619 Ep.
1215 577 1348 610 miserat
1364 579 1404 610 ad
1419 578 1545 610 litteras
1561 579 1752 621 dogmaticis

209 634 451 678 quaestionibus
474 634 620 665 refertas.
647 633 789 673 Utraque
811 631 919 673 periit.
943 632 1073 669 Errant,
1097 632 1363 673 quiMelanchth.
1379 634 1561 676 Epistolam
1574 635 1750 667 censoriam

210 691 309 722 fuisse
333 690 533 722 arbitrantur
555 688 588 719 in
612 687 802 730 opusculum
825 687 930 724 Lasci,
953 687 1005 717 cui
1029 687 1114 728 Epz't.
1136 688 1219 720 doct.
1244 689 1318 721 le'.
1345 690 1398 722 Or.
1415 690 1604 722 inscribitur
1624 691 1749 724 titulus.

208 747 257 778 De
280 745 335 776 illo
359 744 469 776 libello
492 744 553 776 hoc
576 745 721 785 tempore
745 752 849 774 sermo
874 752 941 774 esse
965 742 1108 774 nondum
1130 746 1268 785 poterat,
1293 744 1411 787 quippe
1436 746 1490 787 qui
1506 746 1649 778 nondum
1666 749 1749 778 esset

210 801 404 842 divulgatus.

207 1039 273 1075 No.
300 1039 358 1074 15.
859 1035 938 1082 [Nic.
957 1039 1065 1070 Blesd.
1082 1038 1141 1072 nist,
1158 1039 1213 1072 Dav.
1227 1039 1255 1071 G.
1268 1049 1294 1080 p.
1307 1039 1352 1070 ‘1:39
1366 1049 1404 1079 sq.
1418 1039 1503 1072 Gerd.
1520 1052 1542 1073 s,
1559 1051 1582 1073 a.
1600 1039 1647 1072 llb.
1664 1036 1744 1083 503]

721 1156 780 1193 Ad
805 1156 987 1192 DAvmfflu
1012 1157 1185 1193 Gnorzeu.
1212 1157 1241 1201 1)

254 1279 373 1315 Gratia
407 1277 470 1314 tibi
499 1285 534 1313 et
568 1289 635 1323 pax
660 1289 720 1323 per
754 1276 928 1312 Christum
956 1278 1086 1318 Iesum,
1115 1290 1219 1312 unum
1246 1289 1322 1312 cum
1351 1277 1456 1312 Patre
1482 1279 1517 1312 et
1543 1278 1602 1324 Sp.
1627 1277 1745 1313 Sanet.

205 1341 331 1382 Deum,
368 1352 474 1374 unum
508 1344 544 1373 et
577 1338 757 1374 nobiseum
794 1339 829 1374 iu
855 1350 956 1374 earne
983 1340 1134 1378 fratrem,
1162 1350 1275 1373 verum
1303 1338 1370 1373 Dei
1404 1342 1439 1373 et
1464 1338 1639 1373 hominum
1668 1339 1744 1374 Me-

205 1403 384 1443 uiatorem,
419 1404 479 1449 qui
515 1401 551 1436 in
576 1404 681 1447 caput
706 1399 826 1446 anguli
851 1400 986 1446 positus
1010 1404 1129 1434 vetera
1153 1411 1231 1434 eum
1258 1399 1355 1434 novis
1382 1400 1569 1441 connectit,
1595 1399 1744 1447 facitque

204 1463 239 1499 in
272 1474 308 1498 se
333 1463 410 1509 ipso
434 1466 578 1508 utraque
605 1473 722 1502 unum,
749 1465 788 1494 ut
814 1472 956 1506 regnum
982 1471 1083 1494 suum
1110 1460 1284 1506 possideat
1309 1459 1351 1493 ab
1376 1462 1518 1494 aeterno
1543 1459 1608 1494 sibi
1632 1472 1653 1494 a
1677 1460 1744 1495 Pa-

206 1528 256 1560 tre
282 1537 345 1560 suo
371 1523 549 1558 donatum.
599 1522 657 1557 Illi
683 1522 758 1556 laus
782 1525 815 1556 et
841 1521 951 1567 gloria
977 1522 1011 1556 in
1038 1521 1167 1555 secula.
1198 1521 1317 1555 Amen.

252 1585 439 1630 Postquam
470 1582 505 1617 in
536 1581 610 1616 eius
643 1581 835 1616 ministerio
870 1581 973 1626 positi
1007 1592 1138 1620 sumus,
1171 1581 1295 1614 Frater
1327 1579 1546 1615 charissime!
1580 1579 1741 1627 quicum

204 1645 373 1681 Dominus
400 1646 492 1678 esset
515 1643 682 1681 omnium,
710 1654 746 1677 se
773 1648 890 1677 tamen
916 1641 1014 1677 nobis
1041 1646 1153 1676 totum
1180 1641 1362 1687 impendit,
1391 1643 1433 1675 ut
1458 1653 1519 1675 nos
1545 1640 1740 1687 ingloriam

201 1706 298 1750 regni
332 1704 384 1738 sui
421 1702 620 1742 adduceret,
656 1701 812 1748 idemque
846 1704 1009 1740 testatur,
1044 1712 1080 1736 se
1113 1700 1149 1736 in
1184 1700 1248 1735 hoc
1282 1699 1416 1734 venisse
1440 1699 1482 1734 ad
1509 1712 1581 1741 nos,
1608 1706 1647 1734 ut
1669 1713 1739 1735 non

206 1765 318 1800 solum
354 1776 410 1799 eas
448 1762 613 1804 oviculas,
639 1774 726 1810 quae
751 1762 786 1797 in
814 1762 897 1797 ovili
922 1774 985 1797 suo
1011 1762 1076 1797 iam
1103 1761 1271 1797 collectae
1297 1761 1460 1802 fuissent,
1486 1765 1655 1806 pasceret,
1681 1761 1741 1796 sed

204 1829 243 1861 nt
276 1825 403 1860 alienas
439 1836 575 1871 quoque
608 1823 676 1858 illis
710 1822 927 1869 adiungeret,
955 1823 1154 1870 putavimus
1181 1829 1215 1857 et
1240 1835 1303 1857 nos
1326 1822 1437 1856 nostri
1462 1821 1565 1856 officii
1590 1833 1674 1864 esse,
1702 1826 1743 1857 ut

203 1886 267 1921 sub
304 1898 357 1927 ea,
390 1897 460 1920 non
492 1883 670 1919 doctrinae
704 1883 817 1924 modo,
849 1896 917 1930 qua
943 1895 1036 1919 nuuc
1064 1888 1177 1918 totum
1203 1882 1320 1918 orbem
1347 1882 1457 1917 scindi
1484 1882 1652 1923 videmus,
1680 1883 1741 1919 sed

202 1946 344 1982 ovilium
380 1957 516 1992 quoque
542 1944 724 1985 varietate,
748 1956 835 1990 quae
861 1957 880 1978 a
906 1944 1084 1979 nonnullis
1110 1945 1177 1979 iam
1204 1944 1386 1991 peculiaria
1412 1944 1606 1990 eriguntur,
1632 1945 1740 1980 omni-

203 2007 265 2042 bns
290 2018 353 2041 nos
378 2006 493 2047 etiam,
517 2009 685 2054 quantum
712 2005 746 2040 in
773 2005 871 2040 nobis
899 2008 990 2040 esset
1016 2018 1076 2051 pro
1102 2011 1218 2040 nostra
1244 2005 1416 2040 tenuitate
1443 2004 1734 2051 impenderemus,

202 2070 304 2104 etiam
330 2068 371 2103 iis
398 2068 456 2114 qui
480 2080 501 2101 a.
525 2072 645 2102 nostra
669 2068 827 2102 doctrina
852 2067 1096 2114 quoquomodo
1122 2067 1360 2102 dissentirent.
1410 2066 1559 2101 Proinde
1585 2067 1742 2103 simulat-

202 2141 268 2176 que
302 2128 346 2163 ad
379 2127 545 2163 eeclesiae
583 2127 684 2161 huius
711 2127 935 2162 ministerium
965 2127 1038 2162 Deo
1064 2128 1111 2162 ita
1139 2129 1276 2162 volente
1303 2127 1418 2162 vocati
1443 2139 1594 2162 essemus
1620 2127 1655 2162 id
1680 2129 1742 2163 im·

200 2190 330 2236 primis,
361 2188 617 2224 communicato
649 2199 727 2222 enm
760 2187 902 2233 collegis
934 2189 1061 2222 nostris
1096 2188 1253 2229 consilio,
1285 2199 1423 2234 operam
1456 2187 1627 2226 dedimus.
1655 2194 1695 2223 ut
1718 2201 1739 2224 a

201 2252 326 2297 quibus
358 2254 475 2285 nostra
509 2261 578 2283 non
611 2247 751 2283 omnino
786 2248 921 2293 probari
956 2248 1244 2294 intelligebamus,
1279 2261 1336 2283 eos
1370 2248 1414 2283 ad.
1449 2249 1596 2284 amicum
1635 2249 1742 2285 collo-

202 2313 321 2359 quium
355 2312 506 2346 fraterne
532 2309 770 2350 invitaremus,
796 2321 866 2343 non
892 2309 983 2356 quod
1010 2309 1109 2344 nobis
1135 2309 1264 2344 elavem
1293 2309 1459 2344 scientiae
1486 2321 1738 2356 arrogaremus,
1764 2337 1768 2339 >

202 2373 260 2419 qui
294 2375 448 2406 nestram
488 2369 676 2404 exilitatem
714 2368 861 2403 libenter
893 2370 1123 2414 agnoscimus,
1156 2368 1212 2404 sed
1241 2370 1334 2416 quod
1360 2374 1479 2404 nostra
1502 2369 1669 2405 interesse
1692 2371 1742 2405 in-

203 2432 450 2479 telligeremus,
487 2434 525 2465 ut
550 2429 727 2464 doetrinae
754 2440 942 2464 consensus
970 2441 1029 2476 per
1054 2442 1171 2464 omnes
1199 2430 1362 2466 ecelesias
1390 2429 1488 2464 nobis
1515 2430 1743 2471 concreditas,

204 2494 316 2541 quoad
350 2493 423 2528 eius
465 2491 540 2526 fieri
564 2494 692 2537 posset,
726 2491 943 2533 retineretur,
977 2491 1156 2525 doetrinae
1187 2490 1336 2538 inquam,
1370 2503 1438 2526 non
1473 2495 1610 2527 nostrae
1636 2491 1743 2533 (absit

202 2555 291 2590 enim
327 2559 366 2589 ut
399 2556 555 2588 nostrum
594 2551 724 2598 aliquid
751 2552 901 2586 seientes
927 2563 966 2586 ae
994 2551 1151 2587 volentes
1176 2552 1376 2595 doceamus)
1403 2553 1461 2587 sed
1486 2553 1662 2587 doetrinae
1688 2565 1741 2588 sa-

202 2627 278 2657 nae,
302 2627 388 2661 quae
413 2614 484 2649 sive
510 2625 568 2659 per
594 2624 656 2648 nos
681 2612 754 2647 sive
780 2612 868 2646 alios
893 2612 1033 2658 quosvis
1059 2613 1155 2647 verbi
1180 2613 1288 2647 divini
1315 2613 1517 2648 testimoniis
1543 2614 1740 2649 confirmari

203 2677 327 2723 possit.
378 2674 446 2710 Sed
478 2675 542 2709 etsi
577 2673 753 2709 contemni
789 2672 831 2708 ab
865 2672 953 2713 aliis,
986 2672 1029 2707 ab
1065 2673 1140 2708 aliis
1173 2673 1353 2708 calumniis
1379 2673 1557 2720 degravari
1580 2679 1737 2710 nostrum

201 2736 265 2771 hoc
298 2735 480 2771 eonsilium
514 2734 701 2774 videamus,
737 2745 805 2767 non
841 2733 919 2767 ideo
944 2736 1059 2768 tamen
1086 2734 1360 2779 praetermittere
1387 2733 1556 2768 voluimus
1584 2734 1618 2769 id
1642 2735 1734 2781 quod

202 2798 246 2832 ad
283 2800 439 2831 nostrum
476 2795 624 2830 officium
657 2793 886 2840 intelligimus
920 2795 1061 2828 omnino
1089 2795 1274 2840 pertinere,
1302 2794 1361 2829 sed
1389 2794 1540 2829 omnium
1567 2795 1737 2842 colloquia

201 2859 355 2894 fraterna
388 2861 422 2891 et
457 2855 564 2890 libera
598 2855 820 2890 nihilominus
847 2855 1090 2897 expetivimus,
1120 2855 1146 2890 si
1172 2867 1240 2901 quo
1267 2854 1367 2889 modo
1393 2854 1571 2890 doctrinae
1597 2868 1740 2892 consen·

201 2931 276 2956 sum
309 2918 345 2956 in
372 2916 501 2953 nostris
536 2915 688 2954 ecclesiis
723 2914 942 2953 introducere
969 2916 1212 2963 potuissemuS,
1243 2915 1351 2962 parati
1376 2920 1437 2951 aut
1464 2917 1651 2963 approbare
1676 2930 1738 2953 no-
