1830 3147
165 81 238 116 292

167 188 328 233 veritati,
365 186 471 225 euius
506 186 578 225 tibi
612 186 864 238 potissimum,
898 196 975 222 non
1004 186 1127 222 autem
1154 183 1447 231 mendaciorum,
1473 184 1513 222 in
1539 185 1604 222 tua
1631 196 1698 222 ex·

170 253 318 292 cellenti
353 253 425 290 ista
463 252 661 290 vocatione
698 264 786 288 cura
823 263 867 288 ao
902 248 1074 287 custodia
1102 249 1315 287 concredita
1342 252 1452 288 esset.
1504 249 1700 287 Postremo

169 320 201 358 si
227 318 300 357 tibi
328 317 451 355 occini
477 317 630 355 audias:
657 316 822 355 Venient
849 315 1023 361 Romani,
1052 314 1234 365 responde
1262 327 1345 353 cum
1373 313 1537 353 Davide:
1565 313 1699 353 Domi-

173 397 241 422 nus
277 384 343 421 lux
380 395 461 420 mea
496 381 535 419 in
570 376 746 432 periculis
782 379 972 418 omnibus.
1028 378 1213 416 Dominus
1250 379 1350 417 salus
1386 391 1481 424 mea,
1514 377 1700 416 Dominus

168 447 286 485 robur
320 447 429 495 regni
463 446 622 497 soliique
658 445 743 489 mei,
780 458 799 482 a
835 456 908 495 quo
945 446 1251 494 expavescerunt.
1305 442 1424 481 Hisce
1450 442 1555 480 verbi
1583 442 1702 481 divini

172 511 355 550 arietibus
384 509 658 562 fpropellendae
693 509 767 547 tibi
804 512 891 546 sunt
927 520 1038 546 voces
1063 507 1209 552 talium,
1236 507 1318 545 Rex
1346 506 1606 545 serenissime!
1635 519 1701 545 ex-

169 577 390 629 pectandum
428 576 475 614 ab
512 576 588 613 alto
625 574 822 619 auxilium,
857 572 958 624 quod
986 571 1059 610 tibi
1086 571 1335 623 proculdubio
1364 585 1443 610 non
1470 575 1525 610 est
1552 571 1702 610 defutu-

169 655 265 688 rum,
294 641 325 679 si
353 654 426 692 qua
453 639 609 691 coepisti
635 639 856 691 perrexeris.

222 705 323 744 Deus
360 705 539 757 Optimus
577 703 780 747 Maximus,
814 703 1034 752 Regnorum
1069 703 1124 750 (A
1141 701 1218 750 vib)
1254 701 1423 739 omnium
1449 701 1607 751 largitor
1632 713 1703 750 gu-

175 772 352 809 bernator
388 783 431 808 ao
469 770 655 814 defensor,
681 767 795 806 addat
822 772 908 806 tuae
937 765 1128 805 Maiestati
1158 766 1341 818 Spiritum
1377 766 1558 804 Sanctum
1585 778 1706 812 suum,

171 836 235 887 qui
262 840 299 874 te
326 835 437 874 nobis
466 838 600 879 servet,
626 838 765 885 tuaque
793 832 950 871 consilia
978 832 1105 871 omnia
1141 832 1281 882 dirigat
1308 831 1494 882 gubernet
1520 833 1557 869 et
1582 830 1705 869 fortu-

173 906 236 940 net
272 901 318 938 ad
351 900 620 938 illustrandum
656 899 831 948 Regnum
867 897 958 935 Filii
994 897 1052 935 sui
1088 897 1217 935 dilecti
1252 896 1407 935 Domini
1433 900 1470 935 et
1497 895 1705 934 Servatoris

174 967 294 1005 nostri
331 965 472 1003 Christi
508 964 609 1010 Iesu,
645 964 693 1002 ad
729 968 832 1002 tuam
868 963 988 1014 ipsius
1026 962 1186 1014 denique
1222 962 1380 1000 salutem
1416 965 1451 1004 et
1493 961 1616 1012 Regni
1649 961 1706 999 tui

169 1030 492 1081 tranquillitatem.
520 1030 656 1069 Amen.

556 1158 713 1197 Vestrae
748 1157 957 1196 Maiestatis
984 1158 1112 1197 fideles
1139 1161 1251 1210 atque
1278 1157 1527 1210 obsequentes
1554 1156 1707 1201 subditi.

936 1223 1117 1261 IOANNEs
1145 1222 1168 1262 a
1193 1223 1340 1270 Lascu,

1154 1288 1486 1340 superintendens,

684 1354 892 1406 reliqquue
916 1354 1080 1393 ministri
1107 1353 1299 1392 Ecclesiae
1316 1353 1604 1403 Peregrinorum

941 1419 1109 1458 Londini
1133 1419 1342 1458 institutae.
