1830 3147
170 119 244 155 236

168 234 255 269 ante
291 231 418 268 omnia
456 229 635 268 Ministri·
658 229 733 280 ipsi
770 229 991 281 disciplinae
1025 227 1316 267 Ecclesiasticae
1352 242 1431 268 sese
1458 229 1703 277 subiicerent,

167 293 347 345 illamque
385 304 531 330 summo
570 291 696 330 studio
732 304 776 330 ac
804 305 892 330 cura
921 292 1019 330 inter
1047 305 1127 330 sese
1153 291 1396 331 observarent
1424 292 1505 332 sine
1531 293 1607 332 ulla
1636 307 1700 333 cu·

168 358 417 408 (537Jiusque
450 357 607 395 omnino
643 357 874 408 exceptione,
911 362 952 394 ut
990 356 1113 394 omnis
1149 356 1394 395 dissidiorum
1422 357 1701 408 indulgentiae·

168 436 240 474 que
266 423 305 461 in
333 422 508 474 peccatis,
535 422 696 473 denique
724 427 761 460 et
787 422 999 473 tyrannidis
1025 421 1125 460 inter
1152 422 1239 460 illos
1266 423 1414 461 occasio
1434 427 1701 475 amputaretur.

168 489 219 527 Et
255 502 293 526 re
327 488 409 539 ipsa
446 488 590 539 experti
618 501 747 526 sumus
790 487 987 539 indiesque
1013 488 1133 537 magis
1161 488 1384 539 experimur,
1412 489 1516 527 nulla
1543 489 1617 527 alia
1644 503 1704 527 ra·

166 554 270 592 tione
304 553 343 591 in
385 552 555 590 Ecclesia
591 552 629 590 et
665 552 764 589 bona
803 551 957 589 retineri
995 551 1032 589 et
1067 552 1165 589 mala
1193 551 1319 590 omnia
1356 552 1466 590 vitari
1502 566 1612 604 posse
1638 566 1704 604 per

167 618 327 667 gratiam
362 616 445 663 Dei,
481 630 593 668 quam
632 617 726 654 seria
772 629 816 654 ac
854 615 1028 666 diligenti
1054 615 1245 666 legitimae
1273 629 1319 654 ex
1346 617 1460 654 verbo
1489 616 1561 655 Dei
1589 616 1704 655 disci-

167 683 292 735 plinae
319 681 608 720 Ecclesiasticae
636 681 912 720 observatione.

217 750 346 799 Atque
382 747 562 784 hactenus
589 746 742 797 quidem
770 745 815 783 de
842 759 914 783 usu
942 745 1164 796 disciplinae
1190 745 1230 783 in
1259 749 1388 783 nostra
1417 745 1599 790 Ecclesia,
1627 751 1703 784 tam

165 812 205 850 in
245 812 354 863 plebe
389 812 564 849 universa
599 811 717 848 totius
755 810 956 856 Ecclesiae,
994 823 1108 861 quam
1142 810 1240 848 inter
1279 810 1478 848 Ministros
1505 810 1545 849 in
1565 824 1702 860 genere

167 891 309 916 omnes.
365 877 443 914 Sub
481 876 672 914 Ecclesiae
708 888 795 913 vero
834 875 988 913 nomine
1022 888 1085 913 eos
1123 875 1307 913 duntaxat
1343 875 1603 925 intelligimus,
1640 875 1704 926 qui

166 956 211 982 ex
249 942 403 981 natione
437 941 675 986 Germanica,
711 941 834 979 aedita
863 941 1015 992 publice
1042 941 1131 978 fidei
1159 954 1246 978 suae
1275 941 1525 986 confessione,
1552 941 1610 979 vel
1638 954 1703 978 co-

166 1021 247 1046 ram
280 1012 359 1046 tota
394 1007 575 1052 Ecclesia,
609 1007 665 1044 vel
701 1007 741 1044 in
770 1011 877 1044 coetu
905 1006 1035 1044 saltem
1065 1007 1147 1057 ipso
1179 1006 1455 1052 Ministrorum,
1485 1005 1705 1058 disciplinae

165 1074 240 1125 ipsi
274 1087 355 1112 sese
388 1077 579 1124 praeterea
614 1072 726 1110 etiam
762 1071 1052 1109 Ecclesiastieae
1078 1072 1180 1109 ultro
1209 1084 1251 1108 ac
1280 1075 1412 1122 sponte
1441 1085 1507 1109 sua
1536 1071 1704 1110 subiece-

167 1143 268 1177 runt.
321 1139 463 1176 Eorum
500 1150 626 1188 porr0‚
662 1137 728 1188 qui
755 1141 844 1174 sunt
871 1141 976 1174 extra
1002 1140 1172 1174 nostram
1200 1135 1422 1180 Ecclesiam,
1451 1149 1577 1173 curam
1605 1135 1704 1173 iudi-

169 1204 266 1241 cium
302 1216 347 1241 ac
383 1202 675 1241 sollicitudinem
711 1201 895 1239 ministris
930 1214 974 1238 ac
1001 1200 1216 1252 pastoribus
1244 1201 1412 1252 ipsorum
1440 1200 1706 1251 permittimus,

168 1269 307 1319 quibus
342 1267 495 1305 interim
531 1272 659 1304 nostra
695 1266 823 1303 omnia
861 1265 1062 1303 deferimus
1099 1265 1230 1311 officia,
1259 1265 1290 1303 si
1317 1265 1391 1303 ulla
1419 1265 1459 1303 in
1487 1279 1526 1302 re
1553 1278 1703 1316 operam

169 1333 416 1371 consiliumve
456 1337 628 1370 nostrum
659 1332 716 1369 vel
742 1331 894 1382 ipsimet
921 1332 979 1368 vel
1006 1335 1175 1382 pastores
1203 1343 1334 1368 eorum
1361 1330 1566 1380 requirant.
1613 1331 1705 1368 an-

168 1403 287 1436 terum
325 1397 356 1434 si
390 1396 474 1447 quis
502 1396 800 1448 peregrinorum,
827 1395 1202 1446 po-(538)tissimum
1230 1400 1352 1433 autern
1383 1395 1609 1439 Germanus,
1636 1408 1706 1432 no-

169 1468 266 1501 strae
294 1462 486 1499 Ecclesiae
514 1474 591 1498 non
618 1460 831 1503 adiunctus,
859 1465 1055 1512 praetextu
1083 1465 1235 1497 nostrae
1263 1459 1453 1510 Ecclesiae
1480 1460 1615 1497 falsam
1636 1460 1703 1497 ali-

169 1542 281 1580 quam
319 1527 530 1565 doctrinam
569 1539 688 1564 serere
724 1531 890 1563 sectasve
928 1525 1022 1562 ullas
1059 1525 1157 1562 alere
1202 1524 1290 1562 velit
1328 1524 1514 1575 nobisque
1549 1524 1590 1562 id
1627 1524 1705 1562 ullo

169 1593 281 1631 modo
325 1593 547 1638 innotescat,
583 1604 652 1629 nos
688 1603 756 1642 pro
793 1590 915 1628 nostri
950 1589 1149 1628 ministerii
1184 1589 1258 1627 fide
1293 1589 1333 1627 in
1371 1594 1500 1627 nostra
1537 1589 1706 1628 Ecclesia

171 1659 272 1697 bunc
299 1671 454 1702 morem,
481 1657 546 1708 qui
576 1656 756 1707 sequitur,
784 1657 999 1694 retinemus.

196 1788 260 1827 De
306 1787 370 1826 iis
408 1786 687 1832 Germanis,
715 1784 912 1836 quinon
942 1783 1170 1821 adiuncti
1196 1787 1398 1821 nostrae
1425 1784 1680 1822 Ecclesiae

423 1853 600 1892 falsam
643 1851 858 1902 aliquam
898 1849 1175 1887 doctrinam
1213 1853 1451 1900 spargunt

526 1921 604 1954 aut
642 1921 798 1954 sectas
826 1914 1019 1965 alioqui
1046 1914 1095 1952 in
1123 1913 1351 1952 Ecclesia

862 1981 1009 2019 alunt.

223 2115 262 2152 Si
297 2112 618 2165 Superintendens
657 2125 740 2149 cum
778 2111 932 2162 reliquis
972 2110 1161 2148 Ministris
1196 2123 1241 2147 ac
1270 2109 1492 2147 Senioribus
1518 2109 1709 2159 intelligat

171 2179 331 2231 aliquem
371 2179 600 2216 Germanum
629 2179 694 2214 aut
722 2176 864 2227 alioqui
890 2175 1130 2226 peregrinum
1159 2188 1252 2219 esse,
1280 2174 1346 2225 qui
1372 2174 1412 2211 in
1439 2174 1609 2211 fraudem
1637 2188 1708 2212 no-

172 2248 269 2282 strae
303 2243 494 2281 Ecclesiae
529 2245 594 2279 aut
626 2241 742 2278 falsas
780 2239 972 2277 doctrinas
1008 2239 1106 2276 ullas
1157 2244 1308 2289 spargat
1345 2243 1409 2275 aut
1447 2242 1567 2276 sectas
1608 2238 1707 2276 ullas
1763 2286 1766 2288 v

170 2309 258 2353 alat,
294 2308 456 2358 primum
493 2306 662 2344 omnium
701 2305 949 2354 designantur
977 2303 1052 2340 duo
1080 2306 1145 2340 aut
1173 2307 1248 2340 tres
1276 2315 1295 2340 e
1324 2301 1545 2340 Senioribus
1573 2301 1707 2340 Eccle-

172 2373 261 2416 siae,
293 2373 357 2423 qui
394 2372 503 2410 illum
538 2371 687 2416 adeunt,
724 2373 766 2408 ut
802 2370 927 2407 fontes
957 2369 1152 2406 doctrinae
1178 2367 1297 2418 ipsius
1326 2371 1521 2418 suspectae
1548 2367 1596 2404 ab
1624 2368 1706 2417 ipso

172 2437 388 2482 resciscant,
422 2441 459 2474 et
504 2435 653 2474 videant
697 2448 781 2472 oum
832 2433 936 2471 omni
962 2433 1147 2471 modestia
1175 2445 1218 2469 ac
1245 2431 1541 2477 mansuetudine,
1570 2431 1601 2469 si
1628 2445 1704 2481 quo

172 2502 283 2540 modo
321 2500 683 2551 col-(539)loquium
721 2512 765 2537 ex
801 2498 915 2536 verbo
953 2497 1023 2535 Dei
1058 2498 1256 2535 admittere
1285 2497 1372 2534 velit
1407 2509 1516 2547 super
1537 2499 1706 2546 suspecta

175 2567 239 2604 illa
267 2565 440 2603 doctrina
469 2578 547 2612 sua.
595 2564 657 2610 Et,
684 2564 716 2601 si
743 2563 931 2607 admittat,
959 2567 1078 2612 agunt
1106 2575 1190 2599 cum
1215 2561 1282 2598 illo
1311 2560 1486 2612 privatim
1514 2564 1549 2597 et
1576 2573 1705 2597 aman-

171 2636 227 2669 ter
262 2642 306 2667 ac
342 2629 464 2666 fontes
502 2628 693 2666 doctrinae
727 2627 847 2678 ipsius
884 2639 967 2663 cum
1005 2625 1085 2676 ipso
1122 2626 1325 2671 excutiunt,
1356 2633 1395 2661 ut
1426 2623 1589 2668 videant,
1615 2637 1705 2661 num

172 2692 442 2731 accuratiorem
483 2690 675 2729 doctrinae
712 2703 800 2728 suae
845 2688 1159 2727 examinationem
1204 2700 1281 2725 non
1327 2685 1501 2736 refugiat.
1557 2685 1709 2724 Quodsi

170 2759 276 2797 illam
302 2769 379 2794 non
407 2755 559 2804 refugit,
585 2755 768 2792 invitatur
804 2766 868 2804 per
897 2753 1114 2801 designatos
1141 2752 1227 2789 illos
1255 2751 1300 2788 ad
1331 2754 1489 2790 coetum,
1508 2749 1706 2787 Ministro-

172 2835 255 2861 rum
291 2834 334 2858 ac
372 2819 570 2857 Saniorum
606 2819 799 2857 Ecclesiae
834 2822 869 2855 et
898 2817 977 2855 dies
1020 2817 1274 2862 constituitur,
1302 2827 1378 2866 quo
1407 2814 1531 2851 venire
1560 2814 1706 2853 debeat.

172 2890 296 2937 Atque
330 2888 412 2922 tum
447 2883 487 2921 in
524 2888 633 2920 coetu
669 2883 831 2933 primum
867 2883 991 2920 fontes
1035 2881 1228 2918 doctrinae
1255 2879 1372 2930 ipsius
1399 2892 1529 2916 omnes
1558 2879 1707 2916 nemine

169 2949 443 2993 interturbante
478 2948 683 2987 audiuntur
720 2951 831 3000 atque
866 2946 1109 2990 adnotantur,
1147 2945 1203 2982 vel
1244 2944 1290 2982 ab
1319 2943 1479 2996 ipsomet
1507 2948 1638 2981 autore
1664 2943 1703 2981 in
