1830 3147
1526 114 1599 150 241

70 231 299 269 calamitates
327 244 404 269 non
431 235 584 282 propter
611 230 727 276 aliud,
754 242 866 282 quam
895 231 1046 280 propter
1072 229 1268 277 peccatum
1295 222 1487 266 obvenire,
1511 222 1600 260 infi-

68 295 158 334 nitis
187 295 392 347 scripturae
418 296 512 334 locis
539 296 765 343 ostenditur,
793 295 882 334 Esa.
912 297 973 340 50,
995 295 1057 338 59,
1073 294 1135 335 65.
1156 290 1326 329 Hierem.
1355 290 1389 335 ὅ,
1411 291 1447 335 9,
1464 289 1526 333 18,
1544 288 1605 331 19,

71 361 91 398 1
120 360 207 400 Cor.
236 362 297 400 10.

119 427 155 463 3.
209 424 386 470 Docetur,
419 425 491 463 etsi
524 438 600 463 una
638 425 687 463 sit
725 437 837 463 eausa
865 422 1120 461 calamitatum
1147 418 1328 464 omnium,
1356 418 1450 457 fines
1477 421 1602 456 tamen

67 490 215 528 illarum
242 489 409 528 diversos
435 503 529 529 esse.
581 490 717 541 Impiis
744 490 845 527 enim
872 486 1028 526 immitti
1056 485 1302 531 calamitates,
1328 482 1443 522 veluti
1469 482 1602 534 primi-

67 554 140 592 tias
177 554 357 605 quasdam
384 554 526 592 aeterni
551 554 852 606 ipso-(550)rum
883 553 1069 591 cruciatus
1103 553 1140 588 et
1167 552 1338 588 aeternae
1375 547 1603 586 condemna-

71 619 198 665 tionis,
233 619 544 670 quemadmodum
581 620 622 659 in
661 620 847 659 Sodomae
883 622 920 657 et
955 615 1190 656 Gomorrhae
1226 614 1394 665 exemplo
1422 612 1605 652 videmus.

69 684 146 722 Piis
184 697 271 721 vero
299 685 467 731 immitti,
494 685 609 723 veluti
638 684 803 723 remedia
830 683 1013 736 quaedam
1039 679 1273 719 infirmitatis
1310 691 1438 716 eorum
1474 676 1520 714 ad
1549 689 1609 714 sa-

69 749 186 786 lutem
211 748 392 800 ipsorum,
419 762 553 800 nempe
578 749 824 788 incitamenta
852 748 965 787 nobis
993 745 1204 785 necessaria
1231 742 1279 782 ad
1308 742 1430 781 nostri
1456 742 1497 779 in
1523 753 1610 792 pec-

70 814 162 852 catis
200 814 338 852 nostris
375 814 622 864 agnitionem,
657 814 703 852 ad
740 813 829 852 fidei
866 817 1019 852 nostrae
1046 809 1346 862 explorationem
1386 811 1423 845 et
1450 806 1610 845 aliorum

71 892 135 930 per
165 883 336 917 nostram
376 879 616 917 tolerantiam
656 878 998 917 confirmationem.
1052 875 1113 914 Ad
1141 874 1262 913 nostri
1288 874 1328 912 in
1354 871 1518 924 peccatis
1545 884 1615 909 no-

71 943 158 981 stris
195 943 428 993 agnitionem
465 943 695 982 calamitates
731 943 842 981 nobis
869 942 1024 980 immitti
1052 954 1074 978 a
1099 939 1280 985 Domino,
1307 937 1463 976 docetur
1489 936 1613 974 mani-

71 1008 163 1045 feste
197 1007 314 1045 Ionae
349 1008 497 1059 quint0,
531 1008 573 1046 in
608 1008 778 1058 exemplo
817 1007 1089 1044 Ninivitarum.
1143 1004 1308 1042 Rursum
1335 1003 1502 1041 Hierem.
1542 1003 1610 1039 18:

75 1072 147 1109 nSi
174 1071 338 1118 redierit,
362 1072 500 1124 inquit,
527 1085 570 1110 ea
596 1085 703 1122 gens,
731 1075 863 1109 contra
891 1084 1003 1122 quam
1030 1069 1228 1121 loquebar,
1246 1082 1266 1106 a
1283 1067 1428 1106 malitia
1445 1080 1524 1111 sua,
1537 1066 1612 1103 iam

74 1140 109 1174 et
137 1149 196 1174 me
223 1150 374 1188 quoque
400 1137 609 1188 poenitebit
636 1136 740 1181 mali,
769 1135 870 1187 quod
898 1135 932 1173 ei
960 1136 1082 1172 facere
1111 1133 1380 1171 constitueram
1407 1131 1506 1170 etcv.
1533 1129 1613 1167 Im-

72 1201 172 1238 mitti
211 1213 298 1238 vero
337 1200 449 1239 nobis
497 1201 728 1239 calamitates
756 1214 776 1238 a
804 1200 970 1238 Domino
999 1199 1046 1237 ad
1073 1198 1162 1236 fidei
1198 1201 1350 1235 nostrae
1385 1195 1613 1247 exploratio-

72 1279 170 1309 nem,
196 1266 339 1316 insigni
365 1266 432 1304 illo
460 1265 696 1318 tempestatis
723 1266 908 1304 excitatae
935 1264 1105 1315 exemplo
1135 1261 1437 1310 docemur‚dum,
1459 1260 1609 1299 Christo

72 1330 236 1369 Domino
281 1330 523 1377 dormitante,
566 1331 745 1382 Apostoli
779 1334 881 1369 metu
924 1329 1080 1381 periculi
1125 1329 1291 1367 animum
1339 1325 1612 1379 propemodum

77 1396 353 1448 desponderent
379 1400 491 1448 atque
520 1396 711 1435 Christum
739 1395 944 1434 Dominum
973 1408 992 1433 e
1020 1407 1152 1433 somno
1179 1393 1388 1432 excitarent
1418 1393 1460 1441 ¹).
1489 1391 1538 1430 Et
1565 1391 1612 1429 ad

72 1461 232 1499 aliorum
275 1475 339 1513 per
383 1465 553 1500 nostram
588 1461 830 1499 tolerantiam
869 1460 1196 1498 confirmationem
1233 1457 1466 1496 calamitates
1500 1456 1612 1494 nobis

73 1524 226 1562 immitti
263 1524 487 1575 quandoque
524 1524 700 1562 docemur
732 1538 753 1562 a
789 1524 920 1569 Paulo,
956 1523 1045 1561 dum
1074 1536 1112 1561 se
1138 1523 1202 1561 ille
1228 1535 1296 1573 pro
1326 1520 1611 1559 Corinthiorum

75 1603 228 1627 suorum
255 1591 366 1638 (551)
404 1589 665 1627 consolatione
699 1589 814 1638 affligi
852 1588 972 1635 docet,
1009 1594 1194 1639 quatenus
1224 1586 1396 1624 videlicet
1424 1585 1612 1623 Corinthii

74 1668 156 1693 eam
191 1655 294 1693 Pauli
330 1655 370 1693 in
406 1654 673 1693 afflictionibus
700 1653 940 1692 tolerantiam
968 1653 1050 1691 sine
1085 1666 1222 1702 magna
1260 1651 1518 1689 consolatione
1556 1663 1613 1688 se-

78 1733 162 1757 cum
191 1733 268 1758 non
294 1723 468 1770 poterant
494 1723 665 1770 reputare
685 1720 730 1767 ²).
759 1718 809 1756 Et
836 1722 893 1756 est
911 1718 1061 1767 insigne
1078 1717 1290 1768 exemplum
1309 1715 1404 1754 illud
1423 1715 1616 1760 caecinati,

75 1785 134 1824 Io.
176 1789 210 1831 9,
244 1785 284 1822 in
321 1797 394 1836 quo
432 1784 604 1822 Christus
641 1784 827 1822 Dominus
865 1783 1003 1821 diserte
1029 1784 1181 1827 fatetur,
1209 1782 1423 1820 caecitatem
1451 1780 1616 1818 hominis

75 1850 176 1888 illius
213 1862 290 1888 non
327 1849 442 1887 fuisse
469 1849 527 1887 illi
554 1849 763 1886 immissam
802 1852 955 1899 propter
983 1847 1113 1894 ullum,
1141 1851 1205 1885 aut
1232 1847 1363 1898 ipsius,
1390 1849 1453 1883 aut
1480 1858 1614 1896 paren·

75 1920 154 1952 tum
182 1914 261 1952 eius
287 1914 485 1964 flagitium,
515 1913 580 1952 sed
606 1917 761 1965 propter
790 1913 910 1951 solam
939 1912 1087 1950 divinae
1113 1912 1152 1950 in
1181 1912 1246 1950 illa
1274 1912 1418 1961 gloriae
1444 1911 1611 1948 illustra-

75 1980 231 2023 tionem,
265 1982 307 2017 ut
342 1978 614 2028 intelligamus,
640 1979 790 2029 piorum
827 1977 1047 2015 afflictiones
1077 1990 1206 2015 omnes
1234 1989 1311 2014 non
1339 1981 1416 2014 tam
1443 1975 1612 2026 equidem

78 2043 273 2094 provenire
301 2056 320 2080 a
349 2043 546 2081 severitate
574 2042 694 2080 divini
721 2042 865 2087 iudicii,
892 2046 1046 2093 peccata
1073 2046 1202 2080 nostra
1220 2041 1411 2092 punientis
1429 2062 1480 2070 —
1496 2053 1616 2091 neque

82 2107 193 2152 enim,
220 2107 287 2158 qui
314 2106 484 2152 credunt,
518 2107 558 2144 in
593 2106 774 2145 iudicium
809 2106 967 2144 veniunt
1001 2106 1162 2158 amplius
1199 2106 1275 2155 (Io.
1305 2107 1423 2155 5)-
1450 2118 1562 2156 quam
1599 2118 1620 2142 a

80 2177 234 2223 paterna
260 2171 386 2223 potius
413 2171 648 2221 benignitate
675 2172 778 2210 illius
815 2185 858 2210 ac
885 2172 1155 2217 misericordia,
1183 2171 1248 2223 qui
1271 2175 1439 2209 nostram
1467 2170 1507 2209 in
1534 2184 1620 2222 pec-

84 2237 177 2274 catis
208 2236 347 2274 nostris
375 2236 663 2286 indulgentiam,
691 2237 737 2274 ad
766 2249 879 2287 quam
907 2249 972 2287 per
1000 2240 1156 2274 naturae
1182 2241 1333 2274 nostrae
1371 2236 1619 2287 corruptelam

80 2301 366 2353 propendemus,
402 2301 571 2340 immissa
600 2315 708 2340 cruce
745 2302 870 2352 aliqua
905 2303 1038 2347 frenat,
1075 2306 1115 2340 ut
1151 2315 1219 2340 nos
1254 2302 1294 2340 in
1331 2302 1451 2340 officio
1488 2307 1619 2340 nostro

81 2368 283 2413 contineat,
310 2366 588 2418 periclitaturos
615 2367 770 2419 alioqui,
798 2367 872 2405 nisi
898 2367 952 2405 sic
980 2368 1269 2406 contineremur.

132 2435 168 2471 4.
226 2430 404 2469 Monetur
432 2431 615 2478 Ecclesia,
643 2436 683 2470 ut
710 2433 803 2471 fines
831 2446 907 2479 eos,
933 2437 1086 2484 propter
1113 2445 1206 2484 quos
1236 2432 1463 2470 calamitates
1491 2445 1619 2470 omnes

82 2510 101 2534 a
125 2496 303 2535 Domino
340 2497 381 2535 in
409 2510 496 2535 suos
524 2497 796 2545 immittuntur,
823 2511 948 2537 secum
978 2498 1179 2548 diligenter
1212 2498 1398 2549 expendat
1434 2501 1545 2549 atque
1573 2497 1620 2535 ad

84 2574 122 2599 se
158 2561 297 2611 cogitet
332 2562 531 2613 pertinere,
566 2566 811 2614 posteaquam
848 2577 886 2602 se
922 2563 1110 2615 praesenti
1150 2563 1362 2601 calamitate
1398 2576 1418 2600 a
1455 2562 1621 2600 Domino

87 2627 250 2664 exerceri
278 2639 321 2665 ac
350 2627 504 2678 probari
531 2627 645 2666 videt.
701 2627 851 2680 Hicque
877 2629 1050 2667 minister
1078 2627 1370 2680 ex-(552)ponit
1398 2628 1622 2666 calamitatis

85 2690 273 2729 immissae
315 2696 379 2729 aut
415 2691 665 2743 impendentis
702 2693 1014 2743 magnitudinem,
1049 2698 1161 2744 atque
1195 2693 1283 2731 inde
1311 2692 1423 2731 sumit
1450 2694 1620 2731 occasio-

88 2769 171 2793 nem
206 2756 503 2807 reprehendendi
540 2757 863 2809 exaggerandique
900 2763 1064 2810 peccata,
1100 2758 1236 2809 quibus
1264 2758 1434 2797 omnium
1462 2758 1624 2796 maxime

130 2885 154 2923 ¹)
178 2884 272 2916 Matt.
297 2886 326 2917 8.
789 2888 815 2928 2)
840 2888 858 2919 2
882 2888 955 2922 Cor.
980 2889 1007 2922 1.

48 2934 56 2943 '
133 2938 189 2981 II.
1424 2946 1469 2983 16
