1830 3147
818 142 884 176 605
1339 137 1405 183 [A.
1435 135 1479 171 υ.
1505 135 1619 182 1540]

91 268 234 293 coenam
269 254 451 292 instituere
486 253 625 299 propter
654 249 725 286 'loci
757 247 1022 296 turpitudinem.
1072 245 1169 282 Loca
1202 245 1261 282 ubi
1285 245 1379 282 idola
1404 249 1565 293 prestant
1589 250 1626 280 ct

91 319 282 354 adorantur
307 315 475 351 hactenus
501 311 680 359 lupanaria
704 313 798 353 sunt,
824 312 996 358 quatenus
1023 306 1221 344 idololatria
1246 306 1428 343 fornicatio
1453 307 1487 342 in
1514 305 1627 352 Scrip-

93 379 182 415 turis
207 379 363 413 vocatur.
393 375 508 422 Igitur
533 373 568 409 in
593 371 721 408 talibus
747 371 831 407 locis
855 382 924 407 non
949 381 1026 405 esse
1050 368 1358 405 administrandam
1382 367 1548 409 Coenam,
1566 367 1625 403 sed

96 441 132 477 in
156 439 260 476 alium
286 438 402 485 potius
430 436 544 472 locum
571 431 881 470 transferendam··.
912 431 986 468 Alii
1010 434 1141 477 negant
1166 442 1294 466 morem
1320 429 1500 477 publicum
1528 441 1627 476 prop-

92 504 147 537 ter
178 500 282 537 talem
314 497 546 535 idololatriam
584 493 789 531 mutandum
823 505 910 535 esse,
943 495 1006 529 aut
1029 492 1134 528 alium
1160 491 1393 540 quaerendum
1419 490 1547 532 locum,
1569 489 1629 526 ubi

91 562 209 598 Coena
235 560 352 608 peragi
376 558 519 594 debeat:
554 557 758 593 charitatem
783 555 869 591 haec
894 555 981 590 ferre
1006 555 1132 594 omnia,
1157 556 1193 589 et
1219 553 1319 589 liuius
1345 553 1481 600 generis
1509 551 1656 598 multa,

100 622 224 668 Itaque
260 625 296 655 te
333 631 429 666 rogo,
462 617 528 654 Vir
553 616 770 653 doctissime!
806 619 845 650 ut
878 618 958 651 tuae
991 613 1090 650 nobis
1124 613 1301 650 Ecclesiae
1327 613 1535 649 sententiam
1558 624 1631 660 per-

95 681 245 718 scribere
271 681 344 726 ipse
369 682 431 715 ant
456 678 499 714 ab
524 678 600 714 aliis
626 677 788 723 scriptam
815 687 936 711 curare
961 674 1060 711 velis.
1089 675 1271 710 Postremo
1297 678 1351 710 est
1378 673 1473 710 aliud
1493 685 1631 721 quoque

93 742 186 789 quod
224 746 260 777 te
285 740 402 776 velim.
451 739 532 779 Hic,
556 738 615 785 qui
641 737 701 773 has
729 737 870 782 perfert,
898 739 953 771 est
977 737 1062 771 civis
1088 739 1218 776 noster,
1247 735 1387 781 probus,
1414 734 1491 781 pius
1514 745 1555 769 ac
1582 734 1632 769 in-

98 806 204 849 teger.
228 801 288 837 sed
313 800 446 836 artibus
472 798 770 845 anabaptistarum
798 799 830 832 in
857 800 989 832 sectam
1016 796 1167 842 ipsorum
1196 801 1397 842 pertractus.
1445 796 1550 830 Hunc
1575 806 1635 830 co·

98 863 171 898 nati
205 874 325 898 sumus
357 871 530 901 revocare,
562 864 731 906 quantum
768 859 957 906 potuimus,
985 868 1095 903 neque
1119 857 1331 903 contempsit
1355 860 1492 891 nostras
1518 855 1636 890 admo-

98 924 260 962 nitiones.
295 920 354 957 sed
388 925 422 956 te
447 932 585 968 quoque
611 923 732 955 nostro
756 918 898 955 hortatu
923 921 958 953 et
983 920 1078 952 tuam
1105 916 1295 953 Ecclesiam
1322 928 1361 952 ea
1386 916 1429 951 de
1455 927 1490 951 re
1512 915 1632 951 audire

103 983 224 1020 voluit.
262 983 345 1018 Hoc
369 982 477 1029 igitur
500 982 615 1016 animo
640 981 683 1016 ad
710 992 771 1016 vos
797 978 1041 1027 proficiscitur.
1089 978 1194 1025 Rogo
1218 981 1257 1013 ut
1282 977 1380 1013 illum
1406 976 1554 1025 benigne
1580 988 1634 1013 ac·

102 1044 240 1092 cipiatis
274 1047 310 1079 et
346 1042 530 1090 implorata
556 1041 622 1077 Dei
644 1041 755 1088 gratia
779 1040 971 1077 doctrinam
998 1039 1049 1075 illi
1074 1042 1223 1074 vestram
1252 1040 1316 1074 aut
1340 1041 1491 1073 nostram
1518 1037 1635 1085 potius

98 1107 135 1144 in
161 1107 255 1141 omni
280 1105 425 1140 lenitate
450 1107 485 1139 et
509 1102 776 1139 mansuetudine
800 1101 1010 1149 approbetis.
1059 1100 1194 1136 Multos
1219 1099 1275 1136 hic
1300 1099 1579 1137 lucrifaceremus
1603 1099 1634 1134 si

109 1167 202 1203 hunc
237 1165 439 1201 lucrifacere
476 1163 658 1210 possimus,
681 1173 787 1210 quare
819 1161 916 1198 illum
942 1161 1005 1197 tibi
1039 1160 1081 1196 de
1119 1161 1260 1197 meliore
1296 1163 1380 1197 nota
1415 1159 1632 1197 commendo.

100 1229 236 1265 Iterum
272 1227 349 1262 vale
386 1229 422 1261 et
456 1225 499 1261 de
525 1236 579 1260 me
606 1224 669 1261 hoc
697 1224 760 1260 tibi
787 1222 1006 1270 persuadeas,
1034 1222 1127 1270 quod
1151 1222 1195 1258 de
1221 1222 1273 1258 tui
1299 1222 1537 1259 amantissimo
1562 1225 1635 1257 stu-

101 1289 365 1336 diosissimoque
391 1287 496 1323 fratre
519 1290 554 1322 et
577 1286 700 1322 amico.
753 1285 902 1331 [Emdae
928 1285 973 1321 2?
998 1284 1121 1320 Martii
1148 1283 1259 1330 1546]
1290 1281 1332 1328 ¹).

147 1396 173 1436 ⁸)
198 1395 246 1428 Ad
276 1395 362 1427 hunc
393 1395 460 1428 fere
483 1395 568 1427 diem
593 1406 660 1427 esse
689 1395 890 1427 referendam
913 1395 1008 1427 huius
1031 1395 1134 1437 ipsius
1157 1394 1312 1437 epistolae
1336 1405 1408 1427 cum
1432 1406 1537 1438 praec.
1560 1405 1642 1428 com-

102 1452 228 1495 paratio
258 1451 384 1483 baunde
414 1451 518 1485 docet.
562 1451 612 1483 Ad
642 1451 785 1484 litteram
815 1452 881 1484 fere
912 1452 1108 1484 conveniunt
1137 1454 1169 1484 et
1199 1451 1238 1484 de
1260 1451 1372 1484 eodem
1395 1462 1528 1494 prorsus
1552 1462 1642 1494 argu-

105 1510 214 1540 mento
239 1507 408 1549 utrobique
432 1507 549 1549 agitur.

107 1688 171 1724 N⁰.
198 1688 255 1726 37.
1019 1687 1098 1734 [nim.
1112 1690 1390 1731 Brem.C1,v1.p.438.
1408 1690 1491 1727 θοι-ἀ.
1504 1689 1550 1727 llb.
1563 1689 1639 1735 023]

656 1795 710 1831 Ad
742 1796 1116 1832 llannnxnnnemm..

161 1902 260 1940 Heus
285 1908 335 1945 tu,
361 1902 448 1939 bone
473 1902 556 1939 Vir!
607 1902 707 1939 Itane
732 1914 861 1940 memor
885 1915 923 1939 es
949 1904 1070 1946 nostri,
1095 1906 1135 1939 ut
1162 1903 1345 1940 Dominum
1371 1904 1406 1940 in
1431 1903 1594 1951 Cnypens
1615 1906 1644 1947 ¹)

114 1965 189 2001 sine
213 1965 284 2000 tuis
309 1965 352 2000 ad
378 1976 432 2000 mo
458 1964 566 2000 literis
592 1965 708 2001 venire
734 1977 855 2012 passus
881 1966 954 2001 sis?
988 1964 1086 2004 Quid
1110 1965 1165 2001 hie
1191 1964 1411 2001 causaberis?
1436 1964 1521 2012 quid
1544 1976 1649 2001 excu-

114 2024 231 2061 sabis?
258 2029 336 2060 tuas
361 2024 630 2071 occupationes?
656 2024 750 2061 illius
775 2025 1057 2062 festinationem?
1083 2026 1242 2072 vulgaria
1267 2026 1368 2062 haec!
1393 2045 1440 2052 -—
1465 2025 1648 2062 morbum?

116 2088 153 2121 at
178 2084 235 2120 ille
261 2087 296 2120 tc
322 2087 415 2120 reete
440 2085 589 2120 valuisse
615 2086 782 2121 narravit.
825 2085 892 2121 Sed
918 2089 972 2121 est
996 2085 1088 2133 quod
1114 2097 1259 2122 excuses
1284 2106 1332 2113 —
1357 2091 1498 2133 putasse
1524 2090 1570 2128 te,
1594 2098 1649 2122 me

112 2159 183 2182 nou
213 2147 268 2182 liic
293 2147 371 2188 iam,
394 2145 455 2181 sed
480 2146 515 2181 in
538 2146 680 2183 Prussia
710 2158 796 2183 csse.
844 2147 895 2182 At
920 2159 1000 2182 vero
1024 2151 1060 2182 et
1092 2148 1126 2182 iu
1160 2147 1299 2183 Prussia
1333 2147 1454 2183 literae
1487 2147 1567 2184 hinc
1599 2147 1643 2183 ad

116 2219 170 2243 me
193 2207 382 2252 transmitti
407 2211 580 2254 poterant,
613 2219 701 2255 quae
727 2208 809 2243 mihi
836 2220 905 2243 nou
930 2208 1042 2243 minus
1067 2207 1149 2248 illic.
1174 2220 1273 2255 quam
1300 2208 1355 2243 hic
1373 2214 1491 2255 gratae
1506 2209 1646 2244 suturae

117 2269 228 2303 crant.
275 2267 464 2302 Praetexes
489 2268 594 2303 animi
620 2267 897 2314 pertubationem
924 2270 1063 2315 propter
1087 2269 1188 2304 amici
1213 2268 1305 2304 illius
1329 2268 1381 2304 tui
1397 2269 1424 2312 Ξ)
1450 2268 1649 2305 inconstan-

118 2328 226 2364 tiam?
260 2327 311 2363 At
345 2339 410 2374 ego
444 2327 498 2364 hic
531 2327 597 2364 tibi
620 2329 867 2375 gratulandum
895 2330 1009 2375 potius
1034 2340 1172 2370 censeo,
1195 2340 1298 2376 quam
1326 2333 1366 2365 ut
1389 2332 1423 2365 te
1448 2341 1489 2365 co
1514 2330 1651 2365 nomine

119 2388 312 2436 perturbari
350 2392 480 2435 putem.
539 2388 710 2431 Praestat,
746 2390 791 2425 mi
817 2389 979 2425 Albcrtc!
1012 2390 1184 2425 divulsum
1221 2401 1308 2430 esse,
1344 2389 1436 2435 quod
1473 2391 1531 2426 vix
1564 2389 1651 2426 bene

122 2449 302 2485 cohaerere
330 2451 477 2496 poterat,
505 2449 534 2485 si
559 2449 608 2485 ita
632 2461 826 2485 connexum
854 2450 983 2492 fuisset,
1009 2453 1049 2485 ut
1073 2449 1189 2485 divelli
1220 2449 1382 2497 deinceps
1417 2463 1487 2486 non
1523 2458 1652 2497 posset.

123 2509 199 2557 Ego
234 2521 314 2546 sane
349 2508 404 2545 hic
440 2508 503 2545 tibi
535 2510 702 2556 gratulor,
738 2513 872 2546 tantum
906 2511 1005 2546 abest
1040 2513 1079 2546 ut
1112 2509 1255 2546 doleam.
1308 2510 1427 2547 Habet
1450 2511 1563 2547 adhue
1589 2525 1653 2548 sua

123 2570 214 2619 apud
239 2583 302 2607 nos
327 2570 572 2617 propemodum
599 2571 724 2606 omnia.
761 2571 912 2608 Tantum
939 2571 1076 2618 repetiit
1100 2571 1282 2618 quaedam,
1310 2575 1349 2607 ut
1375 2573 1505 2609 reditus
1529 2572 1573 2608 ad
1587 2586 1651 2610 nos

122 2632 176 2668 sui
201 2632 431 2678 suspicionem
459 2631 581 2667 animis
607 2643 747 2668 suorum
770 2633 946 2669 eximeret.
987 2631 1054 2668 Sed
1080 2636 1206 2672 tamen,
1230 2644 1273 2668 an
1299 2631 1342 2669 de
1368 2632 1481 2669 reditu
1507 2635 1651 2680 cogitet,

125 2692 210 2728 nihil
244 2692 330 2729 certi
366 2691 488 2727 habeo.
541 2691 587 2727 Et
620 2695 845 2739 posteaquam
881 2691 939 2728 ille
972 2693 1016 2728 ad
1053 2704 1106 2728 me
1139 2691 1288 2728 scribere
1312 2692 1427 2735 desiit,
1458 2706 1524 2741 ego
1548 2696 1652 2730 etiam

123 2751 217 2799 apud
253 2764 332 2787 curn
367 2763 444 2786 sum
482 2754 608 2788 mutus.
658 2752 767 2787 Porro
800 2751 893 2800 quod
923 2752 966 2788 ad
1001 2763 1054 2788 me
1089 2753 1228 2794 attinet.
1258 2766 1322 2799 ego
1349 2755 1476 2801 (gratia
1500 2755 1651 2791 Domino

127 2809 216 2854 Deo)
245 2811 356 2849 visum
383 2821 519 2846 rursum
546 2811 670 2857 recepi,
693 2823 794 2859 quem
820 2810 1035 2861 paulominus
1059 2811 1238 2847 amiseram
1263 2825 1304 2848 ex
1331 2812 1448 2849 morbo
1461 2813 1654 2850 oculorum.

125 2871 160 2907 A
184 2871 321 2919 scriptis
347 2874 521 2918 postremo
546 2871 697 2907 meisad
725 2875 758 2907 te
785 2871 892 2908 literis
918 2883 1028 2919 neque
1055 2871 1167 2919 legere
1182 2884 1290 2920 neque
1303 2873 1451 2910 scribere
1464 2873 1651 2922 quidquam

123 2934 263 2967 omnino
289 2933 396 2980 potui.
445 2932 541 2968 Ante
575 2933 648 2968 dies
672 2936 753 2977 octo
779 2933 873 2969 visus
899 2934 1011 2977 rediit,
1036 2933 1096 2970 sed
1123 2934 1218 2970 velut
1243 2947 1303 2983 per
1328 2935 1500 2972 nebulam.
1526 2936 1652 2986 Itaque
