1830 3147
843 108 911 143 665
1365 109 1434 155 [A.
1460 110 1504 145 υ,
1532 108 1643 152 1551]

118 217 274 255 nonnihil
300 217 436 263 longius
461 228 651 263 pregre-sm,
676 216 765 251 iuter
789 214 955 251 famulum
982 216 1079 251 illum
1109 220 1146 251 et
1171 218 1381 259 nauclerum,
1405 217 1551 254 averbis
1570 231 1645 254 vcn-

118 285 191 316 tuin
216 283 270 316 est
293 278 338 315 ad
364 277 515 319 verbera,
542 276 640 312 coelo
665 277 731 312 iam
756 275 918 318 obscuro,
942 282 982 312 ut
997 276 1159 325 quidnam
1172 282 1344 325 ageretur,
1359 292 1429 315 non
1445 279 1528 315 satis
1544 279 1650 315 videri

119 341 244 386 posset.
292 338 340 374 Et
369 337 460 373 forte
495 336 634 371 fortuna
667 335 799 371 iuvenis
824 336 965 383 quidam
989 336 1153 372 nauclero
1178 348 1253 373 sese
1285 336 1444 374 adiunxit
1468 338 1650 374 famulum-

117 412 185 447 que
208 399 314 445 legati
339 410 454 445 pugno
477 397 512 433 in
537 396 678 444 inguine
704 397 884 443 percussit.
913 397 950 433 Is
977 409 1056 432 vero
1081 397 1219 434 demum
1244 399 1292 434 ita
1317 411 1499 445 percussus
1523 399 1653 445 gladio,

118 473 187 496 non
222 459 416 506 evaginato,
453 456 514 493 sed
551 469 618 492 una
652 468 730 492 cum
756 457 895 504 vagina,
918 457 1079 492 iuvenem
1105 457 1203 492 illum
1230 457 1266 493 iu
1290 462 1393 505 caput
1416 458 1521 494 feriit.
1546 459 1650 494 Nunc

119 520 199 568 quia
239 519 339 566 pauci
374 520 513 559 norunt,
548 517 700 564 legatum
737 528 822 558 esse,
858 517 955 552 cuius
979 516 1130 552 famulus
1154 518 1189 552 id
1214 517 1419 565 designavit,
1453 523 1488 554 et
1513 519 1650 565 legatus

119 581 191 626 ipse
229 591 290 626 per
325 578 452 614 laesam
487 581 618 625 partem
652 577 696 613 ad
727 589 897 613 carcerem
929 576 1191 624 deposcebatur,
1224 578 1294 613 adii
1327 578 1443 626 itaque
1477 591 1540 626 ego
1576 580 1650 615 eius

118 641 185 677 loci
211 641 421 688 praefectum
445 657 492 664 —-
517 638 623 685 vulgo
647 638 917 674 Contestabilem
944 643 1069 674 vocant
1094 659 1139 665 —
1164 642 1200 674 et
1223 650 1302 675 cum
1326 639 1385 675 illo
1411 640 1477 687 egi,
1510 653 1552 676 ne
1567 640 1650 687 quid

118 701 383 748 praecipitanter
412 703 540 747 ageret.
590 699 640 735 lls
676 711 758 734 vero
796 698 998 746 postulavit,
1035 702 1117 735 uta
1143 702 1203 734 tua
1227 699 1441 736 humanitate
1474 701 1649 736 scedulam

116 762 264 810 aliquam
288 761 332 797 ad
362 760 588 797 Vicecomites
607 759 847 795 Londinenses
862 759 1092 806 impetrarem,
1116 764 1155 795 ut
1168 771 1247 795 cum
1264 761 1340 807 ipso
1360 761 1476 797 mitius
1493 767 1650 808 agerent.

118 824 190 858 Oro
214 823 330 869 itaque
355 821 603 857 humanitatem
632 824 738 862 tuam,
762 824 802 855 ut
826 820 995 855 eiusmodi
1019 820 1194 856 scedulam
1219 821 1264 856 ad
1282 820 1510 858 Vicecomites
1527 821 1651 858 habere

118 883 258 931 possim,
284 895 352 930 qua
377 882 430 918 hic
456 882 704 918 Contestabilis
728 882 821 928 apud
846 880 926 917 illos
952 884 1147 918 excusetur.
1197 881 1273 928 Ego
1297 894 1378 919 vero
1403 882 1491 919 dabo
1515 895 1652 930 operam

121 949 162 980 ut
197 956 275 980 eum
311 946 407 990 parte
450 943 542 978 laesa
577 942 691 990 aliquo
729 942 829 978 modo
861 943 1085 989 transigatur.
1133 942 1346 979 Commendo
1371 956 1424 979 me
1449 943 1656 980 humanitati

121 1009 202 1039 tuae
227 1003 488 1040 officiosissime.
536 1003 688 1040 Londini
713 1003 758 1038 23
784 1001 1005 1039 Novembris.
1031 1003 1127 1039 Anni
1153 1005 1258 1039 1551.

898 1063 994 1099 Tuae
1019 1062 1226 1100 humanitati
1252 1064 1511 1100 addictissimus

991 1124 1047 1160 Io.
1071 1124 1093 1160 a
1116 1124 1249 1168 LAsco,
1275 1137 1319 1162 m,
1348 1137 1399 1173 pr.

162 1235 189 1274 ¹)
212 1234 366 1276 Legatum
398 1233 561 1275 intelligit,
589 1244 684 1275 quem
713 1233 869 1265 foederati
903 1234 1087 1268 Germanici
1115 1235 1217 1268 Lond.
1246 1235 1410 1274 miserant,
1434 1236 1562 1268 nomine
1586 1237 1657 1268 [oh.

123 1291 211 1329 Fam,
234 1290 359 1322 March.
384 1289 658 1322 Erana-Cusum.
679 1289 698 1321 a
720 1289 863 1321 secretis.
887 1289 936 1322 Cf.
958 1290 1139 1330 Lmemm,
1162 1291 1260 1333 Kurf.
1283 1292 1330 1324 M.
1346 1303 1372 1323 v.
1390 1292 1462 1324 sax.
1479 1292 1596 1324 11.238
1609 1303 1658 1334 sq.

119 1483 184 1519 ΝΟ.
206 1483 264 1518 82.
1209 1482 1257 1528 [Ex
1279 1486 1347 1519 Arch.
1364 1486 1430 1520 Scor.
1448 1487 1506 1527 neg.
1527 1485 1653 1531 Region]

667 1601 723 1637 Ad
750 1601 887 1637 Ducam
913 1601 1112 1638 Paussme.

168 1724 374 1760 Litteras
411 1722 727 1758 Celsitudinis
765 1726 870 1759 tuae
905 1723 957 1757 20
982 1723 1182 1769 Augusti
1219 1724 1427 1771 scriptas
1472 1738 1553 1772 ego
1592 1728 1660 1763 vi-

123 1786 295 1833 gesima
334 1785 476 1831 prima
515 1784 794 1831 Septembris
834 1785 1007 1830 accepi.
1055 1784 1152 1819 Sum
1178 1789 1329 1821 autem
1363 1787 1658 1824 veliementer

123 1845 400 1886 admiratus.
444 1844 561 1892 quod
606 1857 724 1881 meae
761 1845 953 1881 litterae
992 1850 1076 1880 tam
1113 1857 1215 1881 sero
1257 1850 1567 1893 pervenerint
1606 1849 1658 1885 ad

124 1912 238 1943 tuam
274 1905 627 1946 celsitudinem,
659 1917 753 1942 cum
791 1907 846 1947 is,
872 1906 945 1941 cui
971 1905 1078 1941 illas
1104 1905 1354 1948 tradebam,
1381 1914 1483 1942 tuae
1509 1908 1657 1945 Celsi-

123 1967 295 2003 diuise
329 1966 605 2001 familiarem
648 1970 693 2000 et
728 1966 812 2001 huc
843 1979 862 2000 a
899 1972 976 2001 tua
1024 1965 1319 2002 Celsitudine
1351 1967 1403 2003 ad
1440 1969 1659 2004 Maiesta-

124 2031 209 2063 tem
251 2026 437 2072 Regiam
477 2038 567 2063 cum
606 2025 873 2062 falconibus
913 2026 1090 2062 missum
1128 2038 1227 2061 esse
1264 2027 1462 2065 dicebat.
1526 2028 1657 2068 Quod

124 2099 259 2134 porro
300 2086 351 2122 ad
388 2098 566 2122 causam
607 2086 753 2128 illam,
788 2086 841 2122 de
880 2098 964 2133 qua
999 2087 1185 2128 scribit,
1217 2085 1417 2129 attinet,
1451 2091 1659 2137 acceptis

123 2147 308 2184 litteris
333 2147 425 2182 adii
451 2159 545 2182 mox
569 2147 861 2194 arehiepiscopum
883 2148 1164 2182 Cantuariensem
1183 2159 1364 2195 remque
1390 2149 1467 2185 illi
1493 2163 1660 2187 omnem

125 2209 382 2256 diligenter
416 2208 612 2254 exposui
639 2209 677 2250 ¹).
724 2208 808 2244 Sed
842 2207 1001 2243 diebus
1025 2209 1163 2244 ferme
1187 2208 1337 2245 decem
1366 2211 1468 2257 plus
1494 2212 1660 2254 minus,

127 2271 391 2318 priusquam
427 2268 608 2304 litteras
643 2274 747 2305 tuae
780 2269 1084 2305 celsitudinis
1108 2270 1399 2317 accepissem,
1424 2279 1568 2309 venerat
1592 2274 1658 2310 huc

124 2331 270 2367 nuncius
294 2343 372 2367 cum
399 2331 569 2365 mandatis
595 2330 702 2366 Ducis
728 2331 897 2366 Saxoniae
924 2331 1095 2372 Mauritii,
1117 2331 1249 2367 March.
1271 2331 1613 2379 Brandenburgensis
1627 2336 1657 2378 Ξ)

125 2398 162 2429 et
186 2392 294 2428 Ducis
320 2390 459 2426 Ioannis
487 2391 800 2438 hlekelburgensis,
828 2395 863 2426 et
887 2395 1059 2437 potestate
1084 2392 1255 2428 tractandi
1279 2392 1323 2428 de
1344 2393 1480 2429 foedere
1494 2396 1534 2438 ³).
1574 2396 1658 2432 Ac·

127 2457 308 2498 tumque
343 2453 410 2485 est
435 2449 477 2484 de
501 2449 663 2485 subsidiis
689 2451 905 2496 pecuniariis,
932 2462 1000 2485 uon
1024 2451 1149 2496 parvis,
1174 2452 1542 2497 quemadmodum
1571 2466 1657 2490 non

125 2511 290 2548 dubito
326 2513 482 2545 notum
517 2521 615 2545 esse
649 2509 916 2546 celsitudini
954 2515 1066 2546 tuae.
1117 2511 1281 2558 ltaque
1306 2511 1564 2549 Cantuariensis
1591 2527 1659 2550 non

128 2571 318 2620 putabat
355 2571 469 2606 utile
509 2572 554 2605 so
568 2583 608 2605 re
646 2577 691 2606 ut
725 2572 855 2607 mentio
886 2572 960 2607 eius
996 2583 1120 2607 causae
1157 2573 1267 2613 fieret,
1295 2574 1404 2609 donee
1428 2574 1485 2610 ille
1511 2578 1659 2612 nuncius

125 2633 374 2669 absolveretur.
422 2631 690 2678 Priusquam
718 2635 866 2668 autem
893 2632 937 2668 id
963 2633 1122 2674 fieret,
1151 2634 1412 2669 intervenerunt
1438 2635 1557 2671 turbae
1581 2649 1659 2683 gra·

128 2695 297 2729 vissimae.
338 2693 469 2740 Captus
496 2693 611 2727 denuo
635 2692 694 2739 qui
720 2696 894 2738 protector
919 2694 1029 2728 suerat
1054 2696 1096 2737 ⁴),
1120 2701 1241 2739 captus
1266 2699 1299 2729 ct
1328 2694 1478 2742 Pagetus
1505 2702 1543 2739 ὃ),
1568 2698 1661 2744 capti

127 2760 369 2800 praetcrea
407 2758 475 2789 tres
510 2753 658 2800 primarii
692 2753 888 2796 consiliarii,
921 2758 957 2789 ct
993 2754 1189 2789 circiter
1223 2756 1492 2801 quatuordecem
1525 2758 1584 2793 alii
1610 2759 1661 2794 in·

125 2816 238 2861 signes
274 2815 337 2851 viri
360 2815 401 2860 6).
448 2815 571 2853 Quae
610 2826 682 2850 res
719 2820 837 2851 nostra
870 2815 985 2851 omnia
1022 2815 1123 2862 plane
1162 2816 1385 2861 perturbavit,
1422 2830 1567 2865 neque
1601 2819 1658 2855 illc

126 2877 271 2913 nuncius
307 2877 375 2912 tale
402 2889 601 2923 responsum
628 2876 745 2912 habuit
771 2877 872 2923 quale
897 2877 1114 2924 optabamus,
1142 2876 1202 2912 sed
1227 2889 1280 2913 res
1307 2883 1380 2914 tota
1406 2878 1516 2916 dilata
1543 2885 1596 2915 est
1621 2882 1655 2916 in
