1830 3147
187 96 256 143 [A.
279 97 324 134 D.
350 96 463 144 1556]
920 97 992 136 722

194 206 259 241 hoc
295 216 406 240 meum
438 203 576 241 obstare
605 216 674 240 non
707 203 833 240 debere
866 204 1039 248 videatur,
1078 206 1262 253 quominus
1287 206 1329 243 de
1356 208 1576 243 controversa
1601 211 1630 250 ⁴)
1656 206 1728 246 illa.

194 278 315 312 nempe
357 265 439 301 reali
481 265 701 302 substantiali
745 277 786 302 ac
824 267 991 313 corporali
1035 267 1070 302 in
1111 267 1248 304 Coenae
1292 269 1472 304 elementis
1506 269 1657 315 corporis
1691 271 1727 303 et

195 327 372 374 sanguinis
406 326 536 362 Christi
570 326 720 362 naturali
752 327 991 364 delitescentia
1024 327 1116 364 inter
1150 341 1212 365 nos
1238 330 1486 378 colloquamur,
1509 334 1624 365 tamen
1649 341 1727 366 cum

196 388 358 424 hesterna
398 390 519 423 nostra
552 387 746 434 disputatio
782 388 945 424 adiuncta
982 388 1106 424 habeat
1137 389 1204 426 alia
1237 392 1401 438 quaedam
1436 391 1611 438 dogmata,
1648 390 1729 427 mihi

195 449 324 496 alioqui
356 452 470 490 antea,
507 451 548 483 ut
580 460 699 484 verum
736 449 855 490 fatear,
890 449 938 484 ita
971 461 1081 497 neque
1107 450 1227 487 audita
1252 463 1363 500 neque
1390 451 1480 488 lecta
1507 464 1668 498 unquam,
1693 456 1729 486 et

197 522 284 559 quae
318 522 394 545 meo
428 509 563 556 quidem
598 509 726 545 iudicio
758 509 871 546 adhuc
906 512 1014 557 magis
1040 511 1164 550 multo,
1188 525 1290 560 quam
1317 517 1539 549 controversa
1562 512 1621 548 illa
1647 512 1732 548 deli-

196 571 375 611 tescentia,
407 569 579 617 paradoxa
610 582 683 606 esse
716 570 890 612 videntur,
922 571 1084 607 iudicium
1118 572 1161 608 de
1198 572 1264 608 illis
1298 585 1410 609 meum
1437 573 1645 620 suspendere
1669 571 1728 607 ad—

200 632 266 668 huc
303 632 428 673 malim,
465 643 565 678 quam
603 630 646 666 ad
680 643 719 666 ea
745 632 779 667 in
805 632 971 667 utramvis
999 636 1130 679 partem
1158 633 1315 679 protinus
1340 634 1555 680 respondere.
1581 644 1730 680 praeser-

196 693 258 728 tim
297 703 400 739 quum
439 693 635 738 perspicuos
670 691 805 728 illorum
846 692 968 733 fontes
1005 705 1114 740 neque
1151 693 1185 728 in
1216 693 1403 741 Scripturis
1438 695 1532 740 ipsis,
1560 705 1670 738 neque
1694 693 1729 728 in

196 752 397 789 Catholicae
432 753 514 788 item
551 752 727 789 Ecclesiae
760 752 972 789 Doctoribus
1008 754 1090 789 mihi
1123 755 1263 790 omnino
1295 754 1409 790 adhuc
1441 758 1636 801 compertos
1671 754 1728 788 ha-

200 814 310 856 beam,
348 815 416 850 imo
459 826 551 856 vero,
586 816 752 861 quantum
791 814 946 860 equidem
985 814 1134 856 memini,
1170 814 1317 851 arbitror
1354 828 1374 850 a
1415 816 1534 861 priscis
1570 814 1728 850 omnibus

203 875 379 912 Ecclesiae
414 875 626 912 Doctoribus
660 875 773 910 aliena
810 874 909 921 plane
946 887 1031 911 esse.
1080 877 1130 912 4⁰.
1165 876 1282 911 Citata
1317 880 1399 911 sunt
1435 876 1535 911 etiam
1573 887 1631 922 per
1669 886 1729 909 vos

198 936 274 972 loca
307 936 473 984 quaedam
507 940 542 972 et
576 948 618 972 ex
655 936 836 983 scripturis
874 941 909 971 et
941 947 986 972 ex
1021 936 1184 973 Patribus
1222 938 1318 984 ipsis,
1341 949 1429 985 quae
1454 937 1653 984 diligentius
1680 937 1730 971 in·

196 998 281 1044 spici
317 1001 352 1032 et
387 997 536 1044 expendi
569 1000 720 1044 oportet,
756 996 790 1032 id
824 997 917 1044 quod
951 1009 1015 1044 ego
1051 997 1179 1045 alioqui
1214 1009 1306 1034 nunc
1339 1002 1375 1033 et
1411 1009 1469 1043 per
1506 996 1669 1042 temporis
1695 999 1731 1031 et

197 1070 256 1104 per
288 1058 450 1093 librorum
488 1058 649 1104 inopiam.
683 1058 796 1093 facere
831 1069 900 1093 non
937 1070 1093 1104 possum.
1141 1058 1196 1094 Sic
1232 1058 1372 1105 proinde
1406 1058 1525 1093 mirum
1555 1057 1652 1092 vobis
1678 1056 1732 1092 vi·

195 1119 269 1154 deri
302 1132 370 1155 non
405 1118 528 1155 debere
554 1122 649 1166 puto,
676 1119 717 1161 si,
742 1131 810 1154 non
836 1119 999 1165 inspeetis
1025 1131 1065 1155 ac
1091 1119 1255 1155 discussis
1279 1131 1365 1166 quae
1389 1123 1472 1154 sunt
1496 1118 1604 1154 citata
1629 1116 1727 1158 locis,

196 1180 425 1227 respondendi
451 1180 531 1216 mihi
558 1180 767 1227 provinciam
795 1192 928 1215 sumere
954 1193 1023 1216 non
1051 1181 1165 1217 velim.
1191 1180 1360 1216 Libenter
1385 1180 1448 1215 hoc
1475 1183 1590 1214 tamen
1606 1182 1726 1225 postea

197 1256 269 1279 sum
306 1244 470 1283 facturus,
505 1246 543 1277 ut
580 1254 637 1288 per
668 1243 777 1277 otium
803 1246 958 1277 amanter
983 1246 1019 1277 et
1044 1244 1240 1277 reverenter
1265 1242 1307 1277 de
1334 1242 1492 1277 omnibus
1517 1240 1558 1275 ad
1587 1245 1620 1275 te
1644 1239 1728 1275 scri-

197 1305 285 1346 bam,
309 1304 373 1339 Vir
397 1303 608 1339 Clarissime!
633 1302 691 1338 ubi
715 1302 757 1337 ad
788 1302 890 1338 libros
917 1315 1009 1337 meos
1036 1303 1181 1339 rediero,
1232 1302 1313 1338 Non
1337 1303 1505 1348 equidem.
1533 1304 1570 1335 ut
1595 1300 1649 1335 vel
1675 1311 1726 1335 re-

195 1366 310 1401 vocari
332 1368 371 1408 ⁵),
397 1365 450 1400 vel
476 1364 621 1411 ipsemet
646 1365 762 1399 venire
788 1370 901 1399 tecum
931 1364 1001 1399 ullo
1028 1363 1128 1399 modo
1156 1363 1258 1398 velim
1285 1364 1318 1398 in
1345 1363 1450 1397 ullam
1477 1362 1618 1398 omnino
1643 1372 1726 1396 eon-

196 1426 399 1466 tentionem,
429 1437 450 1461 a
480 1436 547 1472 qua
583 1436 666 1460 sane
700 1427 796 1460 totus
823 1423 1002 1465 abhorreo,
1030 1423 1088 1459 sed
1117 1428 1156 1459 nt
1182 1423 1245 1459 tibi
1271 1422 1367 1458 velut
1394 1422 1504 1462 fratri,
1531 1425 1594 1456 aut
1618 1422 1729 1457 verius

196 1486 297 1534 patri,
331 1484 410 1520 fidei
443 1497 539 1520 meae
572 1485 738 1520 rationem
780 1485 813 1520 in
849 1485 941 1519 omni
979 1483 1220 1519 benevolentia
1254 1494 1294 1518 ac
1332 1482 1499 1518 charitate
1532 1481 1729 1516 Christiana

196 1546 349 1588 reddam,
381 1546 666 1594 quemadmodum
694 1549 730 1581 tu
760 1557 820 1592 pro
847 1546 974 1581 virtute
1003 1545 1286 1591 humanitateque
1312 1547 1371 1580 tua
1398 1542 1498 1579 fidem
1527 1543 1606 1579 mihi
1632 1546 1727 1578 tuam

198 1611 345 1643 conatus
373 1619 408 1642 es
433 1607 635 1654 approbare.

242 1669 298 1705 Ne
316 1667 398 1716 quid
421 1672 535 1704 antem
561 1680 631 1703 non
656 1678 712 1704 rec
739 1670 772 1701 te
797 1666 858 1701 abs
885 1670 919 1701 te
944 1664 1171 1707 intellexisse,
1187 1667 1249 1700 aut
1272 1676 1341 1700 non
1362 1663 1466 1711 probe
1482 1664 1596 1699 onmia
1611 1666 1728 1700 memi-

197 1729 289 1765 nisse
324 1729 388 1764 tibi
422 1728 550 1770 videar,
583 1727 859 1764 commemorabo
892 1726 946 1762 hic
983 1726 1114 1773 pauciS‚
1141 1737 1228 1773 quae
1257 1737 1310 1760 me
1333 1724 1403 1760 heri
1428 1737 1468 1759 ex
1496 1727 1530 1759 te
1555 1724 1730 1759 audivisse

198 1794 295 1837 puto,
327 1795 378 1833 ut,
411 1789 521 1825 sicubi
556 1789 719 1825 memoria
754 1788 817 1824 tibi
852 1788 967 1834 lapsus
992 1799 1129 1835 quoquo
1155 1787 1257 1822 modo
1280 1786 1407 1826 videar,
1432 1785 1492 1821 abs
1517 1790 1551 1820 te
1575 1790 1731 1821 amanter

197 1851 374 1887 admoneri
399 1862 545 1898 possem,
572 1862 613 1885 ne
638 1849 720 1896 quid
747 1860 847 1884 secus
871 1860 972 1895 quam
1010 1847 1128 1883 dixisti
1152 1859 1172 1883 a
1197 1859 1250 1882 me
1275 1846 1501 1893 intelligatur.
1544 1846 1643 1882 Haec
1666 1846 1729 1893 igi-

200 1916 258 1948 tur
284 1911 364 1947 mihi
390 1911 508 1947 videor
531 1910 729 1946 audivisse:

249 1985 282 2007 a.
309 1972 486 2008 Christum
512 1971 699 2006 Dominum
725 1971 760 2006 in
786 1981 850 2005 sua
876 1981 953 2005 mox
981 1968 1218 2004 incarnatione
1244 1968 1347 2004 fuisse
1365 1967 1502 2003 omnino
1519 1965 1728 2003 incoelestis

205 2034 320 2070 Patris
343 2033 465 2080 gloria,
493 2032 596 2068 etiam
629 2031 704 2078 ipso
730 2030 953 2065 humanitatis
980 2033 1118 2065 nostrae
1142 2040 1295 2075 corpore,
1319 2040 1512 2075 quanquam
1539 2027 1636 2063 iuxta
1661 2026 1729 2062 dis-

206 2094 442 2141 pensationem
469 2092 638 2140 quandam
666 2092 702 2127 in
727 2090 826 2126 terris
853 2089 1059 2136 conspicuus
1086 2093 1288 2125 versaretur.

252 2156 280 2192 b.
328 2154 503 2190 Christum
539 2153 726 2188 Dominum
754 2152 790 2187 in
817 2152 929 2187 verbis
957 2150 1024 2186 illis
1050 2150 1124 2186 Ioh.
1151 2150 1194 2186 12
1222 2164 1239 2182 n
1254 2149 1356 2186 Pater
1381 2149 1536 2196 glorifica
1561 2160 1612 2184 me
1639 2152 1730 2184 etex·

202 2216 370 2252 visibilem
397 2219 531 2251 tantum
557 2215 631 2250 eius
657 2225 740 2249 suae
765 2212 896 2259 gloriae
926 2212 1169 2247 revelationem
1196 2211 1346 2257 petiisse,
1374 2223 1472 2258 quam
1488 2210 1614 2257 alioqui
1628 2213 1730 2245 antea

206 2279 309 2314 etiam
337 2277 372 2313 in
397 2289 459 2312 suo
485 2287 627 2323 corpore
652 2274 809 2314 hahebat,
832 2277 891 2309 sed
918 2273 1174 2319 dispensatione
1198 2271 1344 2320 quadam
1371 2271 1516 2307 celabat.

249 2352 275 2375 ο.
324 2338 502 2374 Christum
540 2336 726 2373 Dominum
772 2336 808 2371 in
854 2338 994 2371 nostrae
1036 2335 1137 2370 etiam
1180 2334 1402 2370 humanitatis
1441 2344 1591 2379 corpore.
1631 2333 1730 2367 iuxta
1769 2322 1772 2323 ⁷

208 2401 313 2448 ipsam
338 2399 467 2446 alioqui
492 2398 601 2434 nostri
627 2397 779 2444 corporis
806 2402 978 2437 naturam,
1003 2397 1104 2432 fuisse
1129 2407 1260 2442 semper
1293 2393 1516 2430 immortalem
1543 2392 1730 2440 impassibi—

205 2463 270 2498 lem
308 2465 343 2497 et
376 2460 562 2508 gloriosum
601 2458 798 2495 testimonio
832 2470 916 2494 suae
955 2457 1277 2503 transfigurationis,
1312 2456 1372 2491 sed
1396 2455 1531 2490 interim
1558 2455 1730 2501 dispensa·

203 2524 296 2559 tione
320 2520 464 2569 quadam
492 2531 628 2567 passum
655 2522 895 2565 mortuumque
919 2529 993 2553 esse
1020 2520 1159 2564 propter
1184 2516 1294 2552 nostri
1319 2515 1595 2561 redemptionem.

251 2584 288 2618 d.
337 2582 513 2617 Christum
552 2580 734 2615 Dominum
774 2579 870 2613 iuxta
894 2577 1119 2613 humanitatis
1144 2580 1282 2611 nostrae
1308 2579 1479 2615 naturam,
1511 2584 1630 2618 nempe
1656 2582 1725 2606 cor·

203 2655 284 2690 pore
317 2645 353 2678 et
384 2643 550 2687 sanguine
587 2653 660 2681 suo,
694 2651 769 2675 esse
803 2639 871 2674 iam
897 2638 1096 2673 Creatorem
1125 2640 1265 2684 propter
1300 2635 1510 2683 personalem
1548 2633 1727 2679 utriusque

200 2704 236 2740 in
260 2704 335 2750 ipso
360 2707 502 2739 naturae
529 2703 703 2738 unionem.

252 2776 282 2799 e.
330 2763 373 2799 In
407 2763 545 2799 Christo
580 2763 730 2798 Domino
756 2765 914 2797 naturam
940 2760 1048 2807 ipsam
1084 2763 1221 2795 nostrae
1258 2756 1494 2796 humanitatis,
1529 2765 1653 2801 corpus
1679 2755 1729 2789 in-

203 2837 303 2872 quam
329 2836 427 2860 suurn
454 2828 487 2860 et
515 2825 728 2870 sanguinem,
755 2823 892 2858 divinae
919 2823 1026 2868 ipsius
1051 2825 1193 2856 naturae
1219 2821 1267 2856 ita
1293 2831 1367 2854 esse
1391 2817 1522 2853 unitam
1557 2815 1727 2862 personali

201 2887 345 2929 unione,
382 2890 421 2922 ut
453 2897 565 2933 neque
598 2885 752 2921 locorum
788 2894 899 2931 neque
933 2883 1013 2919 item
1041 2882 1217 2929 potentiae
1254 2878 1450 2931 discrimine
1485 2877 1555 2913 ullo
1579 2875 1730 2929 discerni
