1830 3147
1650 51 1669 88 7

131 154 236 192 illam
263 154 303 191 in
330 168 418 192 omn
461 154 653 192 doctrinae
680 155 964 194 Ecclesiastieae
990 170 1126 206 genere
1153 157 1346 195 observari
1373 159 1526 196 omnino
1555 172 1666 207 opor-

132 222 209 256 tere
236 219 418 258 videmus.
465 218 521 256 Ea
550 232 635 257 vero
665 232 750 257 cum
777 233 855 258 non
882 221 1035 259 aliunde
1065 222 1177 260 etiam
1206 223 1334 272 colligi
1361 223 1509 274 potique
1536 225 1670 274 possit,

131 296 242 334 quam
280 284 377 321 unde
403 283 515 321 fidem
542 283 661 334 ipsam
689 284 779 322 oriri
807 284 1025 336 hauririque
1052 291 1225 337 oportere
1254 288 1430 325 docemur
1456 310 1508 317 —
1535 302 1665 340 nempe

131 360 177 386 ex
212 347 314 385 verbi
354 347 472 385 divini
504 348 647 393 auditu,
682 349 998 399 quemadmodum
1036 351 1173 388 Paulus
1211 352 1319 390 docct
1352 375 1404 382 —
1432 357 1540 398 certe,
1568 354 1598 391 si
1626 354 1664 390 in

129 412 370 451 restituendis
406 413 703 464 recipiendisque
728 427 772 452 ac
800 415 1044 453 observandis
1074 418 1117 463 (x
1145 418 1206 465 6¹³)
1236 419 1357 456 cultus
1386 418 1505 456 divini
1531 419 1666 457 ritibus

132 478 220 516 fidei
254 478 365 516 nobis
405 478 616 528 analogiam
654 483 740 517 ante
776 480 914 523 omnia,
951 481 1105 531 perinde
1141 486 1250 532 atque
1287 483 1326 521 in
1353 483 1525 522 doctrina
1553 485 1669 527 omni,

131 542 405 581 observandam
433 543 745 594 spectandamque
772 557 852 582 esse
879 545 1052 590 fatemur,
1078 546 1205 584 eadem
1235 560 1323 585 sane
1349 561 1459 599 opera
1487 549 1669 586 fateamur

133 620 282 646 necesse
317 611 385 652 est,
419 607 522 645 illam
558 621 634 646 non
669 608 821 647 aliunde
855 610 1056 660 petendam
1085 611 1409 662 colligendamque
1436 627 1527 658 esse,
1554 627 1667 664 quam

132 672 232 710 unde
269 672 381 710 fidem
416 673 536 723 ipsam
570 674 647 724 peti
684 674 886 726 haberique
922 689 1032 726 posse
1069 676 1196 714 divino
1235 677 1417 715 beneficio
1451 679 1499 715 ab
1538 679 1666 717 eodem

132 737 215 788 ipso
243 737 360 775 Paulo
389 738 574 789 Apostolo
602 738 788 781 audimus.
816 753 947 791 nempe
974 754 1052 778 non
1080 754 1125 778 ex
1152 741 1348 779 hominum
1375 742 1522 793 placitis
1550 744 1668 781 tradi-

129 802 345 840 tionibusve
379 803 490 847 ullis,
534 803 650 840 multo
685 803 810 841 minus
852 817 898 842 ex
934 805 1128 843 vetustatis
1163 807 1276 844 ullius
1312 806 1670 858 praescriptionibus

129 868 344 906 locorumve
378 868 663 919 praerogativis,
691 869 754 906 sed
782 883 827 907 ex
855 870 960 907 verbi
987 871 1225 922 potissimum
1257 872 1373 909 divini
1402 873 1530 911 auditu
1559 879 1669 924 atquc

130 932 403 971 observatione.
442 933 491 970 Et
513 933 671 984 proinde
697 933 736 971 in
767 934 1009 972 restituendis
1036 949 1186 987 quoque
1213 937 1482 987 recipiendisve
1509 943 1572 976 aut
1599 939 1667 976 ob-

131 997 323 1035 servandis
360 997 496 1035 ritibus
531 998 619 1036 fidei
655 999 766 1036 nobis
802 1000 926 1038 fontes
963 1001 1202 1051 potissimum
1238 1002 1441 1040 intuendos
1477 1016 1569 1048 esse,
1597 1003 1668 1041 hoc

130 1065 199 1108 est,
233 1062 358 1112 ipsum
397 1063 553 1100 verbum
581 1062 665 1110 Dei,
691 1068 733 1101 ut
759 1064 806 1101 ad
834 1064 929 1102 illud
958 1071 1086 1103 nostra
1116 1066 1261 1104 demum
1293 1067 1418 1104 omnia
1445 1068 1666 1122 probemus3

130 1139 208 1164 non
242 1132 367 1164 autem
402 1127 497 1164 ritus
535 1127 669 1165 veteris
706 1128 898 1167 Ecclesiae
934 1130 1046 1176 ullos,
1081 1127 1185 1168 extra
1222 1131 1373 1169 verbum
1404 1132 1475 1169 Dei
1500 1137 1668 1183 receptos

128 1196 240 1242 atque
282 1195 495 1243 usurpatos,
541 1193 687 1231 etiamsi
724 1194 965 1239 unani1ni.6t
1003 1196 1155 1234 Patrnm
1193 1197 1303 1234 simul
1336 1197 1372 1235 et
1411 1198 1667 1236 Conciliorum

129 1257 296 1295 omnium
325 1270 509 1296 consensu
535 1259 700 1296 instituti
727 1265 864 1299 essent.
919 1260 1028 1299 Quae
1057 1275 1143 1299 vero
1170 1263 1208 1300 in
1237 1263 1372 1314 priscis
1400 1263 1591 1302 Ecclesiae
1619 1265 1670 1301 ri-

129 1322 231 1360 tibus
268 1323 384 1361 verbo
422 1323 492 1361 Dei
521 1329 771 1362 consentanea
800 1325 998 1371 habentur,
1025 1327 1065 1364 in
1091 1327 1138 1365 iis
1167 1341 1255 1366 sane
1283 1329 1564 1380 amplectendis,
1592 1344 1670 1368 non

127 1391 205 1425 tam
240 1388 360 1439 ipsam
395 1388 586 1426 Ecclesiae
615 1390 925 1429 consuetudinem
953 1393 1211 1442 (quantumvis
1240 1398 1427 1445 receptam
1453 1408 1497 1432 ac
1524 1396 1669 1446 specio-

128 1454 226 1500 sam)
261 1466 373 1504 quam
409 1454 534 1504 potius
562 1454 718 1491 verbum
746 1457 789 1503 (κ
820 1456 877 1503 7³)
907 1456 975 1493 Dei
1004 1457 1206 1508 sequimur,
1235 1459 1295 1495 cui
1321 1459 1416 1496 ritus
1443 1459 1529 1497 illos
1557 1460 1670 1498 inniti

128 1517 316 1565 videmus3
351 1523 387 1556 et
424 1518 573 1569 quidem
609 1519 804 1565 hactenus,
843 1525 1027 1572 quatenus
1062 1523 1148 1560 illos
1184 1523 1231 1561 ad
1269 1524 1458 1562 Ecclesiae
1495 1525 1669 1563 aedifica-

129 1583 271 1621 tionem
309 1596 375 1634 pro
411 1587 622 1635 temporum
657 1585 804 1623 ratione
831 1586 953 1624 facere
981 1591 1139 1626 constet.
1193 1589 1248 1626 Ut
1275 1589 1374 1626 enim
1402 1590 1439 1627 in
1467 1591 1549 1628 luce
1579 1591 1669 1628 doc-

128 1648 248 1685 trinae
274 1647 355 1699 ipsa
384 1653 471 1686 sunt
497 1649 637 1698 gradus
666 1650 832 1700 quidam,
859 1650 963 1689 iuxta
992 1666 1085 1703 quos
1114 1653 1159 1690 ad
1188 1654 1411 1704 perfectiora
1439 1669 1583 1706 semper
1610 1660 1666 1694 cst

127 1712 456 1763 progrediendum,
483 1727 530 1752 ne
557 1718 622 1751 aut
648 1714 860 1753 infantibus
889 1716 1014 1754 cibum
1043 1717 1250 1755 silidiorem
1278 1719 1386 1762 forte,
1413 1733 1537 1770 quarn,
1565 1724 1605 1758 ut
1633 1721 1666 1758 ei

124 1777 415 1816 transmittendo
452 1792 559 1829 pares
595 1793 675 1817 esse
711 1785 862 1831 queant,
889 1785 953 1819 aut
981 1782 1228 1821 adultioribus
1257 1797 1406 1822 rursum
1433 1785 1541 1823 lactis
1570 1786 1665 1823 dun-

125 1847 231 1881 taxat
263 1843 455 1894 potionem
491 1850 669 1896 perpetuo
706 1845 902 1884 offeramus
937 1869 989 1875 —
1015 1849 1166 1886 tametsi
1197 1849 1256 1886 hic
1282 1863 1346 1900 per
1373 1863 1520 1888 omnem
1550 1852 1665 1889 vitam

126 1910 294 1945 nostram
321 1909 476 1946 nonnisi
503 1922 548 1947 ex
574 1914 680 1960 parte
707 1914 743 1949 et
772 1924 998 1960 cognoscere
1025 1917 1060 1950 et
1087 1914 1310 1965 prophetare
1336 1915 1524 1966 possimus
1545 1917 1665 1954 —ita

125 1971 196 2009 etsi
232 1972 353 2010 cultus
390 1973 507 2010 divini
542 1974 581 2011 in
620 1974 789 2012 Ecclesia
816 1976 910 2014 ritus
938 1990 1131 2028 nunquam
1160 1992 1260 2025 sane,
1287 1979 1376 2017 dum
1404 1979 1465 2017 hic
1491 1981 1664 2024 vivimus,

126 2036 212 2087 puri
248 2049 365 2088 usque
401 2038 495 2075 adeo
530 2052 611 2076 esse
643 2044 815 2091 possunt,
841 2044 884 2079 ut
913 2054 989 2079 non
1019 2055 1161 2093 semper
1190 2043 1395 2081 humanum
1424 2045 1567 2095 aliquid
1596 2046 1663 2083 ad-

127 2100 296 2139 iunctum
334 2101 509 2148 habeant,
542 2117 619 2142 non
647 2109 774 2143 tamen
801 2110 858 2143 est
885 2120 1028 2158 semper
1055 2108 1331 2147 immorandum
1360 2111 1519 2161 receptis
1550 2112 1662 2148 semel

127 2166 300 2205 humanis
327 2167 477 2212 ritibus,
503 2182 598 2220 quos
627 2170 764 2208 divinis
792 2172 932 2223 alioqui
961 2173 1265 2212 institutionibus
1294 2175 1491 2213 adiunctos
1519 2189 1661 2227 proque

125 2235 337 2283 temporum
371 2234 518 2271 ratione
554 2240 755 2286 usurpatos
791 2250 870 2274 esse
898 2238 1084 2283 novimus,
1111 2240 1258 2278 etiamsi
1284 2241 1370 2278 illos
1399 2254 1481 2278 cum
1508 2241 1661 2292 publico

124 2298 316 2336 Ecclesiae
351 2299 477 2336 fructu
512 2299 730 2338 observatos
765 2302 983 2352 aliquandiu
1010 2317 1090 2341 esse
1117 2318 1193 2342 non
1219 2305 1449 2355 ignoremus.
1505 2306 1579 2345 Sed
1606 2312 1661 2345 est

126 2361 249 2400 danda
284 2375 395 2414 opera
432 2377 588 2415 semper,
623 2369 678 2409 ut,
704 2378 779 2416 quo
807 2367 917 2404 nobis
946 2368 1139 2406 clariorem
1169 2369 1317 2408 divinae
1347 2371 1576 2420 cognitionis
1604 2373 1662 2410 lu-

125 2438 205 2465 cem
239 2441 305 2479 per
341 2428 551 2466 doctrinam
588 2430 789 2480 Euangelii
825 2431 895 2468 Dei
933 2432 1113 2470 beneficio
1150 2433 1332 2472 affulsisse
1370 2428 1550 2481 videmus,
1587 2437 1658 2473 hoc

123 2492 236 2531 ctiam
271 2493 423 2544 propius
458 2494 499 2531 in
534 2495 777 2533 restituendis
812 2497 934 2534 cultus
972 2497 1089 2535 divini
1117 2498 1245 2547 riti-(z
1276 2499 1408 2548 7¹))bus
1436 2501 1484 2538 ad
1510 2502 1655 2552 purita-

123 2560 199 2594 tem
219 2557 477 2608 Apostolioam
505 2558 544 2596 in
575 2559 665 2605 dies,
692 2559 772 2598 sine
797 2561 1036 2611 praeiudiciis
1063 2562 1214 2600 interim
1242 2567 1278 2601 et
1308 2577 1391 2602 cum
1412 2578 1501 2615 pace
1524 2565 1655 2603 Eccle-

124 2622 214 2668 siae,
249 2622 480 2662 accedamus.
537 2624 623 2661 Hoc
660 2638 748 2663 sane
783 2626 830 2662 ab
869 2627 1062 2677 Apostolis
1089 2627 1142 2665 ita
1170 2628 1310 2666 sactum
1339 2629 1498 2678 legimus
1525 2630 1564 2667 in
1593 2635 1654 2666 to-

123 2686 287 2724 lerandis
315 2687 544 2738 aliquandiu,
571 2689 704 2726 deinde
733 2703 818 2727 vero
847 2690 1075 2740 abrogandis
1103 2692 1269 2729 Iudaicis
1295 2693 1481 2744 plerisque
1508 2694 1657 2740 ritibus,

124 2750 192 2788 ubi
226 2751 302 2789 iam
337 2752 513 2790 omnibus
547 2754 816 2804 propemodum
851 2760 936 2806 post
962 2757 1187 2806 patefactam
1216 2757 1415 2805 Euangelii
1440 2758 1560 2795 lucem
1590 2772 1657 2810 pa-

125 2816 198 2852 lam
228 2819 428 2862 constaret,
454 2818 606 2855 umbras
633 2818 716 2856 illas
744 2819 919 2857 Iudaicas
949 2833 1032 2857 cum
1062 2820 1142 2858 lucc
1171 2821 1240 2859 hac
1269 2822 1428 2872 amplius
1457 2822 1659 2860 consistere
