1830 3147
61 723 77 754 1
104 722 177 756 Cor.
200 723 229 755 2.

59 766 92 797 II
118 766 191 797 Par.
214 765 265 797 20.

59 1317 149 1350 Gala.
174 1317 202 1348 5.

57 1361 144 1393 Iano.
166 1360 196 1391 2.

59 1404 143 1435 laco.
166 1404 211 1435 4.-

59 1732 144 1764 Psal.
166 1733 218 1765 46.

59 1775 162 1808 Math.
186 1775 215 1807 6.

56 1817 160 1848 Marc.
182 1817 221 1850 X.

56 1858 177 1891 Iacobi.
202 1860 230 1893 1.

57 1901 147 1934 Ioan.
170 1902 221 1935 16.

54 2229 159 2264 Math.
181 2231 210 2264 6.

55 2272 132 2306 Luc.
157 2274 206 2307 11.

52 2416 125 2449 Esa.
148 2418 200 2451 43.

51 2681 158 2715 Iacob.
182 2682 212 2716 1.

50 2725 138 2758 Ioan.
163 2725 192 2757 3.

52 2768 137 2802 Psal.
161 2768 212 2799 50.

345 104 418 139 44ιῆ
822 114 996 143 οΑΤΕοΗ.
1027 115 1136 143 Ech.
1165 116 1280 145 nouo,

375 241 418 288 (I
474 241 810 281 TERTIA
866 243 1452 285 CAJ’EOHISMI
1498 248 1731 287 PARS.

423 306 500 342 DE
528 307 902 346 J’RE'OATIONE
928 310 1226 348 FIDELIUM
1248 312 1539 350 FILIORUM
1565 314 1681 352 DEI.

918 535 1058 574 Interr.
1088 538 1176 574 194.

408 597 513 637 Quid
543 603 733 649 praeterea
762 599 799 637 in
829 600 1015 650 religione
1043 601 1261 639 Christiana
1290 602 1522 653 requiritur?
1548 604 1655 651 (70¹³)

990 664 1104 716 Resp.

397 728 483 765 Rite
510 731 663 778 peracta
692 733 727 766 et
755 728 906 766 assidua
933 730 1100 780 precatio
1130 730 1207 768 sive
1226 730 1415 769 invocatio
1440 731 1559 769 divini
1579 732 1756 771 nominis.

346 792 477 831 Quum
513 792 614 830 enim
642 793 756 831 homo
784 794 824 831 in
854 807 892 832 se
919 794 1024 832 omni
1061 795 1161 832 bono
1191 795 1394 834 destitutus
1422 797 1482 843 sit,
1508 797 1603 834 nihil
1630 797 1670 834 in
1698 811 1757 835 re-

346 858 416 895 bus
464 857 603 895 divinis
646 857 870 908 intelligere,
906 872 955 896 ne
992 859 1049 896 vel
1085 859 1236 898 credere
1273 860 1437 911 quidem,
1472 874 1593 912 neque
1629 865 1759 900 sancte

344 922 469 960 vivere
504 926 643 973 potest,
677 923 750 961 nisi
784 923 937 961 assidue
964 924 1093 961 omnia
1122 938 1143 962 a
1171 924 1251 963 Deo
1279 930 1430 977 expetat
1458 938 1671 976 nomenque
1697 926 1757 977 ip-

346 987 422 1025 sius
449 987 615 1026 invocet.

926 1054 1067 1093 Interr.
1097 1056 1184 1092 195.

394 1116 524 1155 Quum
554 1117 600 1154 de
625 1116 724 1155 iusta
752 1117 968 1168 precatione
993 1119 1176 1170 loquaris,
1203 1119 1413 1169 intelligere
1441 1120 1534 1158 mihi
1554 1120 1662 1159 video
1679 1133 1756 1159 non

343 1182 551 1233 quamlibet
579 1183 832 1234 precationem
862 1183 960 1234 apud
989 1184 1110 1222 Deum
1139 1197 1219 1222 esse
1245 1186 1467 1236 potentem?

992 1249 1105 1300 Resp.

397 1311 511 1350 Recte
539 1312 668 1351 sentis.
710 1312 898 1350 Nimirum
927 1312 1243 1363 quemadmodum
1272 1314 1427 1351 nonnisi
1456 1315 1641 1364 singulari
1669 1315 1756 1352 fidei

345 1376 501 1414 salutem
538 1381 727 1414 aeternam
763 1377 974 1428 proposuit,
1002 1377 1055 1414 sic
1083 1390 1233 1428 quoque
1262 1377 1464 1427 singularis
1492 1379 1660 1430 precatio
1689 1383 1757 1425 est,

345 1455 457 1492 quam
486 1441 616 1479 audire
643 1441 836 1492 pollicitus
864 1445 920 1480 est
948 1443 1052 1490 (71³)
1081 1441 1282 1480 Dominus.

924 1570 1062 1608 Interr.
1094 1572 1179 1609 196.

400 1636 536 1674 Qualis
564 1635 682 1685 igitur
709 1634 878 1686 precatio
905 1640 1040 1686 potens
1068 1636 1167 1686 apud
1195 1635 1312 1674 Deum
1343 1636 1442 1673 erit?

993 1700 1103 1751 Resp.

396 1766 567 1805 Precatio
604 1765 702 1803 iusta
740 1765 823 1810 erit,
856 1764 895 1802 in
933 1778 1004 1816 qua
1039 1764 1265 1816 imploratur
1292 1771 1404 1816 atque
1431 1765 1656 1804 sollicitatur
1684 1766 1754 1804 ali-

345 1830 433 1881 quid
463 1844 483 1868 a
511 1831 634 1875 Patre,
662 1833 761 1867 certa
789 1828 863 1866 fide
889 1833 1002 1879 atque
1029 1829 1180 1874 fiducia,
1209 1843 1291 1867 eum
1321 1843 1486 1868 annuere
1513 1830 1606 1868 velle
1632 1830 1752 1881 preci-

344 1896 413 1933 bus
442 1895 598 1939 nostris,
625 1894 664 1932 in
692 1894 847 1932 nomine
875 1894 1018 1931 Christi
1046 1894 1218 1933 sublatis.

919 1959 1058 1997 Interr.
1089 1960 1175 1999 197.

392 2025 498 2063 Dicis
536 2024 653 2063 Deum
690 2024 839 2062 Patrem
876 2023 987 2062 nobis
1016 2024 1273 2062 invocandum
1308 2038 1399 2070 esse,
1427 2038 1517 2062 num
1544 2024 1660 2074 igitur
1688 2024 1753 2063 de-

342 2091 559 2128 functorum
589 2092 808 2127 sanctorum
836 2089 1021 2126 auxilium
1049 2089 1250 2140 implorare
1278 2102 1353 2127 non
1384 2089 1499 2127 licet?

989 2154 1102 2205 Resp.

392 2221 565 2259 Christus
594 2219 780 2257 Dominus
808 2222 948 2262 noster,
976 2218 1040 2270 qui
1066 2219 1146 2270 ipse
1173 2219 1340 2270 precepit
1357 2219 1467 2257 nobis
1485 2219 1753 2269 precationem,

340 2285 400 2323 cui
428 2285 497 2322 soli
526 2283 758 2321 auditionem
785 2283 972 2333 promisit,
1000 2282 1137 2320 diserte
1165 2283 1269 2327 dicit,
1291 2282 1443 2320 nonnisi
1463 2282 1583 2320 Deum
1602 2282 1750 2330 Patrem

339 2348 592 2387 invocandum
621 2352 732 2398 atque
759 2346 991 2385 adorandum
1022 2348 1129 2395 (71¹³)
1157 2348 1268 2385 nobis
1297 2361 1389 2385 esse.
1421 2347 1498 2384 Qui
1527 2359 1615 2396 ergo
1644 2358 1751 2383 secus

338 2414 441 2460 facit,
468 2412 632 2464 primum
661 2411 828 2463 concipit
855 2424 983 2462 preces
1013 2412 1116 2449 omni
1139 2411 1390 2462 promissione
1411 2411 1622 2449 destitutas.
1652 2410 1747 2447 Tum

338 2478 573 2516 idololatriae
603 2476 710 2527 culpa
740 2489 819 2513 sese
845 2476 1015 2526 impedit,
1044 2476 1232 2514 defunctis
1263 2476 1401 2514 sanctis
1417 2476 1583 2525 adeoque
1603 2478 1748 2511 creatu-

339 2544 390 2582 ris
428 2541 691 2587 adscribendo,
725 2541 825 2589 quod
863 2541 1016 2578 nonnisi
1054 2541 1124 2578 soli
1163 2541 1243 2578 Deo
1279 2540 1427 2592 proprie
1466 2539 1654 2589 competit,
1690 2539 1749 2576 ni-

339 2606 474 2643 mirum
502 2619 585 2644 eum
613 2619 693 2643 esse
722 2605 842 2643 Deum
872 2610 1042 2643 nostrum
1073 2611 1183 2656 atque
1212 2606 1373 2651 Patrem,
1400 2604 1465 2655 qui
1493 2604 1595 2641 solus
1624 2604 1748 2641 omni·

338 2676 473 2721 potens
509 2676 546 2707 et
582 2684 602 2707 a
638 2683 712 2721 quo
749 2670 829 2707 solo
873 2683 983 2707 omne
1011 2670 1151 2707 bonum
1181 2670 1230 2708 sit
1257 2667 1562 2720 exspectandum.
1619 2667 1747 2705 Quum

339 2735 440 2773 enim
475 2735 625 2785 proprie
663 2734 716 2772 sic
743 2734 844 2772 dicta
872 2734 1044 2771 adoratio
1072 2747 1158 2785 pars
1187 2733 1235 2772 sit
1264 2733 1386 2771 cultus
1413 2732 1557 2778 Divini,
1585 2737 1627 2770 ut
1655 2745 1746 2769 con-

340 2800 510 2852 spicuum
539 2804 594 2838 est
638 2799 677 2837 in
714 2799 923 2851 praeceptis
961 2799 1006 2837 de
1042 2799 1113 2837 Dei
1149 2798 1369 2837 adoratione
1405 2797 1517 2836 nobis
1552 2797 1746 2844 exhibitis,

339 2865 445 2905 nullo
488 2869 599 2916 pacto
635 2864 747 2901 nobis
783 2864 931 2902 licitum
970 2867 1024 2901 est
1060 2863 1274 2901 istiusmodi
1311 2862 1569 2900 adorationem
1606 2862 1745 2900 sanctis
