1830 3147
44 232 59 264 1
84 233 154 265 Pet.
178 233 206 264 5.

39 275 108 307 Iob.
134 275 160 313 1,
184 275 214 308 2.

43 1060 94 1091 Ps.
121 1060 190 1098 103,
214 1060 264 1092 50.

47 1454 63 1485 1
89 1454 162 1485 Cor.
188 1454 238 1487 14,

42 1582 132 1613 Ioan.
158 1581 207 1614 15.

47 1910 123 1942 Luc.
149 1909 199 1943 17.

328 103 401 138 456
805 112 980 140 caraea.
1012 113 1121 141 Ech.
1152 112 1271 142 LoND.

327 212 430 263 quod
457 211 645 251 sathanas
672 213 876 264 tyrannide
905 226 971 251 sua
999 214 1170 265 quotidie
1196 215 1238 253 in
1265 228 1335 253 nos
1363 214 1532 262 instruit,
1549 218 1743 254 utcontra

329 289 458 314 omnes
487 277 597 314 inferi
623 281 752 328 portas
777 278 1059 329 praevaleamus
1087 282 1123 317 et
1149 283 1215 317 tua
1243 278 1423 317 societate
1450 279 1547 318 laete
1565 278 1604 317 in
1625 282 1743 318 aeter-

329 353 420 380 num
449 341 634 380 fruamur.

900 471 1042 510 Interr.
1071 473 1160 511 213.

381 534 487 573 Quid
523 534 710 586 appendix
739 534 804 573 ille
825 535 864 572 in
893 536 967 573 fine
996 535 1208 585 significat:
1239 537 1337 574 Nam
1365 540 1471 575 tuum
1500 550 1659 588 regnum
1688 541 1746 576 est

329 604 364 638 et
391 599 558 651 potentia
586 604 620 637 et
648 600 771 649 gloria
798 599 837 637 in
867 600 1016 638 saecula
1044 601 1292 640 saeculorum.
1321 603 1471 639 Amen?

977 665 1091 717 Resp.

383 728 583 780 Appendix
618 728 681 767 ille
720 729 894 768 hortatur
931 743 1001 767 nos
1038 743 1166 781 preces
1203 736 1353 770 nostras
1381 733 1487 781 (781))
1524 745 1668 784 semper
1703 731 1745 771 in

329 792 476 830 laudern
507 792 578 830 Dei
606 793 802 831 absolvere
829 798 866 831 et
894 793 986 831 haec
1013 793 1052 831 in
1082 795 1194 832 corde
1221 799 1352 833 nostro
1381 801 1573 846 reputare:
1593 809 1614 833 o
1635 796 1745 834 Pater

330 857 519 895 coelestis!
564 870 622 895 res
660 859 788 907 magni
824 858 1020 905 momenti,
1056 872 1224 910 quaeque
1263 860 1459 898 hominum
1498 860 1594 898 vires
1632 861 1745 910 longe

329 922 527 965 excedunt,
561 922 600 960 in
636 923 798 972 gloriam
838 923 1003 961 nominis
1038 924 1096 961 tui
1132 929 1168 962 et
1201 924 1241 962 in
1271 930 1442 963 nostrum
1471 924 1639 963 omnium
1666 930 1745 963 tam

328 987 475 1024 animae
512 1001 622 1038 quam
662 988 830 1039 corporis
869 990 1109 1026 commodum
1148 1003 1168 1026 a
1195 995 1232 1026 te
1260 990 1369 1028 enixe
1399 990 1618 1041 deprecatus
1648 1004 1743 1029 sum.

329 1052 388 1090 Tu
424 1065 491 1090 rex
528 1052 770 1104 omnipotens
798 1067 836 1091 es
865 1066 908 1091 ac
934 1053 1127 1103 gloriosus
1156 1053 1196 1091 in
1225 1055 1374 1092 saecula
1402 1055 1654 1101 saeculorum,
1681 1055 1747 1106 qui

328 1117 439 1154 facile
466 1130 577 1155 omne
605 1117 747 1155 bonum
773 1118 863 1155 filiis
891 1117 964 1155 tuis
993 1118 1184 1169 impertire
1212 1132 1433 1170 omnemque
1462 1118 1536 1157 vim
1564 1119 1742 1157 resisten-

328 1186 403 1219 tem
440 1182 614 1231 frangere
650 1186 687 1220 et
724 1182 913 1220 destruere
950 1187 1055 1234 potes
1090 1204 1142 1211 —
1181 1183 1300 1221 libera
1337 1196 1406 1222 nos
1442 1197 1667 1235 quaesumus
1695 1184 1742 1222 ad

329 1246 477 1283 laudem
515 1246 632 1283 divini
670 1246 726 1284 tui
763 1247 928 1284 nominis
966 1248 1013 1284 ab
1042 1247 1147 1285 omni
1175 1252 1359 1298 potestate
1386 1247 1499 1285 inferi
1527 1253 1563 1287 et
1591 1261 1742 1299 promo-

330 1324 416 1349 veas
444 1323 514 1348 nos
542 1310 587 1348 ad
616 1311 733 1349 vitam
760 1316 965 1350 aeternam.
996 1313 1131 1351 Amen.

907 1376 1050 1414 Interr.
1080 1379 1168 1415 214.

380 1439 487 1478 Quid
513 1439 740 1478 vocabulum
773 1442 953 1479 '‘Amen'’
982 1441 1201 1490 significat?

985 1505 1099 1556 Resp.

381 1570 468 1608 Hoc
504 1574 577 1608 est:
617 1569 651 1607 O
690 1570 801 1608 Pater
844 1570 1035 1608 coelestis!
1063 1571 1167 1619 (79³)
1205 1571 1270 1609 fiat
1297 1584 1536 1622 quaesumus,
1564 1571 1746 1624 quicquid

328 1635 471 1686 precati
508 1648 649 1681 sumus,
685 1639 721 1672 et
748 1648 862 1685 quum
891 1635 1086 1686 pollicitus
1115 1635 1179 1678 sis,
1207 1649 1373 1674 annuere
1400 1640 1436 1674 te
1463 1637 1653 1681 omnibus,
1680 1636 1746 1687 qui

330 1701 368 1738 in
408 1700 562 1738 nomine
597 1700 666 1738 filii
703 1700 759 1738 tui
798 1700 895 1738 bona
932 1700 1005 1738 fide
1039 1705 1076 1738 te
1113 1701 1331 1752 implorent,
1370 1701 1595 1739 confidimus
1632 1702 1745 1740 nobis

332 1778 482 1817 quoque
511 1769 611 1803 certo
642 1765 695 1802 sic
723 1778 743 1802 a
771 1769 809 1803 te
836 1765 978 1803 factum
1007 1764 1066 1803 iri.
1097 1765 1145 1803 Et
1164 1779 1279 1817 quum
1300 1771 1428 1804 nostra
1449 1767 1540 1804 fides
1561 1766 1746 1805 humanae

333 1830 511 1868 vanitatis
539 1843 650 1867 causa
677 1830 722 1867 ad
753 1830 790 1868 id
821 1843 897 1868 non
926 1830 1059 1877 valeat,
1089 1831 1269 1868 confirma
1296 1831 1409 1869 nobis
1437 1844 1517 1869 eam
1544 1836 1581 1870 et
1608 1831 1747 1881 largire

334 1895 447 1934 nobis
489 1895 672 1946 Spiritum
717 1899 826 1933 tuum
873 1899 1058 1939 sanctum,
1104 1899 1143 1932 ut
1177 1895 1432 1946 precationem
1471 1896 1568 1934 hanc
1606 1897 1748 1934 nPater

335 1960 487 1998 noster''
515 1959 556 1997 in
582 1959 656 1997 fide
682 1959 754 1997 tibi
781 1958 979 1997 offeramus
1007 1964 1044 1997 et
1070 1959 1249 1997 omnihus
1271 1960 1446 2011 precibus
1475 1960 1616 1999 nostris
1643 1960 1746 1999 hunc

336 2037 482 2076 semper
509 2025 622 2062 finem
648 2024 843 2075 imponere
869 2037 1049 2075 queamus
1081 2024 1271 2061 uAmen”.

499 2303 541 2352 (I
599 2304 868 2348 QUARTA
919 2302 1353 2341 OATEOHISMI
1396 2305 1574 2342 PARS.

779 2368 859 2406 DE
894 2366 1307 2406 SAORAMENHS.

916 2590 1055 2629 Interr.
1086 2592 1172 2629 215.

391 2656 494 2696 Quid
522 2669 636 2708 porro
665 2656 710 2694 ad
741 2654 995 2693 Christianam
1023 2655 1245 2704 religionem
1272 2655 1462 2706 pertinet?
1491 2657 1597 2704 (79¹2)

987 2718 1101 2769 Resp.
1346 2720 1357 2731 ⁴

392 2786 496 2824 Usus
525 2785 857 2830 caeremoniarum,
885 2796 979 2835 quae
1007 2784 1248 2822 Sacramenta
1274 2783 1462 2828 dicuntur,
1490 2788 1526 2821 et
1545 2797 1564 2820 a
1584 2783 1751 2823 Domino

344 2854 474 2889 nostro
502 2850 591 2887 Iesu
620 2849 771 2887 Christo
790 2848 829 2886 in
850 2847 1021 2885 Ecclesia
1041 2847 1236 2885 ordinatae
1256 2847 1413 2898 usuique
1434 2847 1614 2886 continuo
1634 2848 1751 2887 desti-
