1830 3147
1486 182 1558 218 221

26 293 177 340 Divina,
211 294 338 342 ligatis
375 294 539 344 ipsorum
576 293 752 344 peccatis,
781 293 943 331 Satanae
977 292 1018 330 in
1052 291 1245 330 interitum
1276 291 1397 329 carnis
1425 291 1562 335 tradat,

27 359 58 396 si
95 372 168 410 quo
206 359 318 396 modo
357 358 488 409 spiritu
526 358 649 395 adhuc
690 358 829 395 servari
866 357 1024 408 possint,
1051 357 1116 407 qui
1144 358 1337 395 institutas
1365 357 1495 395 abste
1523 356 1563 394 in

26 427 91 460 tua
131 422 298 460 Ecclesia
335 421 611 459 admonitiones
648 422 844 473 ipsumque
881 421 972 458 adeo
1021 421 1136 458 totius
1173 421 1361 459 Ecclesiae
1394 421 1564 459 ministe-

28 488 122 525 rium
161 492 197 525 et
223 491 342 524 totam
379 485 540 537 denique
567 490 669 524 tuam
698 486 905 524 Ecclesiam
934 485 974 523 in
991 486 1164 536 precibus
1184 486 1299 536 ipsius
1321 486 1562 536 contemptim

28 555 263 602 spernerent3
303 550 366 588 sed
403 564 532 588 rursus
570 551 734 596 voluisti,
771 555 812 589 ut
848 550 977 588 eadem
1011 550 1092 601 ipsa
1129 554 1192 587 tua
1220 550 1389 588 Ecclesia
1414 551 1564 601 plenam

12 620 247 668 ,potestatem
287 620 398 666 atque
438 615 678 653 autoritatem
719 616 871 653 haberet
907 615 1077 653 solvendi
1114 621 1264 666 peecata
1303 616 1469 653 omnium
1498 620 1564 653 tuo

31 681 144 718 etiam
172 680 290 731 ipsius
320 680 482 727 nomine,
510 680 573 731 qui
601 680 752 717 illorum
782 680 928 731 culpam
957 684 1203 730 agnoscerent
1230 680 1406 732 illamque
1434 681 1565 732 depre-

32 749 204 782 carentur
243 757 285 782 ae
323 758 387 795 per
423 757 559 782 nomen
598 749 703 782 tuum
740 745 862 782 Patris
898 744 954 782 tui
991 744 1160 782 eoelestis
1198 758 1303 795 opem
1340 758 1382 782 ac
1419 745 1565 782 veniam

30 809 285 860 implorarent,
299 830 350 838 —
368 810 621 858 agnoscimus,
651 810 825 847 Servator
846 809 1151 847 clementissime!
1182 809 1401 847 admirabile
1423 810 1567 847 utrobi-

29 886 101 924 que
129 873 191 912 hic
219 873 380 911 Divinae
407 878 494 911 tuae
522 873 778 925 providentiae
807 874 1018 918 consilium,
1058 874 1233 911 nimirum
1274 875 1338 925 qui
1365 878 1401 912 et
1428 888 1567 926 propo-

30 938 229 986 (3983sitis
267 938 472 976 severitatis
511 941 596 976 tuae
634 938 786 975 iudiciis
828 942 864 975 ct
891 938 1088 989 patefactis
1115 938 1203 976 item
1232 938 1498 978 beneficentiae
1526 953 1569 977 ac

32 1003 309 1041 misericordiae
344 1007 430 1041 tuae
465 1003 693 1042 testimoniis
727 1003 773 1041 ad
809 1008 996 1054 utrunque
1031 1003 1185 1042 modum
1213 1005 1369 1043 salutem
1400 1009 1569 1043 nostram

31 1080 207 1118 quaerere
251 1067 423 1112 volueris,
467 1067 687 1118 egimusque
732 1071 817 1105 tuae
863 1067 1026 1105 bonitati
1074 1082 1140 1119 pro
1179 1073 1284 1107 tanta
1323 1070 1444 1108 nostri
1481 1083 1569 1108 cura

28 1132 169 1180 gratias
206 1131 448 1170 immortales.
502 1131 564 1178 Et,
602 1138 640 1169 ut
677 1136 847 1169 nostram
875 1132 944 1169 hac
972 1133 1012 1170 in
1039 1137 1143 1184 parte
1178 1147 1265 1183 erga
1294 1139 1340 1180 te,
1369 1139 1446 1172 tum
1477 1136 1567 1173 obe·

31 1196 224 1240 dientiam,
250 1200 331 1234 tum
368 1197 479 1234 etiam
516 1197 789 1246 gratitudinem
829 1202 997 1235 nostram
1029 1202 1296 1246 contestemur,
1326 1201 1569 1238 convenimus

31 1273 114 1298 ecee
142 1260 182 1298 in
211 1264 411 1312 conspectu
440 1265 505 1298 tuo
534 1265 642 1312 teque
669 1275 733 1312 per
772 1262 952 1313 Spiritum
991 1266 1098 1300 tuum
1124 1263 1164 1301 in
1192 1263 1315 1301 medio
1344 1265 1465 1302 nostri
1491 1278 1571 1303 esse

31 1337 107 1362 non
137 1324 364 1363 dubitamus.
421 1325 675 1363 Convenimus
705 1329 842 1371 autem,
869 1331 910 1364 ut
940 1340 1060 1373 ovem,
1087 1341 1183 1378 quae
1210 1328 1380 1379 perierat,
1407 1342 1472 1380 per
1498 1343 1570 1380 pu-

33 1388 168 1426 blicam
208 1389 286 1427 eius
322 1389 590 1441 poenitentiam
628 1403 671 1427 ac
707 1390 1051 1429 reconciliationem
1088 1392 1128 1429 in
1164 1396 1268 1430 tuum
1306 1406 1435 1430 rursus
1473 1394 1570 1431 ovile

32 1454 218 1501 (nostram
246 1453 401 1504 inquam
430 1453 645 1492 societatem
672 1454 996 1504 Ecclesiasticam)
1024 1455 1175 1506 publica
1205 1458 1372 1495 omnium
1399 1459 1569 1507 gratula-

31 1519 136 1556 tione
172 1519 406 1570 recipiamus,
434 1519 544 1570 quem
573 1519 620 1557 ob
650 1519 726 1557 eius
755 1520 1080 1571 impoenitentiam
1108 1526 1214 1560 coetu
1244 1526 1372 1560 nostro
1400 1523 1569 1562 excluse·

33 1597 170 1622 ramus.
200 1584 253 1621 Te
282 1584 405 1634 itaque
434 1584 619 1635 supplices
647 1598 809 1628 oramus.
836 1590 878 1623 ut
905 1586 1112 1631 reductam,
1140 1600 1237 1637 quae
1264 1588 1435 1638 perierat,
1463 1601 1569 1627 ovem

33 1648 131 1686 hanc
167 1652 280 1694 tuam,
316 1661 460 1699 nosque
489 1662 573 1686 cnm
601 1649 664 1687 illa
695 1663 824 1688 omnes
853 1651 973 1689 oculis
1000 1655 1085 1689 tuae
1113 1652 1393 1690 misericordiae
1419 1653 1570 1699 intueri,

33 1718 68 1751 et
97 1718 265 1751 nostrum
296 1713 367 1750 hoc
394 1713 644 1752 ministerium
672 1715 711 1752 in
740 1716 1065 1754 excommunicato
1097 1716 1168 1754 hoc
1197 1717 1247 1755 N.
1277 1718 1322 1755 ad
1355 1719 1570 1757 societatem

33 1791 160 1816 rursus
190 1778 492 1816 Ecclesiasticam
522 1780 747 1830 recipiendo,
776 1785 898 1818 ratum
926 1782 964 1818 in
994 1782 1111 1819 oeulis
1140 1782 1214 1820 tuis
1236 1783 1372 1821 habere
1392 1784 1570 1833 digneris.

35 1843 116 1880 Nos
158 1843 257 1880 enim
298 1844 364 1881 abs
402 1847 439 1881 te
465 1843 600 1887 edocti,
631 1848 666 1882 te
694 1845 806 1883 talem
834 1848 1158 1896 pasto-(399)rem
1186 1860 1275 1892 esse,
1303 1848 1368 1899 qui
1395 1848 1572 1886 erraticas

34 1921 121 1946 oves
157 1913 241 1947 tuas
272 1909 433 1947 humeris
462 1910 535 1947 tuis
563 1911 870 1961 superimpositas
899 1911 944 1948 ad
975 1912 1072 1949 ovile
1099 1916 1205 1949 tuum
1236 1926 1316 1950 cum
1346 1914 1485 1962 gaudio
1513 1927 1571 1952 re-

32 1978 168 2024 portes,
206 1974 318 2011 modo
357 1987 402 2012 ne
439 1974 637 2012 salutarem
679 1976 783 2013 verbi
812 1976 867 2013 tui
898 1989 1024 2014 vocem
1053 1981 1273 2014 aversentur
1301 1991 1343 2015 ac
1372 1979 1573 2028 refugiant,

37 2039 154 2076 nostri
183 2039 293 2076 officii
321 2052 401 2077 esse
426 2044 615 2090 putamus,
641 2045 683 2078 ut
710 2044 817 2078 tuum
846 2041 908 2078 hic
936 2042 1145 2092 exemplum
1174 2044 1319 2093 sequuti
1347 2057 1454 2081 ovem
1475 2044 1572 2081 hanc

37 2107 136 2140 tuam
166 2103 362 2140 erraticam
391 2108 501 2154 atque
527 2109 635 2147 extra
664 2109 766 2155 septa
796 2106 905 2142 ovilis
934 2106 989 2143 tui
1017 2106 1158 2144 interca
1187 2113 1395 2156 vagantem,
1425 2109 1487 2146 sed
1513 2110 1574 2146 in-

36 2166 146 2205 terim
183 2180 310 2206 vocem
346 2172 448 2206 tuam
485 2169 523 2206 in
561 2169 670 2207 nobis
701 2183 775 2207 non
805 2170 964 2221 amplius
994 2176 1238 2216 aversantem,
1266 2173 1356 2223 quin
1383 2174 1509 2224 potius
1538 2179 1573 2212 te

40 2231 277 2269 invocantem
316 2236 351 2270 et
379 2232 538 2270 reditum
568 2233 605 2270 in
636 2233 732 2271 ovile
760 2238 863 2271 tuum
891 2248 956 2285 per
982 2236 1172 2285 publicam
1203 2237 1299 2275 hanc
1338 2238 1455 2288 ipsius
1484 2252 1572 2290 poe-

40 2297 236 2334 nitentiam
271 2302 520 2348 quaerentem,
558 2298 595 2335 in
636 2298 938 2337 Ecclesiasticam
966 2313 1111 2337 rursum
1141 2302 1307 2352 eorporis
1335 2304 1390 2340 tui
1418 2305 1574 2343 societa-

39 2366 111 2400 tem
142 2366 310 2400 nostram
341 2362 573 2413 recipiamus.
605 2362 688 2400 Hoc
715 2363 838 2414 ipsum
866 2364 980 2414 igitur
1007 2365 1082 2402 iam
1110 2366 1279 2411 facimus,
1308 2368 1481 2406 Servator
1505 2383 1575 2408 no·

39 2432 113 2465 ster
160 2427 465 2465 clementissime!
502 2432 612 2478 atque
648 2428 843 2466 erraticam
880 2442 986 2467 ovem
1027 2430 1124 2468 hanc
1161 2436 1225 2469 tuo
1271 2433 1387 2483 ipsius
1424 2435 1576 2474 nomine

41 2496 180 2542 tuaque
224 2496 408 2543 potestate
453 2492 491 2529 in
530 2492 832 2530 Ecclesiastieam
869 2507 1016 2531 rursum
1055 2496 1221 2545 corporis
1258 2497 1312 2533 tui
1349 2501 1576 2538 sacrosancti

43 2557 255 2594 societatem
301 2570 367 2607 pro
415 2556 561 2594 ratione
597 2557 718 2594 nostri
754 2557 952 2595 ministerii
988 2558 1196 2609 recipimus,
1231 2566 1341 2611 atque
1377 2562 1422 2600 ad
1457 2563 1575 2614 ipsius

42 2626 76 2659 et
114 2626 281 2659 nostram
318 2621 454 2672 pariter
492 2622 656 2659 omnium
697 2623 993 2661 consolationem
1029 2629 1222 2669 testamur,
1258 2627 1383 2664 omnia
1420 2628 1476 2665 illi
1502 2630 1576 2666 iam

42 2688 191 2734 peccata
231 2698 296 2722 sua
336 2685 434 2722 haud
470 2685 577 2722 aliter
613 2685 651 2722 in
690 2685 802 2723 coelis
840 2686 993 2724 remissa
1031 2700 1121 2731 esse,
1158 2701 1267 2738 quam
1298 2690 1357 2727 bie
1385 2705 1486 2729 nunc
1513 2706 1577 2743 per

44 2760 113 2785 nos
149 2747 188 2785 in
218 2753 418 2799 conspectu
447 2753 531 2787 tuae
569 2748 758 2787 Ecclesiae
794 2750 1048 2796 remittuntur,
1084 2765 1201 2802 neque
1236 2753 1360 2792 minus
1396 2755 1434 2792 in
1471 2758 1578 2806 regni

43 2813 98 2850 tui
127 2812 295 2850 coelestis
324 2813 538 2852 societatem
567 2817 630 2851 tuo
662 2814 839 2851 beneficio
869 2817 1191 2867 rece-(500)ptum
1209 2831 1336 2856 rursus
1355 2833 1576 2871 esse,qua1n

45 2876 106 2913 hic
143 2889 243 2914 nune
279 2890 343 2927 per
381 2891 448 2915 nos
485 2878 524 2915 in
554 2877 854 2917 Ecclesiasticam
883 2893 1012 2918 rursus
1041 2885 1206 2920 nostram
1237 2883 1333 2922 hanc
1361 2885 1575 2923 societatem

44 2941 256 2991 recipiatur,
284 2941 395 2993 idque
423 2947 572 2994 propter
602 2943 771 2981 meritum
802 2945 971 2983 vivificae
998 2946 1128 2985 mortis
1158 2951 1254 2995 tuae,
1281 2950 1345 2999 qui
1365 2963 1444 2988 cnm
1469 2951 1577 2991 Patre
