1830 3147
188 119 233 153 26

235 229 296 268 Ita
331 242 420 266 sane
455 242 500 265 ex
535 228 611 264 illis
638 241 736 265 unus
764 232 892 265 nostra
933 241 1082 279 quoque
1107 227 1333 265 execrandas
1360 228 1610 279 blasphemias
1638 242 1717 266 esse

186 295 333 333 clamat.
387 293 469 331 Duo
507 298 631 330 autem
667 305 711 331 ex
745 292 873 330 libello
901 306 983 330 meo
1010 293 1168 344 profert.
1221 293 1404 339 Alterum,
1431 292 1530 344 quod
1557 293 1716 343 gloriam

185 359 351 410 corporis
388 357 540 401 Christi,
575 357 651 394 iam
676 357 901 409 illi-alioqui
926 358 1228 409 inseparabilem,
1256 358 1301 395 ad
1330 358 1466 409 impios
1494 358 1605 396 etiam
1631 372 1716 410 per-

182 425 300 462 tinere
336 427 505 474 oportere
540 422 720 470 dicamus,
755 426 940 473 quatenus
977 423 1149 474 equidem
1194 436 1278 461 vera
1307 424 1384 460 veri
1411 424 1520 462 etiam
1551 425 1718 475 corporis

185 488 325 526 Christi
362 487 590 533 communio,
624 500 737 538 quam
763 487 903 525 Paulus
931 488 970 525 in
1000 500 1114 525 coena
1150 487 1308 525 Domini
1336 488 1543 533 constituit,
1571 488 1618 525 ad
1646 488 1717 525 im-

185 555 266 606 pios
295 553 427 591 debeat
453 553 532 590 ullo
560 553 670 604 plane
693 552 806 590 modo
833 553 1031 604 pertinere.
1062 553 1233 590 Alterum
1259 542 1299 590 in
1328 553 1584 604 quaestionem
1613 566 1721 598 voco,

184 632 287 664 num,
314 621 461 668 sumpta
499 617 610 655 semel
648 630 710 655 ore
748 617 888 654 carnali
913 617 994 668 ipsa
1023 619 1197 668 corpo-(3
1228 617 1338 664 7³)1·is
1367 617 1507 655 Christi
1535 619 1719 656 naturalis

184 682 395 721 substantia
431 682 471 719 in
497 695 593 732 pane
622 695 770 726 coenae,
796 687 973 732 perpetuo
1003 682 1077 718 iam
1108 682 1280 732 deinceps
1308 682 1347 719 in
1377 682 1529 720 homine
1557 687 1719 729 maneat,

187 761 255 786 nec
283 761 341 795 ne,
368 761 413 785 ex
442 747 583 785 Christi
610 746 764 784 Domini
792 747 1043 785 institutione.
1098 746 1331 784 Utrumlibet
1368 747 1466 785 enim
1496 748 1717 786 concedere-

182 818 256 858 tur,
289 812 492 863 utrobique
527 812 690 849 absurda
726 812 917 863 consequi,
953 825 1047 863 quae
1075 812 1166 849 satis
1202 816 1442 856 testarentur,
1470 813 1578 857 hanc,
1606 827 1714 864 quam

183 879 240 916 illi
277 881 460 924 statuunt,
497 876 802 921 delitescentiam,
829 878 942 927 longe
969 890 1049 915 esse
1076 890 1096 914 a
1123 881 1247 915 mente
1275 877 1417 915 Christi
1445 877 1599 915 Domini
1627 879 1717 916 alie-

183 957 282 988 nam,
318 956 428 994 quem
465 942 607 992 alioqui
644 941 867 979 credendum
905 955 983 980 non
1023 942 1072 979 sit
1098 942 1239 993 aliquid
1266 942 1485 987 instituisse,
1512 942 1611 993 quod
1642 944 1716 980 ullo

181 1009 295 1046 modo
322 1011 388 1046 aut
415 1020 538 1045 secum
566 1020 738 1058 pugnans
766 1011 830 1044 aut
856 1007 988 1045 inutile
1016 1011 1079 1045 aut
1105 1007 1309 1045 absurdum
1338 1014 1444 1046 esset.
1472 1008 1551 1046 En!
1580 1012 1719 1058 quanta

181 1073 243 1110 1110
280 1072 538 1123 blasphemia?
575 1084 618 1108 ac
653 1084 728 1109 non
766 1071 891 1122 potius
928 1075 1069 1123 quanta
1107 1072 1270 1110 hominis
1299 1073 1433 1110 furiosi
1462 1073 1716 1112 calumniandi

179 1137 425 1190 impotentia?
461 1137 692 1188 blasphemia
729 1141 785 1175 est
821 1136 976 1183 scilicet,
1011 1137 1197 1175 amovisse
1224 1151 1244 1175 a
1274 1138 1424 1176 Christo
1456 1139 1617 1176 Domino
1645 1153 1717 1190 pu-

179 1217 273 1253 gnas
309 1206 345 1240 et
371 1201 534 1240 absurda
562 1215 607 1239 ex
635 1202 828 1253 scripturis
855 1202 946 1252 ipsis
976 1202 1157 1240 collecta?
1186 1206 1222 1240 et
1250 1206 1305 1240 est
1341 1203 1471 1254 pietas,
1499 1204 1530 1241 si
1561 1204 1715 1241 Catoni-

180 1268 250 1305 bus
286 1267 368 1305 istis
405 1266 601 1312 credimus,
648 1266 737 1304 haec
774 1266 899 1304 omnia
934 1267 992 1304 illi
1026 1267 1217 1308 tribuisse,
1245 1281 1291 1305 ne
1320 1267 1363 1305 de
1392 1281 1447 1313 e0,
1474 1268 1574 1318 quod
1604 1269 1715 1306 semel

180 1331 360 1370 tuendum
389 1331 629 1381 suscepimus,
656 1330 860 1381 quidquam
888 1330 1043 1368 omnino
1072 1331 1333 1369 remittamus?
1389 1332 1458 1369 Sed
1489 1332 1551 1369 hic
1578 1333 1717 1370 similes

180 1397 325 1434 araneis
363 1409 490 1433 sumus
529 1395 683 1438 50111001,
728 1395 792 1445 qui
838 1408 881 1432 ex
911 1395 1066 1433 detortis
1096 1395 1302 1446 scripturae
1338 1396 1431 1434 locis
1461 1395 1713 1448 blasphemias

181 1462 451 1499 contexamus?
495 1461 618 1497 fontes
652 1460 769 1510 igitur
803 1460 1000 1510 utriusque
1036 1460 1144 1497 istius
1181 1465 1332 1498 nostrae
1368 1461 1419 1509 (si
1459 1461 1538 1499 Deo
1575 1461 1714 1513 placet)

181 1526 434 1577 blasphemiae
468 1526 690 1562 intueamur.
746 1524 934 1575 Quodque
972 1524 1019 1562 ad
1046 1525 1207 1575 priorem
1246 1538 1364 1562 meam
1395 1525 1438 1562 de
1473 1526 1717 1577 inseparabili

180 1592 255 1630 iam
283 1605 303 1629 a
332 1590 473 1628 Christi
502 1603 657 1640 corpore
692 1589 813 1639 gloria
842 1589 1090 1627 obiectionem
1130 1590 1273 1628 attinet.
1311 1590 1562 1629 Produximus
1590 1592 1714 1629 locum

179 1656 300 1700 Pauli,
328 1668 401 1706 quo
443 1655 506 1692 ille
541 1654 729 1692 Christum
767 1654 990 1701 Dominum,
1022 1668 1132 1692 carne
1166 1656 1414 1707 proculdubio
1459 1671 1525 1694 sua
1559 1657 1599 1695 iu
1633 1659 1717 1708 glo-

181 1723 220 1769 (3
250 1720 366 1768 7¹³)ria
393 1723 636 1770 assumptum,
675 1718 753 1756 Deo
783 1719 856 1756 iam
885 1719 1058 1771 deinceps
1086 1720 1125 1757 in
1153 1723 1345 1757 aeternum
1373 1720 1494 1758 vivere
1522 1720 1641 1767 docet,
1670 1735 1716 1760 110

182 1799 201 1823 0
228 1783 431 1822 mendaciis
471 1784 673 1821 rationisve
701 1788 851 1821 nostrae
879 1784 1043 1821 vanitate
1070 1783 1232 1821 obiectio
1260 1789 1388 1822 nostra
1417 1785 1572 1823 collecta
1599 1786 1717 1824 videri

180 1854 318 1902 posset.
371 1849 517 1886 Deinde
553 1848 764 1894 statuimus,
801 1848 992 1886 Christum
1029 1848 1233 1886 Dominum
1269 1849 1323 1886 ita
1356 1849 1431 1886 iam
1471 1850 1510 1888 in
1555 1851 1715 1900 gloriam

182 1929 293 1954 carne
329 1928 392 1952 sua
420 1917 652 1964 assumptum
680 1927 771 1959 esse,
798 1918 841 1951 ut
868 1914 972 1951 illam
999 1927 1192 1964 nunquam
1215 1914 1388 1965 deponat,
1416 1915 1553 1953 nedum
1580 1920 1623 1953 ut
1649 1916 1715 1954 illa

183 1979 336 2031 spoliari
361 1977 501 2030 possit:
534 1977 585 2014 ita
622 1977 712 2015 item
741 1978 819 2016 Deo
848 1977 922 2015 iam
952 1978 1084 2024 vivere,
1111 1982 1152 2015 111
1180 1978 1277 2016 vitae
1303 1979 1404 2016 illius
1432 1979 1715 2019 conditionibus

181 2044 342 2082 aeternis
386 2043 426 2080 in
471 2046 663 2080 aeternum
700 2043 809 2080 etiarn
849 2043 928 2080 sine
975 2043 1250 2094 interruptione
1286 2043 1360 2080 ulla
1396 2043 1554 2083 fruatur.
1609 2045 1713 2083 Quid

180 2110 296 2147 vero?
333 2108 443 2145 hicne
478 2107 623 2145 araneis
658 2107 797 2144 similes
834 2108 988 2145 sumus?
1043 2109 1093 2145 At
1130 2120 1217 2145 vero
1244 2107 1282 2145 id
1311 2120 1380 2145 nos
1410 2108 1518 2146 docet
1544 2113 1715 2160 receptus

182 2173 386 2211 secundum
423 2172 625 2222 scripturas
663 2186 683 2208 a
721 2171 904 2209 catholica
942 2172 1083 2210 Christi
1119 2171 1290 2210 Ecclesia
1327 2172 1488 2222 symboli
1524 2173 1716 2220 articulus,

182 2251 255 2288 quo
292 2238 398 2275 illum
434 2236 473 2273 in
511 2236 662 2273 coelesti
696 2236 816 2285 gloria
861 2236 986 2274 sedere
1032 2237 1220 2281 doeemur,
1266 2237 1384 2274 donee
1410 2237 1450 2274 in
1477 2237 1605 2275 eadem
1631 2238 1712 2288 ipsa

182 2303 302 2352 gloria
339 2301 548 2339 Maiestatis
577 2315 677 2345 suae,
703 2302 750 2339 ad
776 2302 956 2339 iudicium
983 2302 1120 2340 veniat.
1173 2302 1223 2339 Et
1251 2301 1376 2339 sedere
1402 2302 1442 2339 in
1469 2302 1602 2351 gloria,
1628 2316 1714 2353 per-

182 2371 335 2417 petuum
369 2379 457 2404 sane
501 2379 620 2416 neque
652 2365 811 2416 amplius
837 2365 1198 2416 interrumpendum,
1224 2378 1270 2403 ne
1306 2365 1439 2410 dicam,
1467 2367 1711 2416 separandum

182 2431 448 2482 quoquomodo
485 2431 628 2480 gloriae
657 2430 891 2481 splendorem
919 2430 1029 2468 nobis
1058 2430 1241 2480 designat.
1296 2429 1383 2467 Hoc
1420 2430 1450 2467 si
1477 2430 1712 2469 mendacium

181 2500 237 2534 cst
274 2495 409 2533 Catoni
445 2501 587 2542 nostro,
623 2495 793 2546 equidem
832 2495 925 2532 mihi
960 2495 998 2532 id
1037 2508 1120 2532 cum
1149 2496 1263 2533 Paulo
1301 2500 1336 2532 et
1372 2495 1481 2532 Petro
1519 2497 1713 2546 Apostolis

183 2573 379 2598 commune
415 2559 497 2603 erit,
534 2572 618 2597 cum
654 2559 792 2610 quibus
829 2572 897 2608 ego
936 2559 1077 2609 alioqui
1115 2559 1173 2607 (in
1203 2560 1386 2596 Catonum
1415 2559 1572 2596 istorum
1601 2560 1711 2598 obse·

181 2625 329 2676 quium)
355 2623 505 2661 mentiri
533 2623 672 2668 malim,
699 2636 811 2673 quam
846 2623 944 2660 inter
971 2623 1131 2660 fartores
1159 2627 1308 2660 nostros
1334 2635 1401 2673 pro
1431 2622 1713 2673 Propheta'ha·

182 2690 275 2728 beri.
329 2688 466 2726 Paulus
503 2687 614 2731 enim,
648 2692 689 2724 ut
716 2687 789 2724 iam
817 2689 857 2734 (δ
887 2689 944 2735 8²¹)
974 2687 1065 2730 dixi,
1091 2688 1210 2725 filium
1248 2686 1316 2724 Dei
1334 2684 1382 2724 *in
1412 2700 1523 2725 carne
1549 2689 1708 2726 manife-

181 2758 332 2800 statum,
366 2753 407 2789 in
442 2752 567 2789 eadem
605 2752 684 2802 ipsa
720 2752 832 2790 etiam
869 2764 979 2789 carne
1014 2758 1244 2803 assumptum
1278 2752 1319 2788 in
1345 2751 1465 2800 gloria
1493 2765 1572 2790 esse
1600 2758 1710 2804 atque

180 2820 218 2856 111
255 2831 299 2856 ea
332 2817 412 2868 ipsa
439 2816 559 2866 gloria
586 2828 630 2853 ac
655 2816 935 2865 magnificentia
964 2816 1112 2854 coelesti
1139 2820 1313 2868 perpetuo
1341 2815 1414 2852 iam
1444 2816 1570 2854 sedere
1597 2821 1711 2855 testa·

180 2891 253 2931 tur,
280 2883 360 2921 siue
386 2882 460 2920 ulla
490 2881 589 2919 illius
616 2880 789 2932 deinceps
817 2881 873 2919 vel
902 2881 1111 2920 desertione
1130 2883 1186 2920 vel
1201 2880 1495 2932 interruptione:
1517 2881 1590 2919 hoc
1610 2883 1708 2920 euim
