1830 3147
828 113 897 149 609
1354 117 1416 165 [A.
1441 117 1488 156 D.
1514 117 1623 166 1546]

85 228 171 253 vero
194 216 328 253 Christi
352 218 490 265 corpori
515 220 552 255 et
577 219 754 266 sanguini,
780 232 864 265 vere
888 220 995 258 etiam
1019 222 1288 267 communicare,
1314 225 1519 274 quicunque
1543 238 1620 264 ver-

83 276 127 313 bo
152 276 250 314 illius
274 277 459 315 credimus.
509 278 614 326 Quod
639 280 708 316 iam
733 281 878 327 attinet,
904 294 976 330 quo
1001 282 1105 320 modo
1130 284 1167 320 id
1191 284 1264 330 fiat,
1289 286 1394 323 anxie
1418 289 1455 324 et
1479 288 1619 326 curiose

81 337 289 386 disquirere,
322 341 432 387 atque
466 339 531 377 hoe
564 342 707 379 nomine
731 343 855 379 turbas
877 343 915 380 in
939 343 1096 381 Ecclesia
1117 357 1190 382 non
1214 347 1428 384 necessarias
1453 349 1620 395 excitare,

80 412 187 448 quam
211 400 346 449 alioqui
371 402 457 438 satis
481 402 585 450 affligi
612 406 649 441 et
672 405 873 453 perturbari
897 405 940 443 ab
963 405 1126 443 hostibus
1151 408 1284 445 nostris
1319 409 1491 455 videmus,
1525 412 1618 449 exci-

78 463 158 499 tent
190 475 258 507 eas,
291 463 354 511 qui
379 464 513 509 volent,
538 478 593 502 me
616 465 758 503 illarum
783 467 919 504 socium
944 481 1016 505 non
1040 468 1231 507 habebunt.
1280 470 1372 507 Mihi
1397 484 1437 508 ea
1461 474 1618 520 corporis

76 527 115 561 et
138 525 318 572 sanguinis
343 526 477 563 Christi
501 528 726 566 manducatio
752 529 837 566 satis
863 532 928 574 est,
954 543 1060 578 quam
1086 531 1262 568 Dominus
1287 532 1362 581 ipse
1387 546 1448 570 ore
1472 547 1536 572 suo
1554 548 1616 572 no-

67 585 132 625 ,bis
159 586 203 623 ad
235 586 386 624 salutem
420 590 578 625 nostram
610 590 697 626 satis
731 603 806 628 esse
829 593 998 636 testatur,
1023 591 1108 628 dum
1132 592 1186 629 illi
1209 593 1309 630 addit
1334 594 1431 632 vitae
1455 598 1617 633 aeternae

74 646 350 693 promissionem,
384 661 456 685 non
492 649 586 686 facta
618 650 761 688 interim
795 652 976 690 mentione
1007 653 1117 690 ullius
1141 653 1289 690 alterius
1313 655 1617 695 manducationis:

75 709 113 743 et
145 709 264 745 certus
297 721 376 745 sum
410 709 591 747 Christum
617 711 672 749 hic
697 712 783 749 mihi
806 713 997 750 mentitum
1021 727 1094 752 non
1119 727 1205 753 esse.
1253 715 1371 762 Quare
1394 717 1483 755 hane
1506 718 1616 766 ipsam

74 770 111 805 et
143 782 216 807 non
249 770 352 807 aliam
389 771 696 810 manducationem
721 786 850 812 coenae
873 788 943 812 usu
966 775 1004 812 in
1029 776 1145 813 animo
1174 789 1253 814 meo
1278 790 1410 816 renovo
1440 779 1615 828 fidemque

74 828 172 866 illius
205 831 241 868 in
288 832 403 869 animo
440 846 517 870 meo
543 846 587 870 ex
612 834 747 871 Christi
770 835 1001 874 institutione
1025 837 1183 884 obsigno,
1208 850 1254 874 ne
1277 839 1362 875 mihi
1387 840 1526 877 excidat
1550 854 1614 877 un-

75 903 193 938 quam,
218 913 265 922 --
289 895 400 941 atque
424 894 489 931 hoe
514 895 600 931 mihi
624 896 710 932 satis
735 899 801 934 est.
833 897 903 944 Qui
928 898 983 935 hie
1007 898 1110 947 plura
1135 902 1326 947 quaerunt,
1342 900 1378 937 id
1395 901 1466 938 illis
1483 914 1545 950 per
1562 915 1616 939 me

72 944 169 998 licet,
194 954 254 990 sed
278 955 363 990 mihi
388 968 456 1004 pax
480 958 535 993 est
560 969 640 994 eum
666 958 840 1003 omnibus,
866 959 930 1007 quj
954 959 1042 998 hanc
1068 973 1174 1008 quam
1200 962 1347 1011 exposui
1371 963 1612 1001 manducatio·

73 1024 152 1050 nem
177 1018 387 1062 agnoscunt,
413 1016 488 1053 sive
512 1017 566 1053 illi
591 1020 714 1066 postea
738 1019 870 1056 addant
894 1020 1041 1069 aliquid,
1066 1022 1141 1059 sive
1167 1035 1239 1060 non
1263 1023 1414 1062 addant:
1437 1025 1541 1062 modo
1559 1039 1614 1063 mc

71 1075 164 1112 circa
188 1088 275 1121 eam,
301 1090 392 1125 quae
417 1078 561 1116 Christo
586 1080 673 1116 satis
698 1083 764 1126 est,
789 1081 1098 1120 manducationem
1123 1096 1265 1122 manere
1290 1085 1422 1123 sinant.
1464 1087 1524 1124 Ita
1548 1099 1614 1134 ego

70 1147 189 1183 pacem
222 1150 302 1174 eum
336 1139 499 1176 omnibus
537 1140 658 1185 habeo,
693 1144 868 1189 quantum
892 1143 930 1180 in
955 1156 1011 1180 me
1036 1146 1103 1188 est,
1128 1144 1225 1193 quod
1250 1146 1394 1194 quidem
1418 1147 1462 1184 ad
1486 1160 1615 1185 coenae

70 1195 282 1244 dignitatem
316 1199 462 1245 attinet,
495 1201 784 1250 quandoquidem
816 1203 907 1241 idem
940 1217 1021 1242 eum
1054 1205 1217 1243 omnibus
1249 1219 1380 1245 coenae
1404 1208 1610 1257 mysterium

69 1268 235 1305 agnosco,
259 1272 384 1309 nempe
409 1262 692 1299 communionem
717 1265 874 1313 corporis
899 1268 936 1302 et
959 1266 1143 1313 sanguinis
1167 1268 1312 1306 Christi.
1337 1269 1405 1306 Sed
1431 1272 1516 1306 sunt
1533 1270 1613 1318 qui·

71 1318 136 1356 bus
172 1320 238 1358 hoc
269 1334 342 1358 non
374 1322 580 1368 satisfaciat,
611 1324 674 1362 hos
707 1337 772 1373 ego
804 1326 974 1374 permitto
998 1327 1154 1365 iudicare
1184 1329 1280 1377 quod
1306 1330 1440 1368 velint:
1467 1331 1610 1369 interim

66 1379 148 1417 illos
171 1393 236 1429 pro
262 1382 430 1420 fratribus
454 1384 584 1430 habeo,
601 1385 631 1422 si
655 1385 692 1422 id
716 1386 912 1434 patiantur.
945 1388 1051 1426 Certe
1075 1389 1121 1426 do
1147 1402 1300 1439 operam,
1325 1404 1369 1430 ne
1393 1404 1414 1430 a
1438 1405 1494 1432 me
1519 1406 1606 1442 quo-

69 1442 248 1488 quomodo
273 1442 471 1482 laedantur.
520 1446 578 1484 Sic
603 1449 689 1483 sunt
713 1450 849 1494 nostra,
873 1449 922 1486 mi
946 1449 1117 1488 Albarte!

117 1502 188 1540 Per
220 1503 390 1543 Ioannem
422 1506 568 1544 fratrem
598 1508 740 1546 mittam
773 1509 841 1547 tibi
866 1510 1051 1550 doetrinae
1077 1514 1221 1551 nostrae
1245 1513 1520 1552 moderationem
1544 1516 1610 1554 Ec-

68 1564 184 1602 clesiis
208 1567 341 1604 nostris
366 1569 585 1617 propositam
607 1569 645 1607 in
670 1570 733 1609 hac
758 1584 873 1610 eausa.
899 1573 939 1610 Is
963 1573 1062 1611 brevi
1086 1575 1180 1624 apud
1197 1588 1261 1613 vos
1279 1576 1348 1613 erit
1366 1576 1407 1625 2).
1433 1577 1510 1624 Ego
1528 1590 1609 1616 raro

68 1630 165 1666 recte
189 1630 301 1675 valeo,
325 1631 438 1669 indies
463 1633 777 1682 suppululantibus
802 1637 905 1674 novis
929 1638 1071 1675 morbis.
1121 1640 1300 1678 Indicium
1332 1641 1417 1678 mihi
1444 1642 1486 1678 fit
1511 1642 1610 1681 brevi

67 1689 277 1728 solvendum
303 1705 378 1730 esse
402 1694 621 1733 domicilium
646 1696 711 1734 hoc
737 1700 901 1735 nostrum
927 1711 1064 1748 nosque
1088 1713 1169 1738 cum
1195 1703 1351 1748 Christo,
1377 1703 1474 1751 quod
1493 1716 1607 1752 spero,

68 1750 166 1789 brevi
190 1765 265 1790 esse
291 1754 444 1793 futuros.
470 1756 645 1794 Dominus
660 1758 778 1804 saciat,
804 1759 900 1808 quod
919 1760 1051 1798 bonum
1069 1765 1124 1800 est
1148 1763 1185 1800 in
1203 1764 1315 1802 oeulis
1332 1764 1455 1813 ipsius.
1482 1766 1608 1802 Sustu-

66 1811 112 1849 lit
136 1814 221 1851 mihi
247 1816 423 1854 Dominus
448 1817 667 1856 infantulum
692 1823 868 1866 nostrum,
893 1822 1058 1869 Paulum,
1083 1824 1114 1861 is
1139 1830 1193 1862 est
1218 1826 1287 1862 iam
1311 1826 1520 1874 prodromus
1545 1841 1607 1864 no-

66 1876 146 1912 ster·
158 1876 303 1915 futurus
321 1879 414 1927 apud
433 1880 614 1918 Christum
632 1895 768 1931 nosque
785 1883 898 1929 illum,
916 1897 996 1922 cum
1013 1886 1113 1923 volet
1130 1887 1316 1932 Dominus,
1340 1889 1606 1937 subsequemur.

114 1937 226 1974 Orsus
240 1939 295 1977 hic
320 1953 398 1977 sum
423 1948 499 1978 rem'
521 1956 692 1991 magnam,
710 1945 759 1981 mi
776 1945 942 1983 Albarte!
968 1947 1156 1985 Redimere
1173 1949 1241 1985 iam
1267 1950 1375 1987 debeo
1393 1950 1484 1988 bona
1501 1965 1607 1999 quae-

64 1997 187 2046 damv‘3)
214 2000 390 2050 Principis
414 2004 654 2051 permissione,
680 2009 808 2054 quater
825 2007 920 2045 mille
938 2010 975 2045 et
992 2010 1263 2057 quadringentis
1288 2011 1421 2057 taleris,
1439 2015 1482 2049 ut
1499 2026 1606 2051 uxor-

65 2059 166 2097 culae
189 2064 226 2098 et
250 2062 370 2100 liberis
392 2066 478 2102 meis
503 2078 567 2115 pro
592 2080 669 2104 mea
693 2069 874 2106 tenuitate
898 2071 1119 2119 prospiciam.
1145 2073 1202 2109 Ad
1226 2073 1262 2109 id
1289 2085 1369 2110 cum
1394 2087 1471 2111 mea
1489 2076 1607 2113 omnia

64 2132 137 2157 non
163 2121 236 2158 sint
260 2124 357 2169 satis,
382 2128 526 2163 coactus
551 2139 629 2164 sum
653 2130 807 2167 conflare
831 2143 889 2168 aes
914 2131 1081 2177 alienum,
1106 2145 1178 2170 non
1195 2134 1270 2171 sine
1288 2137 1325 2172 et
1342 2134 1461 2173 labore
1478 2150 1606 2185 magno

20 2205 23 2207 >
65 2184 102 2219 et
127 2195 253 2231 magna
277 2185 451 2223 molestia.
476 2188 553 2225 Iam
578 2191 698 2228 tamen
722 2204 778 2229 res
803 2192 876 2229 fere
901 2193 1066 2231 confecta
1091 2196 1159 2231 est.
1201 2195 1360 2234 Adiunxi
1384 2197 1469 2234 mihi
1495 2199 1608 2237 socios

66 2244 330 2294 redemptioniS,
356 2261 426 2296 qua
451 2252 550 2297 parte
575 2252 661 2288 mihi
685 2266 761 2290 mea
785 2253 987 2299 defuerunt,
1013 2255 1073 2292 sed
1098 2269 1138 2293 ea
1162 2256 1252 2304 lege,
1279 2260 1322 2294 ut
1348 2259 1432 2295 mihi
1456 2259 1606 2298 liberum

65 2307 113 2344 sit
149 2320 283 2357 semper
309 2322 368 2346 eos
391 2310 487 2359 ipsos
511 2312 762 2363 redemptionis
788 2316 901 2353 socios
927 2317 1145 2363 submovere,
1172 2319 1202 2355 si
1226 2319 1369 2358 aliunde
1394 2321 1455 2358 det
1481 2322 1603 2360 Domi-

64 2381 144 2414 nus,
177 2372 219 2407 ut
244 2371 315 2408 illis
339 2373 524 2421 pecuniam
548 2374 706 2427 ipsorum
732 2377 862 2425 possim
886 2377 1077 2427 aliquando
1101 2380 1258 2419 reddere.
1307 2382 1378 2419 Hic
1405 2396 1489 2421 vero
1516 2397 1606 2433 opus

65 2434 158 2468 esset
191 2434 268 2470 arte
297 2433 369 2478 illa,
402 2446 509 2482 quam
544 2437 651 2482 nosti,
677 2440 720 2475 ut
746 2439 842 2487 quod
866 2439 1059 2477 conflatum
1086 2442 1151 2485 est,
1178 2441 1282 2478 efflari
1308 2455 1450 2480 rursum
1475 2448 1606 2493 posset.

63 2492 131 2530 Sed
148 2496 285 2531 *metuo
318 2508 362 2532 ne
386 2508 450 2532 nos
475 2496 530 2533 hic
558 2497 659 2535 folles
685 2499 820 2537 fallant.
870 2501 1036 2538 Praestat
1059 2501 1172 2549 igitur
1196 2505 1316 2541 totum
1341 2505 1407 2542 hoe
1433 2506 1604 2554 quicquid

62 2556 117 2592 est
152 2555 306 2594 Domino
340 2558 573 2596 committere.
623 2560 661 2596 Is
687 2560 716 2597 si
747 2561 833 2598 mihi
858 2565 895 2600 et
920 2563 1006 2600 meis
1030 2563 1184 2601 salutare
1219 2568 1289 2612 est,
1317 2569 1607 2606 commonstrabit

62 2616 155 2653 viam
188 2616 403 2656 dissolvendi
436 2620 531 2668 quod
565 2622 819 2660 contraximus.
870 2624 933 2661 Sin
957 2625 1086 2670 minus,
1114 2627 1191 2663 tum
1217 2629 1254 2663 et
1294 2628 1358 2666 hoe
1384 2629 1482 2677 quod
1507 2630 1606 2667 dedit

62 2677 206 2725 adimat,
230 2680 334 2718 modo
360 2684 402 2718 ut
427 2695 498 2732 nos,
514 2682 580 2719 sibi
606 2686 735 2722 servet.
759 2685 879 2722 Habes
904 2698 980 2723 mea
1005 2687 1131 2724 omnia.
1168 2688 1222 2725 De
1247 2689 1321 2726 tuis
1345 2691 1458 2728 rebus
1477 2692 1601 2729 vellem

61 2740 248 2786 statueres,
273 2755 358 2779 num
384 2755 441 2780 eas
466 2743 533 2780 tibi
557 2744 655 2782 mitti
680 2746 782 2791 velis,
807 2759 888 2783 nam
915 2749 1032 2785 vestes
1057 2761 1077 2785 a
1102 2748 1210 2786 tineis
1234 2752 1346 2788 arceri
1370 2753 1469 2790 nullo
1495 2754 1599 2791 modo

61 2805 222 2848 possunt,
247 2804 385 2842 etiamsi
409 2805 531 2844 crebro
557 2807 799 2846 excutiantur.
826 2809 927 2847 Vale.
953 2810 1192 2859 Expectamus
1217 2813 1278 2849 abs
1303 2816 1340 2851 te
1364 2815 1525 2863 plaustra
1542 2816 1603 2853 lit-

58 2863 225 2901 terarum.
273 2865 413 2905 Iterum
454 2867 543 2905 vale.
592 2869 738 2918 Raptim
782 2870 912 2909 Emdae
953 2872 1125 2921 postridie
1170 2873 1354 2914 Michaelis
1388 2878 1453 2925 (30
1487 2878 1601 2926 Sept.)

62 2923 169 2961 Anno
195 2926 304 2965 1546.

105 2984 160 3024 Π.
1413 2999 1459 3036 39
