1830 3147
1546 158 1620 195 283

208 281 312 307 nam
348 267 544 306 doctum
578 270 621 304 et
658 279 852 317 gravem
891 267 1122 305 inlocum
1152 281 1302 306 suum.
1358 268 1431 306 Ita
1463 274 1619 308 tamen

207 333 331 384 quod
366 344 576 384 persona
615 331 685 370 sic
722 331 1002 371 nominatus
1039 336 1084 370 et
1121 333 1313 372 electus
1340 338 1618 385 praesente·

210 402 284 436 tur
313 401 355 436 et
384 397 592 435 sistatur
621 410 779 435 coram
808 396 972 443 nobis,
999 396 1300 436 haeredibus
1329 399 1401 437 vel
1430 412 1620 438 succes-

208 462 405 500 soribus
442 462 654 506 nostris,
682 465 725 500 et
753 475 838 513 per
867 475 975 508 nos,
1002 461 1237 500 haeredes
1265 464 1340 501 vel
1370 477 1619 503 successo-

208 542 282 568 res
326 530 526 566 nostros
571 527 875 565 instituatur
920 526 968 565 in
1013 527 1246 566 officium
1294 528 1618 581 Superinten-

208 593 373 632 dentis
402 592 723 644 praedictum.

260 659 499 696 amandemus
542 660 587 696 et
632 657 852 696 firmiter
889 656 1250 707 iniungendum
1285 659 1617 710 praecipimus

206 728 298 762 tam
328 722 526 769 Maiori,
557 721 951 761 vicecomitibus
980 728 1028 761 et
1055 723 1408 762 Aldermannis
1433 725 1617 764 Civita-

208 789 273 826 tis
310 791 512 826 nostrae
547 786 788 834 London.‚
823 787 1069 840 Episcopo
1107 787 1327 829 London.
1357 793 1401 828 et
1430 803 1617 829 succes·

207 852 408 891 soribus
455 851 559 890 suis
611 865 711 890 cum
749 852 975 890 omnibus
1020 853 1136 891 aliis
1182 854 1618 907 Archiepiscopis‚

206 917 489 969 Episcopis,
538 916 880 964 Iustiniariis‚
923 912 1221 956 Offic‘iariis
1267 922 1310 957 et
1362 918 1619 958 Ministris

207 981 399 1020 nostris
445 981 841 1032 quibuscunque²
888 982 1010 1032 quod
1046 983 1343 1033 permittant
1378 985 1619 1035 praefatis

209 1045 657 1098 Superintendenti
693 1050 736 1084 et
772 1046 1027 1084 ministris
1065 1052 1108 1084 ct
1138 1061 1222 1084 sua
1251 1061 1360 1086 suos
1389 1048 1548 1087 libere
1575 1054 1620 1087 et

205 1112 369 1163 quiete
413 1111 514 1150 frui
550 1111 760 1161 gaudere
795 1112 866 1149 uti
903 1116 947 1149 et
982 1125 1211 1150 exercere
1246 1113 1374 1151 ritus
1411 1119 1455 1153 et
1492 1128 1619 1154 cere-

206 1177 394 1215 monias
432 1190 544 1214 suas
587 1176 811 1228 proprias
848 1180 893 1214 et
932 1176 1256 1227 disciplinam
1294 1178 1619 1217 Ecclesiasti-

207 1254 304 1279 cam
350 1241 598 1292 propriam
642 1245 686 1278 et
729 1241 1053 1292 peculiarem,
1089 1254 1182 1279 non
1220 1243 1455 1281 obstante
1491 1243 1618 1295 quod

206 1320 299 1345 non
337 1306 638 1344 conveniant
677 1319 776 1343 cum
813 1307 1001 1344 ritibus
1039 1311 1080 1344 et
1120 1308 1419 1346 ceremoniis
1456 1308 1507 1346 in
1535 1309 1618 1347 Re-

205 1384 298 1421 gno
337 1376 502 1409 nostro
540 1370 769 1417 usitatis,
806 1371 988 1422 absque
1015 1371 1334 1422 impetitione
1361 1373 1619 1423 perturba-

205 1438 342 1476 tione
369 1442 450 1475 aut
476 1436 854 1488 inquietatione
883 1449 1072 1479 eorum.
1099 1438 1211 1485 (657)
1242 1436 1314 1474 vel
1343 1449 1506 1474 eorum
1534 1437 1617 1475 ali-

206 1503 362 1547 cuius,
407 1502 570 1552 aliquo
609 1504 804 1539 statuto
843 1505 952 1539 actu
990 1501 1388 1552 proclamatione
1425 1502 1618 1540 iniunc-

207 1568 342 1605 tione
369 1567 697 1605 restrictione
726 1579 808 1604 seu
836 1579 924 1603 usu
951 1566 996 1603 in
1028 1566 1340 1604 contrarium
1366 1566 1480 1605 inde
1507 1571 1620 1605 ante

206 1635 291 1672 hac
328 1633 518 1672 habitis
556 1633 708 1671 factis
745 1632 899 1671 editis
938 1646 1019 1670 seu
1054 1632 1386 1684 promulgatis
1424 1633 1470 1670 in
1509 1647 1617 1671 con-

206 1699 411 1737 trarium
439 1711 531 1737 non
561 1697 900 1736 obstantibus.

259 1765 333 1804 an
379 1765 472 1813 quod
507 1775 741 1815 expressa
776 1763 959 1801 mentio
997 1763 1051 1802 de
1088 1776 1202 1801 vero
1244 1764 1417 1802 valore
1455 1758 1616 1803 annu-o

203 1834 285 1868 aut
323 1830 375 1867 de
412 1829 718 1867 certitudine
753 1829 1157 1879 praemissorum,
1195 1828 1299 1866 sive
1336 1842 1498 1867 eorum
1526 1830 1617 1867 ali-

205 1895 361 1942 cuius,
398 1898 479 1932 aut
516 1894 567 1932 (le
601 1894 719 1932 aliis
758 1893 900 1932 donis
940 1893 1042 1932 sive
1072 1894 1511 1942 concessionibus,
1539 1908 1618 1946 per

204 1974 285 1998 nos
331 1959 572 2011 praefatis
619 1958 1090 2010 Superintendenti‚
1137 1959 1389 1997 ministris
1433 1965 1477 1997 et
1514 1974 1616 1998 suc-

204 2025 487 2064 cessoribus
524 2024 623 2062 suis
660 2028 773 2062 ante
809 2024 925 2061 haec
961 2028 1175 2075 tempora
1204 2024 1379 2068 factis,
1406 2029 1455 2062 in
1482 2037 1616 2075 prae-

204 2089 428 2128 sentibus
465 2089 662 2126 minime
698 2090 826 2126 facta
865 2089 1062 2133 existit,
1100 2093 1181 2126 aut
1216 2089 1383 2140 aliquo
1424 2092 1614 2127 statuto

203 2161 313 2193 actu
350 2154 664 2192 ordinatione
699 2155 992 2205 provisione
1022 2154 1123 2192 sive
1152 2154 1479 2192 restrictione
1506 2155 1618 2193 inde

203 2221 248 2258 in
287 2219 592 2258 contrarium
629 2219 776 2257 factis
814 2219 967 2257 editis
998 2219 1247 2257 ordinatis
1277 2232 1355 2256 seu
1382 2219 1617 2270 provisis,

204 2290 285 2324 aut
322 2285 487 2336 aliqua
526 2284 622 2321 alia
656 2297 704 2321 re
745 2296 885 2321 causa
914 2284 990 2322 vel
1018 2284 1227 2322 materia
1256 2297 1543 2335 quacunque
1569 2284 1617 2323 in

204 2350 374 2402 aliquo
403 2362 495 2387 non
526 2348 765 2387 obstante.

384 2480 453 2518 alu
490 2480 592 2517 cuius
624 2479 680 2517 rei
716 2478 1055 2517 testimonium
1092 2479 1175 2517 has
1212 2478 1388 2518 literas
1417 2484 1617 2519 nostras

332 2545 451 2583 fieri
477 2545 695 2582 fecimus
722 2548 964 2595 patentes.

385 2611 562 2647 uTeste
589 2622 654 2647 me
682 2609 786 2660 ipso
815 2609 1450 2661 apudLeighes‚vicesimo
1475 2625 1616 2663 quar-

329 2681 375 2714 to
411 2676 489 2713 die
527 2675 665 2721 Iulii,
693 2677 833 2713 Anno
862 2676 1020 2725 Regni
1050 2676 1212 2713 nostri
1240 2676 1326 2722 IV0,
1352 2690 1436 2728 per
1464 2677 1616 2717 Breve

330 2742 382 2780 de
417 2741 613 2793 privato
652 2741 834 2790 sigillo]
861 2745 907 2779 et
949 2741 1002 2779 de
1041 2741 1170 2779 datis
1198 2741 1458 2792 praedicta
1486 2748 1616 2781 auto-

328 2807 480 2845 ritate
507 2806 847 2845 Parliamenti.

381 2873 421 2912 P.
451 2872 821 2911 Soura-wiza.

1144 2938 1201 2978 W.
1231 2939 1458 2981 Hsnnxs.
