1830 3147
200 103 272 140 258

208 225 311 250 suam
351 210 505 263 quisque
532 224 685 249 uxorem
717 211 853 250 habeat
880 215 915 250 et
945 225 1052 250 suurn
1082 225 1249 265 quaeque
1274 215 1465 262 maritum,
1492 229 1535 254 eo
1563 217 1665 268 quod
1692 217 1742 255 sit

208 277 341 314 melius
376 276 482 326 iungi
516 275 770 318 matrimonio.
797 289 908 327 quam
938 276 1035 322 uri‚”
1062 276 1198 315 nedum
1229 282 1270 317 ut
1298 279 1519 330 sponsiones
1545 280 1631 318 illae
1658 294 1740 319 om-

207 354 284 382 nes,
319 340 560 391 quantumvis
599 341 794 388 solemnes,
832 341 1064 380 levissimum
1101 343 1214 381 etiam
1249 348 1446 396 parentum
1485 349 1737 397 contemptum

207 419 383 444 excusare
409 406 449 444 in
477 405 546 443 Dei
573 406 714 444 iudicio
740 407 818 444 ullo
846 406 960 444 modo
987 407 1148 458 possint.
1205 408 1276 446 Sed
1306 413 1342 447 et
1370 409 1442 446 hoc
1469 409 1659 459 singulare
1685 414 1741 448 est

207 470 437 507 matrimonii
473 470 747 517 ornamentum,
785 470 900 521 quod,
937 471 969 508 si
1005 471 1089 522 quis
1117 471 1164 509 ab
1191 473 1259 510 illo
1289 474 1407 511 ullum
1437 473 1590 512 omnino
1618 473 1740 512 homi-

206 547 295 572 num
331 547 450 584 genus
486 534 691 572 arcendum
726 548 807 572 esse
834 547 917 573 cum
947 535 1200 587 qualicunque
1227 537 1306 575 eius
1336 539 1561 576 contumelia
1589 542 1742 583 statuat,

204 598 236 636 is
274 611 363 637 sane
389 612 468 636 non
494 599 767 650 qualiscunque
795 598 1004 644 haereseos,
1032 600 1096 637 sed
1124 599 1292 651 ipsorum
1321 601 1415 640 adeo
1443 601 1737 640 Daemoniorum

205 662 410 707 doctrinae,
445 668 482 700 et
517 662 669 714 quidem
708 675 784 700 non
822 662 986 701 humano
1014 664 1105 710 ullo,
1135 664 1200 702 sed
1226 665 1560 716 ipsi-(594)usmet
1586 666 1739 718 spiritus

203 727 325 764 sancti
351 726 493 765 iudicio
522 727 731 765 damnetur.
762 727 865 765 Quid
894 740 981 765 vero
1011 728 1133 766 simile
1159 729 1199 766 in
1219 729 1417 781 scripturis
1437 744 1595 781 usquam
1614 731 1672 769 vel
1693 730 1738 769 de

204 791 431 841 virginitate,
458 792 516 829 vel
543 791 587 829 de
612 791 875 829 laudatissimo
904 792 1038 843 quovis
1067 793 1140 831 alio
1170 794 1379 832 coelibatus
1398 808 1532 843 genere
1551 795 1737 833 habetur?

204 856 312 894 Certe
353 858 389 894 et
435 855 646 906 virginibus
682 860 719 894 et
753 856 1010 906 ineoniugatis
1044 857 1085 895 in
1121 871 1256 912 genere
1292 860 1483 905 omnibus,
1518 860 1550 897 si
1585 860 1736 911 quidem

203 933 369 967 uramur,
410 920 574 972 praecipi
619 921 905 959 matrimonium
949 921 1135 961 audimus.
1197 922 1465 972 Virginitatem
1507 927 1627 961 autem
1674 936 1737 961 seu

202 985 372 1035 quemvis
408 984 524 1022 alium
562 985 788 1023 coelibatum
816 985 908 1023 adeo
936 999 1014 1024 non
1042 986 1216 1024 audimus
1244 987 1405 1038 praecipi
1435 987 1513 1025 ullo
1543 987 1668 1032 modo,
1695 992 1737 1025 ut

202 1061 331 1086 omues
365 1048 490 1096 etiam,
526 1049 591 1100 qui
627 1049 666 1087 id
703 1053 889 1087 conentur
925 1050 1060 1097 facere,
1099 1050 1316 1090 Diabolicae
1345 1051 1536 1089 doctrinae
1569 1051 1737 1090 accusari

201 1114 368 1166 adeoque
395 1119 431 1153 et
459 1114 630 1153 damnari
655 1114 864 1153 audiamus.
903 1115 1031 1153 Quum
1060 1115 1177 1165 igitur
1203 1116 1346 1167 reliqua
1375 1116 1436 1154 bic
1463 1117 1559 1155 vitae
1586 1121 1738 1156 nostrae

200 1188 337 1224 genera
364 1176 491 1213 omnia
524 1176 638 1225 louge
673 1176 750 1213 sint
784 1175 884 1213 infra
921 1176 1025 1222 haec,
1053 1190 1148 1227 quae
1175 1177 1248 1214 iam
1278 1181 1365 1215 sunt
1392 1178 1577 1228 exposita,
1603 1177 1734 1215 matri-

201 1241 319 1279 monii
345 1246 577 1287 ornamenta,
604 1245 640 1279 et
666 1254 744 1279 non
771 1240 897 1279 desint
922 1242 1041 1279 multo
1070 1242 1192 1279 adhuc
1219 1242 1326 1293 plura
1355 1243 1440 1288 alia,
1467 1256 1561 1293 quae
1589 1242 1737 1292 singula

201 1319 491 1344 commemorare
527 1306 643 1344 nimie
678 1306 836 1356 longum
872 1306 999 1351 fuerit,
1035 1306 1157 1357 palam
1196 1310 1265 1352 est,
1298 1307 1584 1345 matrimonium
1621 1321 1734 1345 orna-

200 1374 410 1410 mentorum
447 1384 601 1410 suorum
636 1385 682 1410 ex
718 1371 833 1409 verbo
872 1371 941 1409 Dei
975 1371 1127 1409 nomine
1163 1372 1329 1410 omnium
1360 1385 1440 1410 esse
1469 1373 1732 1422 dignissimum

199 1436 235 1474 in
274 1437 382 1475 terris
419 1437 516 1474 vitae
549 1450 682 1486 genus,
718 1449 838 1488 neque
875 1436 978 1474 aliud
1017 1450 1100 1475 cum
1138 1437 1204 1474 illo
1241 1437 1359 1474 ullum
1390 1437 1553 1475 conferri
1580 1437 1734 1475 omnino

198 1514 320 1553 posse.

251 1568 285 1604 3.
340 1565 519 1610 Docetur‚
556 1578 632 1603 non
668 1579 747 1603 esse
781 1564 927 1603 felicius
966 1565 1076 1603 etiam
1115 1564 1153 1602 in
1197 1565 1304 1603 terris
1342 1565 1460 1603 ullum
1491 1564 1588 1603 vitae
1615 1578 1734 1614 genus

199 1631 452 1670 matrimonio.
505 1630 656 1668 Etenim
706 1643 790 1668 cum
826 1629 940 1668 homo
975 1630 1027 1667 ita
1064 1630 1112 1667 sit
1146 1623 1279 1668 natura
1316 1631 1398 1681 ipsa
1433 1630 1479 1668 ad
1518 1630 1733 1668 societatem

200 1700 451 1748 comparatus,
477 1700 517 1733 ut
544 1709 675 1734 omnes
702 1696 813 1747 plane
841 1695 1057 1733 societatem
1087 1695 1212 1733 nescio
1241 1708 1315 1746 quo
1344 1695 1456 1733 modo
1485 1697 1597 1743 (595)
1624 1708 1735 1746 expe-

199 1766 336 1807 tamus,
371 1759 615 1798 solitudinem
650 1773 737 1797 vero
766 1772 895 1797 omnes
923 1760 1034 1797 etiam
1063 1760 1279 1809 refugamus
1306 1763 1416 1810 atque
1445 1772 1656 1797 aversemur
1682 1779 1732 1788 -—

199 1838 272 1876 quo
309 1838 398 1862 sane
433 1824 587 1863 nomine
624 1824 736 1861 homo
765 1823 904 1861 sociale
930 1823 1071 1861 animal
1098 1837 1118 1861 a
1145 1823 1333 1874 plerisque
1360 1827 1516 1861 vocatur
1545 1844 1595 1852 -
1623 1827 1735 1874 atque

199 1903 242 1928 ea
279 1890 429 1928 demum
465 1888 682 1927 felicissima
719 1888 880 1927 societas
917 1902 997 1927 esse
1025 1893 1210 1932 censetur,
1237 1901 1332 1939 quae
1359 1892 1396 1926 et
1425 1887 1733 1926 coniunctissima

200 1956 249 1992 sit
277 1959 311 1992 et
339 1953 500 1992 maxime
527 1953 716 1997 diuturna,
739 1975 791 1983 —
817 1953 1002 2003 equidem,
1029 1965 1103 2004 quo
1131 1953 1253 2002 magis
1280 1956 1336 1990 est
1364 1953 1565 1990 coniuncta
1594 1952 1733 2002 magis·

197 2031 270 2070 que
311 2018 489 2056 diuturna
517 2017 725 2067 coniugalis
754 2017 896 2055 vinculi
924 2017 1081 2055 societas
1109 2030 1197 2068 prae
1225 2017 1403 2055 omnibus
1431 2017 1515 2055 aliis
1543 2016 1732 2054 societatis

200 2084 384 2122 humanae
419 2084 634 2133 generibus,
670 2082 741 2120 hoc
775 2082 879 2120 illam
917 2083 1030 2120 etiam
1067 2082 1274 2120 feliciorem
1301 2095 1393 2127 esse,
1421 2081 1617 2120 fatendum
1644 2093 1732 2133 pro-

200 2148 378 2186 culdubio
425 2148 506 2187 erit.
573 2148 662 2185 Non
706 2160 784 2185 esse
818 2152 940 2184 autem
979 2147 1094 2184 ullius
1131 2146 1287 2184 omnino
1325 2145 1514 2184 societatis
1551 2145 1734 2183 humanae

199 2214 337 2253 arctius
372 2214 566 2265 magisque
603 2213 823 2252 diuturnum
862 2213 1054 2250 vinculum
1091 2212 1347 2258 matrimonio,
1384 2212 1421 2249 id
1451 2225 1538 2250 vero
1565 2226 1624 2250 res
1652 2212 1733 2264 ipsa

202 2280 324 2317 docet.
362 2278 552 2316 Nimirum
580 2278 642 2315 hic
668 2291 743 2315 non
774 2277 890 2315 animi
917 2282 1065 2315 tantum
1094 2277 1381 2327 voluntatesque
1407 2281 1557 2315 mutuae
1572 2277 1732 2314 invicem

202 2343 482 2392 coniunguntur
516 2343 635 2393 (quod
664 2341 834 2392 equidem
864 2342 904 2379 in
932 2341 1016 2379 aliis
1044 2342 1221 2379 omnibus
1250 2341 1418 2379 honestis
1447 2341 1545 2379 vitae
1572 2340 1731 2378 societa-

198 2407 300 2444 tibus
340 2420 524 2445 summum
564 2409 651 2454 est),
689 2405 752 2443 sed
788 2405 867 2457 ipsa
905 2406 1015 2444 etiam
1054 2419 1223 2457 corpora,
1259 2406 1373 2444 altera
1410 2405 1584 2443 videlicet
1611 2405 1731 2443 nostri

201 2484 297 2522 pars,
333 2471 372 2509 in
409 2484 519 2509 unam
558 2476 672 2521 atque
709 2470 867 2507 eandem
905 2479 1059 2508 carnem
1090 2475 1260 2509 nostram
1288 2469 1513 2508 unanimiter
1542 2468 1731 2518 congluti-

199 2540 350 2580 nantur.
392 2536 640 2586 fortunaeque
685 2538 874 2585 praeterea
910 2548 1039 2572 omnes
1075 2548 1172 2572 nexu
1212 2535 1286 2572 iam
1325 2534 1496 2584 deinceps
1531 2532 1729 2570 individuo

198 2600 250 2638 ita
287 2601 564 2647 consociantur,
609 2603 648 2638 ut
684 2612 749 2651 per
786 2612 934 2637 omnem
971 2600 1087 2638 vitam
1123 2600 1162 2638 in
1202 2599 1377 2648 coniugio
1414 2602 1544 2636 neuter
1578 2597 1653 2634 iam
1690 2597 1728 2635 in

198 2678 306 2703 suum
344 2664 474 2715 ipsius,
511 2665 574 2702 sed
608 2665 701 2702 alter
736 2664 775 2702 in
811 2663 965 2701 alterius
1003 2677 1137 2715 corpus
1174 2668 1397 2716 potestatem
1424 2663 1556 2713 iusque
1584 2675 1728 2701 connu-

198 2730 294 2768 biale
331 2730 478 2775 habeat,
512 2730 688 2768 omnibus
716 2729 827 2767 etiam
856 2729 1022 2767 fortunis
1051 2729 1129 2767 suis
1156 2729 1195 2767 in
1225 2741 1421 2766 commune
1448 2730 1559 2776 (596)
1586 2741 1730 2779 semper

196 2799 362 2834 utantur.
416 2793 520 2832 Quid
558 2807 643 2832 vero
681 2794 750 2832 hac
779 2794 845 2832 tali
873 2793 1051 2831 societate
1079 2794 1225 2832 felicius
1253 2798 1317 2831 aut
1344 2792 1508 2844 optatius
1537 2792 1663 2836 etiam,
1689 2792 1728 2830 in

197 2870 284 2911 qua,
319 2869 416 2896 nexu
453 2856 594 2908 alioqui
632 2870 697 2908 per
724 2870 872 2895 omnem
901 2855 1015 2895 vitam
1043 2855 1254 2904 individuo,
1281 2856 1332 2894 ita
1359 2859 1448 2894 sunt
1476 2855 1602 2894 omnia
1630 2855 1728 2894 inter
