1830 3147
46 206 136 239 Ioan.
158 206 196 238 V.

47 250 63 281 I
87 249 174 281 Cori.
198 249 290 281 VIII.

46 292 62 323 I
85 292 180 323 Thes.
202 291 285 324 1111.

336 91 411 127 444
810 101 990 131 onnon.
1019 102 1128 132 Ech.
1159 102 1277 133 LoND.

336 201 502 249 Christo,
536 202 608 241 Dei
635 203 728 250 filio,
756 204 865 256 quasi
894 205 1105 245 membrum
1132 206 1213 246 eius
1243 208 1425 260 corporis,
1451 212 1601 248 aeterne
1629 209 1751 249 victu-

333 280 417 305 rum
445 267 613 319 adeoque
639 268 748 319 regni
774 269 846 308 Dei
874 269 1074 309 haeredem
1100 285 1302 311 evasurum
1328 287 1422 313 esse.

46 334 81 365 II
105 334 178 366 Cor.
202 335 232 372 4,
257 335 287 366 5.
352 375 365 384 .

47 376 151 410 Math.
175 377 227 410 25.

46 607 121 638 Esa.
145 607 196 637 64.

46 650 63 680 1
89 650 162 681 Cor.
188 648 239 679 ll.

45 692 146 734 Apoc.
171 691 222 723 11.

45 735 136 767 ioan.
161 733 211 766 17.

45 778 62 809 Ι
84 777 174 808 Ioan.
199 775 263 806 ΙΙΙ.

44 820 121 852 Luc.
145 818 248 850 XXII.

46 862 63 894 1
88 861 182 892 Thes.
205 861 235 891 4.

43 906 127 947 Apo.
149 903 235 935 XXI.

47 948 122 979 Psa.
144 946 248 977 XVII.

46 990 63 1022 I
87 990 163 1022 Cor.
186 988 254 1022 XV.

45 1235 132 1277 Sapi.
154 1234 193 1265 V.

45 1278 121 1309 Esa.
145 1277 195 1308 34.

43 1321 123 1353 Luc.
147 1319 198 1351 16.

43 1364 78 1395 II
101 1363 197 1395 Thes.
218 1360 249 1392 Ι.

45 1407 137 1438 Ioan.
162 1405 190 1434 5-

45 1450 127 1481 Mat.
153 1446 203 1483 13,
228 1446 257 1477 8.

46 1492 149 1522 Marc.
171 1489 200 1519 9.

48 1535 160 1565 Roma.
183 1531 214 1576 2.

45 1578 146 1618 Apoe.
170 1573 237 1605 XX.

912 399 1054 439 Interr.
1085 402 1172 440 190.

386 460 523 500 Qualis
552 462 650 501 vitae
677 466 850 501 aeternae
878 463 1039 502 beatitas
1067 465 1164 503 erit?

982 529 1095 580 Resp.

385 590 520 643 Neque
557 592 728 630 mortalis
764 593 894 643 lingua
923 593 1050 645 eloqui
1077 594 1197 642 illam,
1223 609 1345 648 neque
1373 609 1438 634 cor
1466 596 1632 635 hominis
1661 610 1752 635 eon-

336 654 458 706 cipere
490 660 626 707 potest.
682 657 730 694 In
758 657 831 694 hoc
857 664 982 695 autem
1010 658 1185 710 inprimis
1213 660 1299 705 erit,
1326 661 1457 699 fideles
1487 662 1752 713 corporalibus

336 720 455 758 oculis
502 720 580 759 suis
624 725 818 760 aeternum
855 722 982 760 lumen
1020 727 1133 774 atque
1171 738 1388 776 supremum
1425 726 1568 765 bonum
1602 730 1754 765 aeterne

335 785 532 836 agnituros
561 790 673 837 atque
702 788 1024 839 contemplaturos
1054 802 1146 836 esse,
1174 795 1211 828 et
1238 791 1279 828 in
1307 794 1503 829 aeternum
1521 791 1624 842 ipsos
1651 794 1753 841 (69³)

336 850 417 889 Deo
451 851 673 889 adiunctum
709 851 758 889 iri
793 853 1038 904 omniumque
1075 854 1295 892 coelestium
1335 855 1520 894 bonorum
1559 861 1750 894 aeternam

336 916 642 954 communionem
670 920 782 968 atque
811 917 1065 969 expletionem
1093 918 1133 956 111
1161 918 1243 970 ipso
1271 933 1352 958 esse
1381 919 1592 960 habituros.
1631 921 1751 959 Nam·

335 994 408 1033 que
436 981 539 1020 Deus
566 985 661 1020 tunc
689 981 760 1020 erit
787 982 826 1020 in
855 983 1035 1021 omnibus
1064 982 1204 1023 omnia..

913 1049 1054 1087 Interr.
1084 1051 1172 1088 191.

386 1112 492 1151 Quid
521 1112 617 1151 dicis
646 1112 692 1150 de
718 1113 927 1151 incredulis
955 1118 1068 1164 atque
1095 1114 1237 1165 impiis,
1265 1114 1310 1152 de
1337 1115 1477 1166 quibus
1493 1114 1590 1154 nihil
1609 1115 1749 1154 audio?

987 1243 1101 1294 Resp.

388 1306 719 1345 Quemadmodum
755 1312 954 1357 resurgent
991 1308 1038 1345 ad
1075 1312 1266 1346 aeternam
1306 1310 1584 1355 confusionem,
1624 1311 1749 1362 perdi-

336 1371 477 1410 tionem
521 1376 634 1422 atque
680 1372 1049 1417 condemnationem,
1086 1373 1141 1410 sic
1177 1386 1327 1424 quoque
1363 1373 1601 1413 beatitudine
1636 1379 1751 1426 atque

335 1437 456 1487 gloria
485 1436 652 1474 fidelium
681 1450 835 1488 prorsus
863 1437 1143 1488 spoliabuntur,
1170 1438 1317 1489 eritque
1345 1452 1427 1476 sors
1455 1453 1584 1477 eorum
1603 1440 1641 1478 in
1662 1440 1751 1489 igne

336 1502 642 1552 inexstinguibili
669 1506 705 1540 et
732 1502 773 1539 in
801 1502 969 1540 tenebris
997 1503 1188 1549 extremis,
1217 1503 1283 1540 ubi
1310 1507 1463 1542 aeterna
1492 1504 1641 1543 miseria
1669 1505 1750 1552 erit,

335 1568 443 1606 fietus
471 1581 515 1606 ac
543 1568 684 1607 stridor
711 1568 896 1608 dentium.

849 1633 988 1672 Interr.
1017 1634 1103 1671 192.
1133 1634 1240 1682 (69¹³)

386 1698 490 1737 Quid
518 1699 684 1750 prodest,
713 1699 815 1737 hune
843 1698 888 1737 de
917 1699 993 1737 vita
1020 1703 1173 1737 aeterna
1202 1699 1405 1738 articulum
1436 1699 1612 1739 credere?

979 1829 1092 1880 Resp.

384 1893 591 1932 Plurimum
621 1907 710 1931 sane
737 1893 904 1945 prodest.
932 1893 1097 1940 Etenim,
1124 1894 1190 1931 ubi
1219 1893 1306 1931 huic
1333 1894 1494 1932 articulo
1526 1895 1616 1932 fides
1638 1909 1745 1933 recu-

333 1962 449 2004 satur,
484 1958 621 2009 reliqui
647 1971 796 2010 quoque
824 1958 974 1996 articuli
1001 1962 1066 1995 aut
1093 1971 1248 2008 prorsus
1285 1971 1376 2003 non,
1404 1963 1468 1996 aut
1496 1960 1635 1997 frustra
1666 1973 1746 1997 cre-

333 2025 487 2063 duntur.
540 2023 621 2061 Ubi
656 2037 744 2061 vero
781 2022 925 2061 sincera
954 2023 1028 2061 fide
1055 2023 1238 2061 articulus
1265 2023 1330 2060 ille
1367 2024 1548 2076 recipitur
1574 2024 1745 2063 multifa-

333 2089 430 2126 rium
467 2101 591 2126 secum
630 2088 796 2126 fructum
824 2087 960 2132 adfert,
987 2087 1168 2125 nimirum
1195 2087 1512 2138 tranquillitatem
1543 2089 1742 2127 conscien-

332 2154 483 2198 tiarum,
517 2153 700 2191 laetitiam
736 2152 776 2190 in
812 2152 892 2191 Deo
921 2157 957 2190 et
984 2152 1083 2190 hane
1111 2152 1160 2189 ob
1190 2165 1340 2190 causam
1368 2153 1590 2204 patientiam
1618 2154 1658 2192 in
1686 2155 1743 2191 af-

332 2217 577 2265 rhenonibus,
611 2218 703 2269 quin
746 2217 859 2255 etiam
896 2220 1153 2268 contemptum
1190 2230 1314 2255 rerum
1352 2217 1463 2255 huius
1500 2218 1631 2263 seculi,
1665 2219 1743 2257 sive

333 2282 562 2328 divitiarum,
590 2281 668 2320 sive
696 2282 866 2327 honoris,
893 2282 972 2319 sive
999 2281 1107 2320 vitae.

906 2346 1044 2385 Interr.
1076 2348 1161 2384 193.

382 2415 433 2450 At
462 2425 549 2450 vero
576 2411 688 2450 rebus
716 2412 767 2449 ita
796 2411 1001 2462 perpensis,
1029 2411 1163 2448 ultimo
1193 2411 1280 2448 huic
1307 2411 1469 2449 articulo
1498 2412 1646 2463 proprie
1663 2413 1742 2463 pri·

332 2477 471 2516 marius
500 2478 607 2516 locus
634 2477 674 2514 in
702 2476 952 2524 articulorum
980 2478 1085 2525 (70a)
1115 2475 1210 2513 serie
1237 2475 1490 2525 assignandus
1518 2477 1679 2514 fuisset?

978 2541 1090 2592 Resp.

382 2608 629 2659 Praecipuum
657 2607 807 2658 quidem
836 2607 962 2643 locum
992 2610 1117 2643 teneat
1143 2605 1184 2643 in
1211 2605 1491 2643 existimatione
1527 2609 1669 2650 nostra,
1686 2608 1742 2645 vel

333 2673 385 2710 sic
413 2676 538 2710 tamen
567 2672 606 2710 in
633 2671 880 2710 articulorum
909 2669 1003 2708 serie
1030 2670 1253 2721 explicanda
1281 2669 1437 2707 ultimus
1462 2670 1658 2709 habendus
1675 2676 1743 2717 est,

333 2737 638 2788 quandoquidem
676 2736 752 2774 vita
789 2739 940 2774 aeterna
976 2735 1063 2773 finis
1101 2738 1157 2773 est
1191 2734 1361 2772 omnium
1397 2748 1534 2777 rerum.
1570 2749 1665 2786 quae
1703 2737 1742 2775 in

334 2814 436 2840 sacra
465 2801 661 2853 Scriptura
689 2800 800 2838 nobis
827 2800 875 2838 ad
903 2799 1061 2837 salutem
1088 2800 1344 2851 proferuntur.
