1830 3147
176 116 249 154 158

173 229 360 276 (239)nae
381 227 699 266 considerationes
718 228 916 268 institutae
935 243 1015 267 esse
1036 229 1221 268 videntur.
1251 229 1333 267 Iam
1353 233 1391 267 ut
1410 229 1452 267 in
1470 229 1712 281 approbanda

175 294 230 331 rei
269 293 428 331 alicuius
468 294 627 331 donatae
664 294 830 343 legitima
866 298 902 333 et
939 294 1073 340 bonae,
1099 298 1141 332 ut
1168 299 1316 339 vocant,
1352 295 1440 332 fidei
1467 295 1716 346 possessione,

174 358 245 395 etsi
271 359 390 395 multa
417 358 575 409 produci
602 358 642 396 in
671 358 836 396 medium
863 363 1033 411 possunt,
1062 363 1098 397 et
1126 372 1200 410 quo
1227 360 1335 410 plura
1352 359 1624 411 producuntur,
1640 359 1712 396 hoc

175 422 355 460 maiorem
390 422 492 460 illius
518 412 642 461 ¹fidem
679 423 836 468 faciunt,
875 424 1058 475 imprimis
1094 427 1231 462 tamem
1260 425 1350 463 haec
1379 429 1465 463 sunt
1491 424 1712 470 neccssaria,

175 487 312 538 quibus
348 487 518 537 legitima
553 488 709 526 traditio
746 502 789 526 ac
825 502 954 527 rursus
991 489 1239 541 possessionis
1275 490 1521 541 apprehensio
1558 489 1712 540 probari

174 551 303 602 possit,
350 564 471 602 neque
508 553 638 602 negari
673 557 798 604 potest
836 558 1008 591 nostrum
1044 554 1156 604 plane
1192 567 1284 601 esse,
1322 555 1365 592 de
1403 555 1507 592 cuius
1543 554 1711 604 legitima

172 615 377 653 traditione
413 616 523 654 nobis
561 617 659 655 facta
695 617 814 668 deque
849 607 1018 667 legitiina
1046 618 1135 656 item
1163 621 1292 656 nostra
1319 619 1557 670 possessione
1584 618 1710 657 doceri

173 679 305 729 possit,
345 679 492 717 etiamsi
519 680 640 719 factae
668 681 779 719 nobis
808 681 1026 719 donationis
1055 682 1219 720 rationes
1248 687 1357 734 atque
1384 684 1602 721 occasiones
1630 697 1711 721 om-

175 757 239 781 nes
262 757 340 782 non
368 758 513 796 semper
539 759 810 793 recenseamus,
835 769 887 775 —
913 747 967 785 ita
996 752 1032 785 et
1059 748 1105 785 ad
1135 749 1420 799 approbandam
1447 753 1597 787 nostrae
1627 763 1708 787 cum

176 808 326 847 Christo
364 811 641 849 communionis
678 811 802 857 fidem,
838 826 911 863 quo
949 813 1087 851 certius
1121 813 1160 851 in
1188 813 1254 851 illa
1281 813 1537 863 obsignemur,
1572 816 1642 852 etsi
1669 828 1711 852 ea

174 874 313 919 omnia,
349 888 444 926 quae
482 877 655 915 Christus
693 876 881 915 Dominus
918 877 964 915 ad
1002 891 1083 916 eam
1120 892 1197 916 rem
1233 879 1412 926 instituit,
1448 893 1525 917 non
1551 884 1711 931 possunt

173 951 251 976 non
288 952 367 977 esse
404 940 641 979 vehementer
680 941 784 979 utilia
821 942 1009 993 dignaque
1044 956 1210 994 prorsus,
1248 957 1344 994 quae
1381 957 1524 981 summa
1553 957 1640 983 cura
1668 958 1711 983 ac

173 1003 354 1053 religione
401 1005 650 1044 observentur
695 1010 760 1055 (ne
797 1007 880 1058 quis
917 1008 1006 1045 hinc
1042 1008 1210 1065 incuriae
1244 1009 1547 1059 indulgentiaeve
1583 1011 1711 1049 nescio

175 1068 280 1106 cuius
308 1082 395 1107 suae
422 1070 701 1108 excusationem
730 1075 794 1109 aut
821 1072 1072 1123 patrocinium
1101 1075 1287 1122 venetur),
1313 1080 1438 1112 tamen
1467 1088 1508 1112 ea
1526 1075 1711 1126 imprimis

174 1147 216 1171 ac
262 1135 472 1172 necessario
521 1135 757 1174 observanda
807 1142 895 1175 sunt
940 1151 1060 1188 neque
1096 1139 1172 1176 ullo
1211 1139 1322 1176 modo
1367 1141 1711 1191 praetermittenda,

174 1210 268 1247 quae
297 1211 365 1236 nos
393 1198 560 1236 omnium
587 1199 865 1238 evidentissime
894 1206 1014 1239 certos
1043 1202 1186 1240 faciunt
1214 1203 1259 1240 de
1285 1204 1454 1253 legitima
1481 1204 1595 1251 illius,
1625 1218 1708 1243 cum

173 1262 376 1301 donatione
413 1263 523 1300 nobis
560 1264 672 1309 facta,
710 1269 790 1302 tum
815 1279 901 1303 vero
930 1266 1096 1315 legitima
1125 1267 1233 1304 etiam
1264 1272 1394 1305 nostra
1424 1270 1535 1317 (240)
1562 1282 1709 1321 posses-

173 1328 290 1366 sione.
345 1328 394 1366 Et
422 1328 581 1380 proinde
607 1329 648 1366 in
677 1330 823 1368 Coenae
851 1327 999 1382 quoque
1028 1331 1250 1370 Dominicae
1278 1346 1347 1371 usu.
1377 1334 1444 1372 hae
1471 1335 1708 1385 potissimum

175 1391 343 1442 mysterii
377 1392 495 1443 ipsius
534 1393 854 1432 considerationes
891 1396 1082 1444 urgendae
1119 1397 1451 1449 observandaeque
1487 1403 1586 1445 sunt,
1614 1413 1709 1450 quae

172 1469 240 1493 nos
278 1460 398 1494 certos
434 1458 588 1504 faciant,
624 1464 790 1496 nostram
822 1473 904 1497 cum
936 1461 1085 1498 Christo
1116 1461 1279 1500 Domino
1308 1462 1345 1500 in
1377 1476 1531 1514 corpore
1558 1468 1594 1502 et
1621 1478 1708 1503 san-

169 1521 284 1570 guine
318 1521 436 1571 ipsius
474 1522 774 1561 communionem
812 1523 849 1561 et
877 1524 1051 1562 donatam
1081 1525 1192 1563 nobis
1220 1540 1299 1564 esse
1325 1527 1502 1576 legitime,
1530 1542 1661 1580 nempe
1688 1544 1709 1568 a

172 1585 322 1623 Christo
359 1585 537 1632 Domino,
575 1586 639 1637 qui
677 1587 773 1624 nihil
811 1601 887 1625 non
923 1588 1090 1638 legitime
1130 1590 1221 1639 agit,
1258 1590 1295 1628 et
1332 1604 1401 1629 nos
1427 1591 1515 1629 item
1544 1593 1709 1642 legitime

170 1650 295 1696 etiam,
330 1663 462 1702 nempe
498 1665 543 1689 ex
579 1651 775 1702 ipsiusmet
803 1654 945 1691 Christi
974 1654 1130 1692 Domini
1158 1656 1344 1703 manibus,
1371 1657 1472 1694 illius
1501 1659 1707 1709 possessio-

171 1728 256 1753 nem
293 1715 430 1753 habere
458 1720 569 1767 atque
595 1717 635 1754 in
663 1717 728 1755 illa
756 1718 835 1756 eius
865 1718 1049 1757 beneficio
1076 1733 1305 1770 permanere.
1347 1722 1447 1759 Nam
1478 1723 1509 1760 si
1537 1723 1627 1761 haee
1653 1725 1707 1762 ita

173 1784 272 1817 certo
310 1780 445 1818 animis
481 1781 620 1820 nostris
660 1781 777 1820 infixa
815 1783 1031 1831 habeamus,
1062 1790 1100 1822 ut
1127 1785 1167 1823 in
1197 1786 1352 1824 dubium
1381 1787 1481 1824 intra
1511 1801 1578 1825 nos
1605 1789 1707 1840 ipsos

172 1845 339 1883 revocari
373 1859 449 1883 non
484 1846 643 1897 possint,
679 1847 849 1898 equidem
878 1862 997 1899 neque
1025 1850 1187 1888 mundus
1215 1864 1335 1902 neque
1361 1865 1462 1889 mors
1490 1866 1609 1904 neque
1639 1855 1707 1892 Sa-

174 1914 238 1947 tan
274 1911 314 1948 in
351 1923 435 1948 vera
473 1924 542 1948 nos
570 1925 614 1949 ac
640 1912 794 1950 salutari
823 1915 1099 1952 communionis
1127 1920 1278 1953 nostrae
1305 1916 1414 1954 istius
1444 1930 1527 1954 cum
1558 1918 1708 1957 Christo

173 1976 409 2027 possessione
441 1977 659 2028 perturbare
695 1978 772 2015 ullo
810 1978 923 2016 modo
958 1980 1106 2030 poterit,
1135 1980 1272 2018 nedum
1303 1985 1340 2019 ut
1366 1982 1471 2019 illam
1497 1982 1607 2020 nobis
1636 1983 1708 2021 eri-

174 2053 259 2091 pere
287 2054 438 2092 quoquo
466 2041 577 2078 modo
605 2041 737 2092 possit,
764 2043 910 2080 etiamsi
937 2044 1098 2094 reliquas
1128 2045 1403 2083 communionis
1433 2052 1582 2085 nostrae
1596 2047 1707 2086 huius

181 2105 345 2143 rationes
380 2119 456 2143 non
492 2107 647 2156 perinde
682 2120 824 2158 semper
860 2108 900 2145 in
936 2108 1098 2146 medium
1128 2110 1332 2159 producere
1358 2111 1558 2162 possimus,
1585 2126 1707 2163 quan·
1749 2111 1754 2123 “

178 2183 289 2220 quam
325 2170 428 2207 nulla
464 2170 512 2208 sit
544 2171 646 2208 injus
683 2172 838 2209 omnino
868 2186 888 2209 a
917 2173 1066 2211 Christo
1094 2173 1258 2211 Domino
1288 2176 1398 2212 nobis
1426 2176 1554 2214 relicta
1583 2177 1707 2215 consi-

178 2234 333 2280 deratio,
369 2248 463 2285 quae
499 2248 577 2274 non
605 2248 713 2273 suum
741 2236 853 2274 etiam
881 2237 1028 2287 pondus
1056 2251 1100 2274 ac
1127 2238 1240 2276 robur
1268 2239 1338 2276 hac
1364 2239 1403 2277 in
1431 2244 1534 2291 parte
1563 2240 1709 2286 habeat,

177 2299 440 2350 observarique
484 2299 606 2338 modis
652 2300 828 2338 omnibus
875 2301 1019 2346 debeat,
1056 2302 1087 2340 si
1122 2303 1159 2340 id
1196 2304 1274 2340 ullo
1312 2304 1422 2341 modo
1459 2304 1539 2342 fieri
1572 2309 1708 2356 potest.

178 2361 307 2400 Quare
338 2370 374 2400 et
409 2363 449 2401 in
487 2363 596 2413 signo
625 2365 771 2402 Coenae
798 2365 1019 2404 Dominicae
1047 2380 1175 2405 omnes
1204 2356 1292 2406 sane
1318 2369 1419 2406 illius
1445 2373 1568 2420 partes
1597 2371 1706 2418 (241)

176 2427 430 2465 observandae
465 2432 553 2466 sunt
589 2429 758 2476 omnino,
792 2430 823 2467 si
856 2431 895 2468 id
930 2432 1008 2468 ullo
1045 2432 1158 2470 modo
1194 2433 1274 2470 fieri
1301 2428 1435 2484 potest,
1471 2447 1518 2471 ne
1543 2434 1619 2471 ulla
1647 2447 1706 2471 re-

174 2491 264 2529 licta
300 2493 410 2529 nobis
437 2507 458 2530 a
486 2493 636 2531 Christo
665 2494 830 2532 Domino
857 2501 1007 2533 nostrae
1035 2509 1159 2534 secum
1188 2498 1463 2535 communionis
1491 2497 1705 2535 considera-

175 2555 227 2593 tio
263 2559 327 2593 aut
363 2557 681 2596 obscuretur-dut
718 2559 937 2596 obliteretur
972 2573 1037 2610 per
1074 2568 1241 2599 nostram
1270 2562 1454 2599 incuriam
1492 2567 1558 2599 aut
1584 2562 1728 2613 neglig

175 2619 352 2669 gentiam,
392 2622 491 2671 quod
525 2616 675 2673 quidem
713 2623 792 2660 sine
830 2623 971 2661 Christi
1010 2624 1163 2663 Domini
1189 2626 1416 2676 indignitate
1443 2628 1524 2664 fieri
1552 2628 1705 2665 omnino

175 2695 252 2720 non
274 2688 407 2733 potest,
425 2705 475 2712 —
494 2685 557 2722 sed
583 2685 670 2723 illae
697 2686 847 2724 interim
877 2687 976 2736 signi
1003 2693 1126 2738 partes
1151 2689 1192 2728 in
1221 2691 1365 2728 Coenae
1384 2691 1614 2733 ,Dominicae
1636 2705 1707 2730 usu

175 2749 411 2800 potissimum
441 2754 528 2787 sunt
554 2750 808 2803 observandae
836 2765 956 2803 neque
983 2753 1059 2790 ullo
1088 2754 1199 2792 modo
1228 2756 1590 2806 praetermittendae,
1619 2757 1705 2808 qui-

177 2814 247 2851 bus
280 2818 315 2851 ct
350 2813 504 2851 donatio
540 2815 619 2865 ipsa
657 2821 808 2854 nostrae
837 2830 918 2854 cum
948 2817 1096 2856 Christo
1127 2820 1401 2857 communionis
1430 2825 1465 2858 et
1495 2820 1584 2859 doni
1611 2822 1701 2859 item

175 2879 359 2934 possessio
387 2883 516 2917 nostra
543 2884 794 2932 συμβολικῶς
824 2881 1080 2922 adumbratur.
1129 2875 1244 2922 Porro
1273 2885 1313 2923 in
1339 2885 1421 2939 ipso
1451 2887 1597 2925 Coenae
1625 2886 1703 2924 Do-

288 2969 311 2996 0¹
