1830 3147
140 127 186 165 14
226 147 230 151 -
993 134 1021 169 -'

139 244 277 276 conatu
305 239 436 276 sacella
466 252 530 275 sua
557 238 710 287 erigere,
737 241 780 291 (β
801 241 860 289 7¹³)
889 254 1001 292 qnam
1027 242 1093 280 nbi
1124 245 1273 282 Christo
1304 243 1466 281 Domino
1494 245 1672 295 templum

136 302 274 341 instrui
312 303 426 342 videt.
480 302 661 341 Videmus
698 305 828 342 multis
862 305 937 343 iam
966 307 1116 346 decerni
1141 322 1269 360 parem
1298 321 1381 346 cum
1409 310 1603 360 Apostolis
1629 322 1674 348 ac

138 368 335 420 Prophetis
375 368 415 406 in
453 368 624 407 doctrina
660 370 856 420 religionis
884 371 1066 411 tradenda
1094 375 1350 421 autoritatem,
1385 387 1481 426 quae
1509 375 1588 413 sola
1614 388 1673 413 res

137 434 313 471 omnibus
340 434 494 472 omnino
523 435 634 473 sectis
661 449 704 473 ac
732 436 898 475 dissidiis
927 439 1161 478 occasionem
1190 440 1292 478 dedit
1329 452 1553 491 omnemque
1579 440 1672 479 adeo

136 498 376 548 tyrannidem
403 498 442 537 in
472 499 679 537 Ecclesiam
706 500 863 539 invexit.
910 502 1089 541 Videmus
1117 518 1136 541 e
1164 505 1318 554 regione
1345 517 1507 550 rursum,
1533 505 1674 542 multos

136 563 210 601 sibi
254 563 468 615 permittere
504 564 689 616 quidquid
725 567 878 604 omnino
916 568 1020 613 libet,
1064 572 1176 620 atque
1213 570 1306 607 adeo
1343 569 1507 607 aversari
1543 583 1673 607 omnes

136 629 213 667 sive
248 629 412 680 privatas
441 629 519 667 sive
543 630 716 680 publicas
744 630 1022 670 admonitiones
1063 635 1264 685 omniaque
1291 634 1544 673 Ecclesiarum
1573 635 1674 673 iudi-

138 693 205 739 cia,
239 697 282 731 ut
309 693 469 731 liberum
495 694 605 745 plane
631 700 741 746 atque
768 695 920 747 impune
947 710 1027 735 esse
1055 698 1183 744 velint,
1210 698 1392 749 quidquid
1419 699 1574 736 omnino
1603 699 1671 736 do-

136 763 255 797 ceant.
310 760 436 810 Atque
479 760 680 811 utrobique
714 761 865 798 iuterim
899 763 1128 812 praetexitur
1163 763 1425 812 Euangelium,
1477 777 1560 801 cum
1594 778 1671 802 non

135 824 208 862 alia
234 837 292 862 res
320 825 439 874 magis
467 824 674 874 Euangelio
703 827 931 866 adversetur.
964 827 1039 865 Hic
1069 828 1267 879 utrobique
1293 828 1408 877 igitur
1428 842 1562 878 magna
1578 843 1671 880 opus

133 892 188 926 est
217 888 411 937 diligentia
438 902 480 926 ac
509 890 853 941 circumspectione,
881 896 920 929 ut
949 895 1102 943 uterque
1132 892 1192 929 bic
1214 894 1372 929 Satanae
1392 899 1549 930 conatus
1571 893 1670 931 circa

134 953 328 1002 religionis
363 954 675 992 instaurationem
711 956 948 1006 reprimatur.
1004 957 1170 1007 Cumque
1207 970 1285 994 non
1321 957 1395 994 alia
1422 958 1569 995 ratione
1595 958 1671 995 ulla

133 1022 198 1056 aut
233 1018 369 1056 melius
403 1023 467 1057 aut
494 1020 606 1057 etiam
634 1020 782 1058 facilius
810 1021 962 1072 reprimi
988 1022 1120 1073 possit,
1148 1035 1257 1073 quam
1286 1021 1455 1071 legitima
1484 1021 1672 1060 Ecclesia-

133 1096 215 1120 rum
243 1083 528 1133 gubernatione,
555 1098 667 1135 quam
694 1089 825 1124 autore
851 1086 985 1137 spiritu
1013 1092 1142 1124 sancto
1171 1087 1218 1124 ab
1246 1088 1441 1138 Apostolis
1457 1087 1671 1127 institutam

133 1152 244 1199 atque
277 1148 512 1186 observatam
548 1149 719 1205 legimus,
754 1164 818 1201 per
856 1151 1055 1189 ministerii
1091 1152 1348 1190 Ecclesiastici
1385 1152 1601 1202 diligentem
1629 1166 1672 1192 ac

134 1212 282 1251 fidelem
318 1212 695 1259 administrationem,
740 1228 883 1266 nosque
919 1216 965 1253 ad
1002 1216 1118 1263 illam,
1152 1220 1336 1267 quantum
1363 1217 1519 1255 omnino
1545 1217 1671 1268 potui·

133 1290 229 1322 mus,
255 1277 426 1328 proxime
445 1277 483 1315 in
503 1277 630 1315 libello
652 1278 723 1316 hoc
744 1279 917 1318 accedere
938 1283 1048 1332 οο-(β
1070 1281 1212 1329 8a)nati
1232 1281 1361 1327 simus,
1380 1303 1431 1310 —
1446 1282 1676 1332 putavimus,

134 1354 284 1392 operam
321 1342 619 1393 qualemcunque
647 1342 743 1381 hanc
772 1348 940 1382 nostram
975 1346 1119 1396 patriae
1155 1359 1305 1396 quoque
1332 1350 1482 1383 nostrae
1508 1359 1584 1384 non
1613 1347 1673 1385 in-

132 1406 264 1444 utilem
291 1408 383 1446 fore.
412 1407 619 1454 Postremo,
646 1408 825 1459 quoniam
852 1410 1098 1459 gravissimis,
1127 1411 1191 1448 sed
1220 1411 1354 1448 iisdem
1382 1410 1494 1449 etiam
1511 1406 1672 1462 iniquis'-

133 1471 237 1509 simis
266 1472 500 1523 quorundam
531 1473 727 1511 calumniis
755 1487 798 1511 ac
824 1475 1077 1525 praeiudiciis,
1107 1475 1316 1515 doctrinam
1346 1475 1671 1527 ministeriumque

133 1549 176 1574 ac
221 1549 358 1575 nomen
395 1541 566 1575 nostrum
602 1540 752 1587 gravari
787 1543 935 1590 praeter
969 1541 1145 1579 meritum
1182 1546 1352 1579 nostrum
1391 1541 1573 1586 videmus,
1608 1542 1672 1593 qui

134 1602 207 1640 sibi
243 1603 358 1640 veluti
393 1604 482 1641 novi
518 1604 669 1654 quidam
707 1605 866 1643 Catones
903 1620 922 1644 e
951 1606 1052 1644 coelo
1081 1608 1208 1645 nescio
1237 1621 1311 1658 quo
1341 1607 1483 1659 delapsi
1509 1621 1589 1646 esse
1615 1608 1672 1646 vi-

134 1667 281 1710 dentur,
317 1667 364 1705 ab
399 1669 555 1706 istorum
585 1682 673 1707 sane
702 1671 912 1716 calumniis,
941 1672 1133 1710 doctrinae
1161 1673 1272 1710 nobis
1301 1672 1572 1723 ministeriique
1600 1686 1670 1710 no·

134 1733 201 1770 stri
228 1732 338 1770 fidem
366 1746 410 1770 ac
437 1734 602 1771 nominis
630 1735 716 1772 item
746 1736 1061 1775 existimationem
1090 1738 1188 1788 apud
1224 1738 1345 1775 Tuam
1372 1738 1555 1789 imprimis
1586 1738 1668 1776 Ma-

133 1797 304 1835 iestatem
346 1799 580 1849 patriamque
625 1800 735 1837 simul
780 1814 899 1839 meam
948 1801 1213 1839 vindicandam
1256 1815 1335 1840 esse
1377 1802 1505 1853 putavi
1552 1803 1671 1840 libelli

134 1862 243 1900 huius
280 1863 400 1900 nostri
435 1864 662 1911 testimonio,
698 1866 763 1916 qui
792 1866 983 1904 doctrinae
1008 1867 1150 1918 alioqui
1178 1867 1449 1918 ministeriique
1477 1868 1596 1905 nostri
1623 1869 1667 1905 fi-

133 1927 230 1974 dem,
269 1941 382 1978 quam
416 1941 483 1978 pro
522 1935 649 1967 nostra
685 1931 866 1968 tenuitate
908 1936 1095 1982 praestare
1141 1932 1345 1983 potuimus,
1389 1946 1466 1970 non
1500 1933 1670 1979 obscure,

134 1992 188 2030 uti
225 2006 345 2043 spem,
382 1994 667 2040 contestabitur,
704 1999 739 2033 et
780 1995 954 2047 Diploma
984 1996 1157 2046 Regium,
1183 1997 1240 2034 illi
1267 1997 1313 2035 ad
1344 1998 1481 2034 calcem
1510 1998 1668 2035 adiunc-

132 2063 225 2103 tum,
251 2058 417 2095 tuebitur
445 2059 609 2097 nominis
636 2061 756 2098 nostri
784 2061 1112 2100 existimationem.
1158 2062 1386 2113 Quanquam
1415 2067 1538 2100 autem
1568 2069 1667 2100 certo

134 2122 320 2159 confidam
357 2124 450 2168 fore,
486 2128 527 2161 ut
565 2128 691 2162 nostra
730 2125 799 2162 hac
834 2125 875 2163 in
909 2131 1014 2176 parte
1049 2126 1267 2168 innocentia
1296 2127 1482 2164 Catonum
1509 2127 1668 2164 istorum

132 2187 299 2224 omnium
334 2187 561 2238 praeiudicia
597 2189 919 2241 maledicendique
945 2190 1204 2241 impotentiam
1241 2191 1288 2228 ad
1316 2195 1524 2229 extremum
1549 2192 1668 2242 pude-

133 2251 245 2289 faciat
281 2255 392 2302 atque
427 2253 585 2291 infamet
621 2267 684 2304 per
719 2255 880 2303 gratiam
917 2254 998 2298 Dei.
1045 2256 1165 2293 visum
1202 2261 1257 2293 est
1293 2260 1419 2293 tamen
1457 2256 1518 2294 hic
1546 2256 1667 2294 obiter

131 2320 298 2353 nostram
327 2317 578 2355 innocentiam
611 2319 711 2356 Tuae
742 2318 871 2370 Ma-(ss
890 2320 1075 2368 8¹>)icstati
1104 2324 1139 2358 et
1158 2320 1228 2371 piis
1250 2321 1425 2357 omnibus
1445 2321 1665 2371 approbare.

182 2379 265 2418 Duo
296 2385 395 2425 sunt,
424 2395 582 2432 quorum
612 2383 763 2420 nomine
781 2384 1019 2434 potissimum
1041 2398 1061 2422 a
1083 2387 1340 2434 Ferro-qimam
1360 2384 1484 2422 nescio
1506 2398 1664 2434 quarum

130 2445 334 2483 sartoribus
373 2447 423 2494 (si
459 2447 610 2497 Superis
646 2449 803 2499 placetl)
832 2448 868 2486 et
905 2462 1124 2487 accusamur
1152 2450 1262 2487 simul
1290 2449 1328 2487 et
1356 2449 1662 2488 condemnamur.

130 2512 301 2549 Alterum
329 2511 430 2561 quod
455 2512 496 2549 in
525 2512 789 2551 Ecclesiastico
817 2514 1027 2552 ministerio
1056 2515 1126 2552 Dei
1153 2515 1271 2565 ipsius
1300 2527 1392 2565 opus
1410 2514 1602 2565 proprium
1622 2516 1662 2553 in

130 2575 292 2613 ministri
320 2588 413 2626 opus
441 2589 517 2614 non
546 2579 827 2616 transferamus.
870 2579 1054 2624 Alterum,
1083 2579 1183 2629 quod
1209 2580 1249 2616 in
1279 2592 1415 2616 coenae
1443 2579 1663 2617 Dominicae

130 2640 321 2678 elementis
349 2640 498 2685 realem,
524 2646 565 2678 ut
594 2649 741 2687 vocant,
771 2643 937 2693 eorporis
975 2648 1010 2681 et
1047 2645 1240 2694 sanguinis
1269 2644 1410 2693 Christi
1439 2644 1661 2683 delitescen-

128 2705 219 2743 tiam
251 2705 355 2743 iuxta
392 2706 597 2747 naturalem
634 2706 752 2757 ipsius
781 2708 1063 2746 subsistentiam
1092 2722 1169 2746 non
1197 2713 1415 2748 statuamus.
1470 2709 1547 2746 Hic
1574 2722 1661 2747 vero

129 2769 329 2808 clamatur:
367 2784 388 2807 o
426 2771 586 2809 coelum!
624 2784 646 2807 o
682 2774 800 2810 terra!
855 2773 1011 2823 Alioqui
1039 2773 1069 2810 si
1098 2774 1158 2811 hic
1187 2775 1463 2818 assentiremur,
1491 2776 1661 2826 protinus

128 2834 355 2872 sanctissimi
388 2848 431 2872 ac
467 2840 596 2886 terque
632 2839 835 2888 quaterque
871 2837 1093 2886 Euangelici
1130 2842 1166 2876 et
1194 2837 1396 2876 orthodoxi
1425 2838 1660 2878 haberemur.

128 2900 210 2937 Nos
246 2912 356 2952 porro
394 2901 534 2938 nullius
570 2914 638 2938 nos
676 2900 737 2938 hic
774 2901 859 2938 novi
899 2901 1083 2951 dogmatis
1113 2904 1169 2941 vel
1197 2907 1344 2941 autores
1373 2904 1428 2941 vel
1460 2908 1659 2942 sectatores
