1830 3147
1595 115 1668 153 143

178 231 535 278 Argumentum
580 226 865 273 concionis,
899 239 1015 278 quae
1046 225 1153 278 ipso
1189 226 1267 265 die
1302 226 1490 265 Coenae
1524 224 1668 265 habe-

124 297 224 339 tur,
250 298 362 332 ante
387 293 493 332 eius
520 291 1024 331 administrationem.

180 424 358 463 Monetur
392 423 572 470 Ecclesia,
601 423 764 461 Coenam
793 422 950 461 Domini
977 435 1056 461 non
1083 435 1164 461 esse
1190 422 1331 461 nudam
1359 423 1566 462 otiosamve
1601 426 1668 470 aut

124 488 345 527 theatricam
379 487 496 525 ullam
525 487 727 534 actionem,
753 487 818 526 sed
846 500 926 526 esse
952 487 1121 525 divinam
1147 486 1188 525 in
1230 487 1371 525 Christi
1405 487 1577 526 Ecclesia
1604 487 1666 526 in-

125 550 372 595 stitutionem,
417 551 619 589 salutarem
655 551 846 594 omnibus,
878 551 945 602 qui
979 556 1142 589 mentem
1178 563 1223 588 ac
1257 552 1486 590 voluntatem
1525 552 1669 591 Christi

126 615 281 654 Domini
316 616 356 654 in
392 616 457 653 illa
491 616 598 653 iuxta
637 617 847 655 doctrinam
893 616 1009 668 ipsius
1055 617 1255 654 observare
1292 618 1438 657 volunt.
1492 618 1662 656 Mentem

126 693 212 718 vero
240 693 284 718 ac
312 680 548 718 voluntatem
577 680 718 719 Christi
745 680 982 732 potissimum
1026 681 1232 727 observari,
1260 682 1292 720 si
1321 695 1445 720 veram
1480 683 1666 722 rationem

124 744 161 784 et
189 745 289 795 signi
315 745 356 783 in
386 747 525 790 Coena,
553 746 654 797 quod
682 746 720 784 in
752 759 884 784 sensus
912 752 1063 785 nostros
1091 747 1265 793 incurrit,
1291 747 1329 785 et
1355 749 1538 799 mysterii,
1563 748 1667 800 quod

122 810 370 849 adumbratur
405 811 514 861 signo
553 811 709 857 visibili,
744 811 782 850 et
808 814 922 851 finem
949 813 1052 859 item,
1080 817 1232 864 propter
1260 826 1369 864 quem
1413 813 1537 851 Coena
1576 814 1668 852 haec

122 875 172 913 sit
207 875 445 926 potissimum
482 875 668 921 instituta,
703 876 744 914 in
776 877 974 928 ipsiusmet
1011 877 1151 915 Christi
1186 877 1343 916 Domini
1371 878 1493 916 verbis
1512 879 1668 923 ,intuea-

122 951 219 979 mur.
257 943 367 989 (203)
395 940 556 990 Signum
584 954 696 992 porro
723 954 805 979 esse
830 942 871 980 in
901 942 1026 980 Coena
1054 941 1268 989 Dominica,
1295 956 1372 981 non
1399 943 1572 994 equidem
1599 957 1668 995 pa-

122 1017 209 1042 nem
246 1011 311 1043 aut
336 1006 466 1043 vinum
493 1006 630 1057 ipsum,
658 1006 723 1044 sed
750 1012 869 1044 totam
897 1007 1001 1045 illam
1029 1012 1236 1051 externam,
1263 1008 1341 1046 suis
1367 1009 1519 1047 interim
1548 1010 1668 1061 parti-

123 1068 194 1107 bus
231 1074 481 1113 constantem,
517 1070 664 1108 Coenae
701 1071 861 1109 formam
890 1071 1139 1109 ceremoniam
1168 1078 1278 1124 atque
1305 1073 1506 1119 actionem,
1534 1087 1669 1126 nempe

121 1132 339 1172 institutam
371 1148 394 1172 a
432 1134 582 1173 Christo
621 1134 788 1174 Domino
814 1137 924 1188 panis
960 1142 996 1175 et
1033 1137 1161 1188 poculi
1198 1143 1297 1176 certa
1333 1139 1544 1177 ceremonia
1579 1152 1668 1190 par-

118 1197 393 1249 ticipationem.
447 1199 672 1250 Mysterium
700 1214 787 1239 vero
818 1202 965 1240 Coenae
992 1201 1214 1240 Dominicae
1243 1216 1322 1241 esse
1347 1203 1401 1251 id,
1427 1203 1528 1255 quod
1556 1204 1668 1243 nobis

119 1276 185 1315 per
212 1264 427 1302 institutam
454 1266 563 1316 panis
590 1279 634 1304 ac
661 1267 788 1318 poculi
815 1267 1034 1305 istiusmodi
1058 1268 1389 1320 participationem
1408 1270 1670 1318 adumbratur,

119 1342 255 1380 nempe
291 1343 416 1368 veram
442 1343 494 1368 ac
530 1331 731 1369 salutarem
767 1331 840 1383 piis
874 1332 1052 1370 omnibus
1088 1346 1169 1371 cum
1210 1333 1364 1373 Christo
1401 1334 1568 1374 Domino
1594 1348 1667 1375 no-

119 1398 238 1432 stram
263 1394 304 1434 in
334 1408 490 1447 corpore
517 1401 553 1434 et
581 1397 766 1447 sanguine
793 1397 910 1448 ipsius
940 1398 1256 1438 communionem.

171 1458 305 1498 Finem
343 1465 469 1498 autem
507 1461 653 1500 Coenae
688 1461 909 1501 Dominicae
937 1476 1017 1501 esse
1043 1477 1141 1509 eum,
1168 1477 1280 1515 quem
1309 1464 1483 1503 Christus
1511 1465 1669 1517 ipsemet

120 1525 247 1563 verbis
283 1525 360 1564 suis
396 1527 507 1565 nobis
545 1527 798 1573 commendat,
835 1541 968 1579 nempe
1005 1529 1063 1566 sui
1091 1534 1126 1567 et
1155 1529 1287 1568 mortis
1325 1543 1413 1568 suae
1439 1543 1667 1569 rememora·

120 1590 275 1629 tionem.
332 1590 438 1628 Haec
475 1604 563 1629 sane
599 1591 727 1630 omnia
764 1592 875 1630 nobis
904 1592 1105 1642 diligenter
1133 1594 1370 1632 observanda
1398 1608 1490 1641 esse,
1529 1596 1560 1634 si
1588 1596 1665 1635 vim

119 1655 345 1705 dignitatem
381 1669 425 1694 ac
461 1657 628 1695 fructum
668 1657 815 1695 Coenae
843 1657 1066 1697 Dominicae
1094 1664 1194 1698 recte
1222 1660 1462 1700 considerare
1489 1661 1662 1702 velimus.

119 1720 287 1759 Primum
313 1720 431 1771 igitur
461 1721 505 1760 de
533 1721 642 1773 signo
672 1723 820 1761 Coenae
847 1723 1019 1762 Ecclesia
1045 1729 1234 1765 monetur.

168 1850 232 1890 De
259 1851 401 1902 signo
430 1851 620 1891 Coenae
649 1852 951 1893 Dominicae.

169 1980 329 2031 Signum
367 1981 514 2020 Coenae
548 1981 771 2020 Dominicae
807 1995 887 2020 esse
915 1981 1084 2029 docetur,
1110 1995 1187 2022 non
1214 1984 1326 2035 panis
1353 1988 1418 2023 aut
1444 1985 1574 2024 vinum
1599 1985 1660 2038 ip-

116 2059 210 2093 sum,
240 2052 279 2085 ut
312 2047 388 2084 iam
421 2047 600 2094 diximus,
633 2047 735 2098 quod
763 2047 810 2085 ad
848 2047 1099 2086 substantiam
1127 2049 1278 2100 quidem
1307 2050 1460 2089 illorum
1488 2054 1658 2102 snt-(204)

116 2112 222 2156 tinet,
257 2111 322 2149 sed
358 2112 534 2150 instituta
571 2125 592 2149 a
629 2112 781 2150 Christo
818 2112 986 2151 Domino
1029 2114 1211 2164 peculiari
1248 2115 1412 2166 quadam
1448 2117 1659 2156 ceremonia

115 2176 224 2227 panis
260 2182 298 2215 et
333 2177 414 2215 vini
449 2176 701 2228 participatio.
756 2177 812 2215 De
849 2178 1000 2216 actione
1035 2179 1134 2217 enim
1172 2185 1251 2218 tota
1287 2181 1507 2219 mandatum
1534 2187 1657 2223 extat:

117 2239 237 2278 nHoc
263 2240 414 2287 facite,''
450 2241 490 2279 in
517 2254 592 2292 quo
638 2254 749 2280 omne
783 2242 926 2293 alioqui
960 2243 1110 2294 pondus
1148 2243 1370 2284 Dominicae
1402 2246 1657 2287 institutionis

115 2306 302 2352 consistit,
337 2305 439 2357 quod
476 2306 523 2344 ad
559 2307 668 2358 panis
704 2307 824 2358 ipsam
850 2314 915 2345 aut
942 2308 1020 2346 vini
1048 2310 1299 2348 substantiam
1328 2311 1458 2349 referri
1484 2325 1560 2351 non
1589 2326 1659 2365 po-

113 2375 199 2409 test.
251 2370 314 2409 Ad
347 2370 507 2409 eundem
546 2384 634 2409 vero
670 2371 824 2409 modum
858 2371 898 2410 in
935 2372 1019 2411 aliis
1047 2373 1160 2411 etiam
1187 2375 1440 2414 Sacramentis
1468 2378 1659 2425 omnibus,

117 2448 192 2474 non
220 2449 291 2483 res,
320 2450 416 2487 quae
443 2436 586 2475 actioni
614 2436 854 2482 adhibentur,
881 2437 946 2476 sed
973 2439 1187 2478 institutam
1215 2454 1237 2478 a
1264 2440 1345 2479 Deo
1373 2447 1565 2482 externam
1593 2457 1658 2483 ac·

114 2501 269 2547 tionem,
307 2502 458 2552 signum
496 2503 732 2540 Sacramenti
759 2516 839 2541 esse
867 2503 1050 2544 videmus.
1105 2505 1165 2544 Ita
1192 2505 1232 2544 in
1261 2506 1560 2548 circumcisionis
1586 2512 1658 2549 Sa-

116 2571 308 2606 crameuto
336 2567 487 2617 signum
515 2572 606 2611 erat,
635 2580 711 2606 non
739 2568 913 2606 cultellus
939 2570 1031 2620 ipse,
1068 2583 1146 2608 non
1174 2572 1423 2623 praeputium,
1451 2588 1572 2627 neque
1598 2589 1659 2615 res

114 2629 203 2674 ulla,
230 2643 326 2682 quae
353 2630 496 2669 actioni
524 2631 581 2668 illi
608 2630 871 2676 adhibebatur,
900 2632 964 2670 sed
993 2632 1124 2671 Divini
1153 2646 1238 2672 cum
1264 2635 1485 2676 Abrahamo
1513 2644 1550 2677 et
1575 2639 1657 2678 eius

114 2695 258 2734 familia
293 2696 456 2736 foederis
494 2696 644 2747 signum
672 2701 752 2735 erat
778 2696 879 2735 aetio
905 2697 987 2749 ipsa
1015 2711 1035 2736 a
1064 2698 1145 2737 Deo
1172 2698 1362 2745 instituta,
1388 2715 1522 2755 nempe
1547 2716 1658 2755 prae·

113 2761 210 2812 putii
255 2762 407 2800 cultello
453 2761 626 2800 adhibito
663 2762 885 2814 amputatio,
951 2763 1013 2801 Ita
1044 2768 1082 2802 et
1115 2763 1157 2802 in
1193 2764 1367 2804 Paschali
1401 2767 1493 2806 olim
1531 2768 1657 2809 Coena

116 2823 276 2864 Divinae
312 2838 404 2875 erga
429 2825 610 2864 Israelem
639 2826 921 2865 benevolentiae
948 2827 1100 2877 signum
1127 2834 1221 2875 erat,
1247 2842 1323 2869 non
1351 2832 1542 2882 agnellina
1569 2846 1656 2872 caro

114 2889 208 2940 ipsa,
251 2890 352 2944 quod
397 2890 446 2929 ad
479 2891 729 2930 substantiam
764 2893 844 2930 eius
879 2892 1027 2938 attinet,
1061 2892 1124 2931 sed
1161 2893 1344 2948 imperata
1380 2910 1400 2935 a
1440 2897 1519 2936 Deo
1553 2898 1655 2938 illius
