1830 3147
196 109 271 148 110

193 235 296 261 mum
333 226 389 261 est
426 222 523 261 enim
558 226 595 262 et
629 223 670 261 in
706 224 903 276 Baptismo
940 230 976 264 et
1011 226 1047 264 in
1087 226 1170 264 aliis
1208 228 1458 266 Sacramentis
1486 228 1661 267 omnibus
1688 228 1728 267 id

195 287 294 338 quod
326 300 394 325 nos
422 300 491 338 pro
519 287 647 326 debito
677 289 871 340 officioque
898 288 1029 328 nostro
1058 304 1145 340 erga
1174 291 1379 331 Dominum
1410 292 1531 330 Deum
1559 296 1729 330 nostrum

193 356 382 405 praestare
409 353 587 391 debemus
617 355 658 401 ¹).
690 354 762 392 Sed
791 356 901 393 nobis
929 361 1015 394 ante
1049 357 1174 394 omnia
1202 357 1426 395 intuendum
1455 362 1510 395 est
1539 358 1608 395 Dei
1637 371 1730 408 opus

193 432 281 467 erga
309 432 378 456 nos
416 419 453 456 in
494 419 657 464 Christo,
695 434 826 472 nempe
867 421 1073 472 acceptatio
1103 422 1223 459 nostri
1251 428 1286 460 et
1314 423 1434 461 nostri
1464 423 1616 461 seminis
1643 437 1729 473 gra-

192 483 287 521 tuita
324 484 363 521 in
392 484 551 532 gratiam
581 487 691 533 (127)
721 485 791 523 Dei
818 490 969 538 propt‘er
997 486 1201 531 Christum,
1228 501 1322 538 quae
1350 488 1460 525 nobis
1488 501 1552 539 per
1579 488 1731 539 Baptis-

193 562 294 586 mum
335 549 567 598 designatur.
623 550 685 587 Ad
720 564 830 601 quam
870 565 953 589 cum
990 552 1154 589 infantes
1192 553 1311 590 nostri
1339 567 1489 604 quoque
1515 553 1733 591 indubitato

193 614 416 664 pertineant,
455 615 671 652 testimonio
707 615 903 653 institutae
940 616 1029 653 olim
1057 630 1077 653 a
1108 616 1186 654 Deo
1216 617 1511 655 circumcisionis
1547 621 1583 655 et
1609 617 1731 655 mani-

193 678 311 716 festae
347 677 488 729 alioqui
523 679 787 730 promissionis
827 697 845 714 u
859 680 913 717 Ut
951 681 1020 718 sim
1059 680 1159 718 Deus
1188 686 1274 718 tuus
1303 688 1338 719 et
1367 682 1466 720 Deus
1495 682 1647 721 seminis
1675 682 1732 720 tui

194 746 281 793 post
307 741 383 788 te'',
409 745 507 791 -Ὅ
536 757 612 780 non
642 743 801 782 fideliter
837 744 1045 782 ministerio
1073 749 1204 783 nostro
1233 746 1484 795 fungeremur,
1514 747 1545 785 si
1573 761 1592 785 a
1621 748 1730 796 signo

194 808 463 859 acceptationis
502 812 652 846 nostrae
687 808 853 847 infantes
891 814 1042 848 nostros
1079 824 1303 855 arceremus,
1338 825 1434 862 quos
1462 812 1561 850 Deus
1589 812 1668 863 ipse
1695 817 1732 850 et

192 873 456 923 promissionis
493 877 529 910 et
566 873 862 911 circumcisionis
898 875 1116 913 testimonio
1151 876 1452 914 luculentissimo
1491 877 1563 914 sibi
1602 883 1731 927 gratos

194 942 442 989 acceptosque
477 951 556 975 esse
592 952 765 990 expresse
799 944 968 978 testatur.
1023 941 1213 992 Quodque
1248 941 1296 979 ad
1324 941 1637 992 baptizandorum
1664 943 1732 981 ad-

193 1006 319 1041 natam
355 1002 614 1040 infirmitatem
642 1003 787 1050 attinet,
813 1018 896 1042 eam
924 1018 1012 1043 sane
1041 1006 1240 1044 clementer
1267 1007 1339 1044 fert
1368 1007 1468 1044 Deus
1510 1021 1629 1059 neque
1655 1007 1732 1045 illis

194 1067 354 1117 imputat
389 1072 541 1118 propter
578 1067 782 1114 Christum,
818 1069 871 1105 sie
915 1074 955 1107 ut
998 1070 1134 1108 adnata
1173 1071 1284 1109 nobis
1312 1079 1467 1109 naturae
1496 1077 1645 1110 nostrae
1671 1073 1731 1110 in-

194 1132 371 1170 firmitate
408 1146 429 1170 a
464 1133 627 1181 gratuita
663 1133 728 1170 illa
758 1135 878 1172 nostri
904 1139 1056 1186 propter
1085 1136 1276 1174 Christum
1305 1137 1564 1188 acceptatione
1591 1142 1626 1175 et
1645 1151 1733 1189 pro-

193 1197 280 1234 inde
317 1197 364 1234 ab
400 1210 472 1234 usu
507 1197 692 1248 Baptismi
728 1198 839 1235 etiam
878 1199 1168 1251 haudquaquam
1207 1201 1464 1240 excludamur.
1518 1202 1675 1253 Alioqui
1702 1204 1734 1241 si

194 1266 346 1314 propter
374 1262 548 1300 adnatam
580 1266 734 1301 naturae
762 1270 911 1302 nostrae
938 1265 1198 1303 infirmitatem
1226 1267 1390 1304 infantes
1419 1280 1439 1304 a
1457 1267 1651 1318 Baptismo
1672 1281 1732 1305 ar-

196 1328 304 1366 cendi
331 1332 468 1374 essent,
495 1341 537 1366 eo
566 1328 668 1379 quod
697 1329 844 1367 credere
871 1335 907 1368 et
933 1331 1124 1381 poenitere
1153 1345 1226 1369 non
1256 1337 1428 1382 possunt,
1455 1332 1565 1370 simul
1584 1346 1733 1384 quoque

196 1397 233 1431 et
277 1393 396 1431 adulti
442 1406 571 1431 omnes
616 1394 771 1432 arcendi
806 1399 943 1434 essent.
1000 1395 1133 1447 Neque
1169 1397 1268 1434 enim
1304 1397 1402 1434 inter
1437 1397 1586 1436 adultos
1621 1399 1733 1438 etiam

195 1459 393 1511 quisquam
430 1462 497 1502 est,
535 1459 599 1509 qui
636 1472 719 1496 vere
756 1473 799 1497 ac
835 1460 942 1510 plene
980 1461 1128 1499 credere
1156 1466 1220 1499 aut
1247 1462 1437 1512 poenitere
1463 1463 1594 1513 possit.
1648 1463 1732 1501 Imo

193 1524 314 1572 mag-is
342 1524 459 1561 multo
488 1524 607 1561 adulti
635 1537 764 1561 omnes
792 1538 812 1561 a
840 1525 1036 1575 Baptismo
1064 1526 1217 1563 arcendi
1243 1532 1378 1572 essent,
1407 1540 1449 1564 eo
1478 1527 1578 1578 quod
1607 1532 1733 1579 patra-

193 1588 242 1627 tis
269 1589 343 1626 iam
371 1587 501 1640 per‘sc
527 1588 629 1639 ipsos
656 1589 962 1639 pluri·ss2.S)mis
991 1594 1026 1627 et
1053 1590 1286 1639 gravissimis
1315 1592 1517 1629 sceleribus
1558 1593 1733 1630 omnibus

194 1654 406 1692 infantibus
442 1655 560 1692 multo
596 1668 674 1692 sese
712 1654 943 1694 reddiderint
970 1655 1206 1706 ilnpui·i0reS‚
1234 1657 1548 1707 quemadmodum
1577 1659 1732 1709 Cypria-

195 1733 265 1759 nus
296 1720 415 1758 docet.

247 1784 520 1836 Amplectimur
546 1797 636 1834 ergo
662 1784 824 1823 infantes
852 1799 982 1823 omnes
1010 1785 1055 1823 ad
1085 1787 1319 1837 Baptismum
1345 1787 1384 1825 in
1417 1792 1543 1826 nostra
1564 1788 1734 1826 Ecclesia

195 1849 239 1887 ad
271 1848 519 1887 attestandum
547 1853 583 1887 et
611 1849 732 1887 nostri
759 1850 871 1887 simul
898 1855 933 1888 et
960 1851 1114 1888 illorum
1140 1852 1343 1900 gratuitam
1372 1852 1665 1902 acceptationem
1693 1854 1732 1891 in

194 1915 356 1966 gratiam
384 1915 455 1953 Dei
480 1920 631 1966 propter
661 1915 864 1954 Christum.
916 1916 978 1961 Et,
1005 1930 1218 1967 quanquam
1249 1921 1381 1954 natura
1411 1931 1475 1954 sua
1504 1918 1580 1955 sint
1607 1931 1732 1955 revera

194 1981 263 2018 filii
289 1981 378 2024 irae,
406 1981 575 2030 concepti
604 1984 639 2017 et
667 1979 744 2017 nati
771 1980 810 2017 in
838 1985 988 2031 peccato
1018 1983 1061 2028 ³),
1091 1980 1404 2031 quemadmodum
1432 1986 1468 2019 ct
1497 1994 1564 2019 nos
1593 1995 1734 2028 omnes,

197 2045 338 2084 Christi
363 2049 488 2084 tamen
517 2044 700 2083 beneficio
728 2050 920 2096 peecatum
950 2045 1232 2096 ipsorunhillis,
1260 2046 1574 2096 quemadmodum
1605 2052 1640 2084 et
1663 2060 1732 2084 no-

196 2111 253 2149 bis
284 2114 467 2155 nostrum,
497 2123 572 2147 non
600 2109 808 2160 imputatur
836 2109 881 2147 ad
911 2109 1275 2154 condemnationem,
1303 2116 1454 2162 propter
1483 2125 1592 2163 quem
1619 2112 1728 2150 etiam

196 2175 233 2213 in
261 2175 411 2213 foedere
439 2188 517 2212 esse
546 2180 756 2212 censentur.

245 2240 295 2278 Et
332 2244 374 2277 ut
401 2239 493 2277 certi
520 2239 636 2277 simus
664 2239 828 2277 infantes
857 2243 1008 2277 nostros
1037 2240 1075 2277 in
1105 2240 1253 2278 foedere
1283 2240 1351 2278 Dei
1381 2241 1534 2287 censeri,
1562 2242 1661 2292 quod
1691 2242 1730 2280 in

194 2318 232 2342 se
269 2303 412 2354 alioqui
449 2296 709 2353 complectitur
746 2316 826 2340 eam
865 2304 1164 2341 communionem
1203 2317 1287 2341 cum
1327 2304 1404 2342 Deo
1432 2305 1540 2343 Patre
1568 2310 1604 2343 et
1632 2305 1729 2343 Filio

192 2372 228 2406 et
259 2368 401 2418 Spiritu
430 2372 571 2414 sancto,
599 2368 635 2404 in
666 2381 777 2418 quam
806 2368 984 2405 mandato
1015 2369 1154 2405 Christi
1184 2382 1311 2406 ornnes
1341 2369 1520 2420 baptizari
1547 2370 1732 2413 iubemur,

194 2432 298 2470 verbi
326 2431 444 2469 divini
473 2445 514 2469 ea
543 2431 586 2468 ds·
616 2445 654 2469 re
682 2432 898 2469 testimonia
926 2432 1133 2471 audiamus.
1163 2434 1329 2471 Primum
1357 2434 1475 2482 igitur
1504 2434 1603 2472 Deus
1630 2434 1728 2485 ipse·

195 2501 269 2534 met
304 2496 351 2534 ad
388 2496 643 2545 Abrahamum
683 2497 738 2533 sic
771 2497 836 2540 ait,
873 2509 955 2533 cum
983 2497 1041 2534 illi
1070 2498 1391 2535 circumcisionem
1419 2498 1457 2534 in
1485 2504 1595 2547 gente
1624 2499 1728 2536 dein-

195 2573 278 2612 ceps
308 2575 372 2598 sua
402 2561 674 2599 observandam
693 2562 892 2612 imperaret
911 2562 1026 2610 (Gen.
1050 2565 1148 2610 17.):
1181 2563 1292 2600 nE‘ro
1315 2563 1589 2609 constabiliam,
1607 2564 1731 2615 inquit

194 2626 392 2671 Dominus,
418 2630 570 2676 pactum
598 2639 719 2663 meum
748 2626 846 2663 inter
873 2631 908 2664 te
937 2632 973 2664 et
1009 2641 1079 2671 me,
1108 2632 1143 2665 et
1171 2594 1267 2665 ins
1295 2640 1417 2691 semen
1446 2632 1552 2665 tuum
1580 2636 1665 2678 post
1693 2634 1727 2666 te

192 2692 230 2730 in
261 2690 567 2740 generationibus
597 2692 707 2739 (129)
736 2691 812 2729 suis
841 2691 990 2729 foedere
1018 2693 1257 2743 sempiterno,
1284 2696 1325 2729 ut
1353 2692 1420 2729 sim
1451 2692 1551 2730 Deus
1579 2698 1665 2731 tuus
1693 2698 1729 2731 et

195 2756 295 2794 Deus
324 2755 476 2794 seminis
502 2756 556 2804 tui
586 2760 670 2806 post
697 2756 772 2794 te.''

236 2884 260 2927 ¹)
286 2884 376 2915 Rom.
399 2884 428 2914 4.
640 2883 665 2922 ²)
691 2884 769 2914 Gen.
795 2882 841 2915 17.
1055 2883 1080 2924 3)
1106 2883 1186 2927 Eph.
1210 2883 1238 2916 2.
1286 2883 1369 2916 Psal.
1395 2884 1443 2916 51.
