1830 3147
180 84 240 131 [A.
265 82 310 117 D.
337 81 446 128 1558]
911 79 978 119 758

177 193 213 227 et
247 191 292 227 D.
323 189 536 232 Falkenhan,
569 201 721 236 quorum
754 191 850 225 certe
882 202 957 226 eam
987 190 1201 238 probitatem
1225 191 1329 227 fidem
1355 194 1466 240 atque
1491 193 1712 241 diligentiam

178 251 316 300 experti
341 263 473 294 sumus,
498 252 541 286 ut
566 252 737 298 optemus,
764 250 896 287 multos
920 251 1061 287 illorum
1079 251 1209 289 similes
1226 253 1265 289 in
1282 253 1363 290 aula
1380 255 1463 290 tuae
1481 255 1715 295 Celsitudinis

178 312 296 348 haberi
330 323 464 359 semper
495 323 608 359 posse.
658 311 808 358 Agimus
840 311 953 358 igitur
987 315 1070 348 tuae
1104 312 1317 365 Celsitudini
1349 314 1575 362 peculiariter
1610 317 1716 354 etiam

178 374 308 420 gratias
333 384 396 419 pro
420 371 549 408 additis
573 371 703 408 talibus
729 372 992 418 deductoribus,
1018 373 1186 421 imprimis
1212 377 1331 412 autem
1355 388 1419 423 pro
1437 377 1592 414 Domino
1611 379 1712 416 Hon-

178 434 310 477 dorffio‚
349 433 450 469 cuius
492 434 589 469 certe
631 433 843 481 probitatem
886 434 1072 471 candorem
1105 435 1313 473 modestiam
1345 437 1503 474 studium
1537 450 1578 475 ac
1610 440 1713 477 fidem

178 509 249 533 non
273 507 458 543 possumus
483 497 567 531 tuae
592 495 805 532 Celsitudini
828 508 901 533 non
926 496 1152 543 singulariter
1169 498 1421 543 commendare,
1447 502 1483 536 et
1508 501 1714 548 suppliciter

179 570 288 600 orare,
315 558 358 592 ut
383 559 446 593 tua
471 556 654 593 Celsitudo
677 556 779 593 illum
803 559 926 593 nostra
951 558 1056 594 etiam
1083 570 1187 594 causa
1212 559 1397 596 clementia
1423 573 1463 596 ac
1487 561 1716 599 beneficentia

177 630 239 654 sua
263 618 452 655 clementer
475 618 642 666 prosequi
667 618 844 665 dignetur.
869 619 982 655 Porro
1009 624 1044 655 et
1069 619 1219 667 hospitis
1233 621 1359 664 nostri,
1384 621 1561 658 Francissi
1580 623 1712 660 Gruez-

178 680 325 724 macher,
351 679 464 715 obiter
490 679 595 715 etiam
619 679 820 715 meminisse
844 679 1022 716 voluimus
1046 680 1139 728 apud
1164 683 1261 716 tuam
1289 681 1543 719 Celsitudidem
1568 685 1605 720 et
1630 696 1712 733 sup-

175 742 301 789 plicem
327 743 484 777 nostram
508 753 571 789 pro
596 740 657 777 illo
680 741 886 788 petitionem
904 741 1019 778 denuo
1037 743 1205 789 repetere.
1229 742 1406 790 Exposuit
1423 743 1492 779 iam
1509 744 1610 780 nobis
1629 757 1710 781 cau-

178 817 251 841 sam
275 816 385 846 suam,
410 805 641 851 posteaquam
665 804 749 838 tuae
775 801 986 838 Celsitudini
1011 802 1308 839 valedixissemus.
1333 803 1421 839 Eam
1445 817 1528 841 vero
1546 806 1714 852 quoniam

175 865 295 913 paucis
319 864 487 912 perscribi
510 864 578 900 iam
603 877 673 900 non
698 863 830 911 potuit,
856 864 902 899 D.
928 864 1156 900 Hondorffius
1175 868 1258 901 tuae
1277 865 1490 902 Celsitudini
1508 870 1631 904 nostro
1649 881 1711 904 no-

177 928 269 963 mine
295 931 457 975 exponet.
496 927 646 962 Oramus
672 925 847 973 supplices
871 928 970 962 tuam
997 926 1253 962 Celsitudinem
1280 939 1412 971 omnes,
1437 930 1481 963 ut
1506 928 1581 965 eius
1607 930 1712 966 ratio-

175 1002 253 1026 nem
279 996 343 1025 tua
368 989 562 1032 Celsitudo,
588 987 703 1035 quoad
728 988 803 1024 eius
828 988 904 1024 sine
921 990 1005 1024 tuae
1025 988 1254 1025 Celsitudinis
1272 988 1452 1036 dispendio
1467 990 1543 1026 fieri
1560 992 1706 1038 poterit,

174 1052 363 1089 clementer
388 1051 512 1087 habere
536 1050 635 1087 velit.
660 1051 845 1087 Postremo
871 1051 1037 1098 quoniam
1062 1051 1203 1098 ipsimet
1228 1053 1552 1099 peregrinationum
1578 1053 1710 1090 incom-

174 1115 277 1151 moda
301 1114 420 1162 aliqua
445 1126 487 1150 ex
511 1115 612 1160 parte
636 1125 757 1148 sumus
782 1113 930 1160 experti,
955 1113 1160 1160 putavimus
1186 1113 1291 1149 etiam
1317 1115 1432 1151 nostri
1450 1114 1553 1151 officii
1571 1127 1646 1151 esse
1662 1136 1710 1143 —

173 1179 400 1225 posteaquam
426 1174 527 1211 nobis
553 1175 727 1210 Dominus
753 1174 903 1221 gratiam
929 1174 966 1210 in
985 1174 1096 1210 oculis
1116 1175 1188 1210 tuis
1206 1174 1328 1221 largiri
1345 1175 1514 1221 dignatus
1533 1177 1588 1211 est
1604 1196 1651 1203 -
1668 1179 1711 1212 ut

173 1241 256 1274 tuae
289 1236 501 1273 Celsitudini
531 1236 723 1272 Dominum
748 1235 940 1271 Horatium
966 1235 1168 1279 Curionem,
1196 1236 1311 1271 virum
1338 1249 1401 1284 pro
1427 1238 1543 1272 aetate
1568 1238 1604 1272 et
1630 1236 1708 1273 doc-

175 1302 252 1335 tum
286 1301 322 1334 et
355 1310 497 1344 gravem
532 1301 567 1332 et
592 1297 690 1343 pium
715 1296 1048 1332 commendaremus.
1097 1297 1177 1332 Hoc
1202 1296 1262 1332 ille
1287 1297 1428 1344 quidem
1453 1310 1473 1333 a
1498 1297 1599 1334 nobis
1625 1310 1707 1335 vere

173 1373 245 1397 non
269 1359 384 1407 petiit,
410 1359 497 1406 quin
522 1357 642 1406 potius
667 1359 751 1393 tuae
777 1357 1006 1393 Celsitudinis
1032 1357 1069 1393 111
1094 1370 1130 1393 se
1154 1359 1422 1405 propensionem
1448 1371 1486 1394 ac
1504 1358 1710 1395 munificen-

172 1423 258 1458 tiam
292 1420 414 1457 multis
449 1419 564 1455 verbis
595 1419 822 1466 praedicavit,
856 1418 916 1454 sed
948 1431 1013 1454 nos
1046 1419 1313 1466 peregrinorum
1347 1419 1586 1455 conditionem
1611 1420 1708 1464 alias,

172 1487 214 1520 ut
240 1483 402 1526 diximus,
428 1484 612 1528 utcunque
638 1481 783 1528 experti,
809 1474 1088 1516 existimavimus
1114 1480 1210 1516 illius
1237 1493 1380 1527 quoque
1407 1481 1619 1517 mentionem
1646 1494 1706 1518 no-

171 1545 223 1581 bis
259 1544 351 1592 apud
384 1546 481 1579 tuam
516 1541 770 1578 Celsitudinem
801 1554 881 1577 cum
915 1540 1034 1588 aliqua
1067 1541 1369 1578 commendatione
1401 1541 1593 1578 faciendam
1621 1555 1707 1579 esse.

171 1606 272 1652 Quod
307 1607 418 1641 restat
451 1616 515 1640 nos
540 1606 624 1639 tuae
650 1602 879 1638 Celsitudinis
905 1601 1114 1638 clementiae
1140 1615 1259 1638 omnes
1285 1602 1460 1650 supplices
1487 1604 1704 1640 commenda-

171 1680 259 1710 mus,
294 1672 329 1702 ct
355 1666 468 1702 Deum
495 1677 634 1701 oramus
658 1666 701 1700 ut
725 1667 823 1700 tuam
850 1663 1104 1700 Celsitudinem
1130 1663 1230 1700 nobis
1256 1667 1292 1700 et
1317 1676 1400 1700 suae
1425 1664 1602 1700 Ecclesiae
1627 1665 1704 1701 diu-

170 1729 305 1765 tissime
329 1727 539 1764 incolumem
566 1727 693 1762 servet.
719 1726 843 1761 Amen.
881 1724 1026 1772 Raptim
1050 1724 1235 1761 admodum
1261 1725 1298 1760 in
1322 1725 1562 1771 Heiligenbeil
1587 1727 1630 1773 2),
1658 1727 1700 1762 18

172 1790 303 1839 Aprilis
328 1790 432 1826 Anno
459 1788 604 1836 Domini
629 1788 735 1823 1558.

312 1852 407 1888 Tuae
426 1849 656 1888 Celsitudinis
674 1847 941 1884 Illustrissimae
958 1847 1070 1883 modis
1089 1848 1251 1884 omnibus
1268 1847 1497 1884 addictissimi
1515 1849 1707 1886 servitores

480 1912 649 1949 IOANNES
674 1910 695 1946 a
718 1910 841 1946 Lisco
868 1921 948 1945 cum
973 1908 1117 1956 collegis
1144 1910 1217 1945 suis
1244 1908 1405 1946 omnibus
1431 1922 1475 1946 m.
1502 1922 1556 1957 pr.

214 2015 238 2052 ¹)
263 2013 312 2044 Se.
341 2023 400 2054 pro
430 2010 674 2053 opportunitate
704 2007 858 2050 colloquii
887 2007 961 2039 data
992 2008 1046 2047 (cf.
1070 2018 1120 2049 cp.
1147 2008 1217 2048 130)
1249 2010 1280 2039 ct
1302 2007 1440 2049 benigno
1463 2007 1616 2050 hospitio,
1640 2018 1702 2048 quo

169 2080 241 2101 eum
264 2069 337 2100 Dux
360 2069 534 2110 receperat.
579 2068 605 2106 2)
628 2066 701 2098 Non
732 2065 845 2107 procul
869 2075 886 2096 a
909 2064 1028 2102 littore,
1053 2075 1070 2095 a
1092 2066 1183 2106 parte
1208 2065 1294 2107 Sept.
1318 2064 1346 2096 si
1368 2064 1513 2106 chiom.
1536 2064 1569 2096 in
1591 2064 1706 2097 Polon.

168 2124 289 2156 redeas.

168 2305 203 2341 N
207 2309 234 2342 0.
259 2305 341 2340 134.
870 2302 931 2346 [Ex.
950 2301 1014 2333 arch.
1031 2300 1111 2339 Lond„
1127 2301 1190 2331 State
1201 2300 1297 2341 Papus,
1314 2300 1422 2341 Foreign,
1435 2300 1549 2332 Elizaheth
1559 2298 1701 2345 110.·130>4.]

697 2407 753 2443 Ad
778 2406 960 2445 RmmAM
984 2406 1166 2442 Arteman.

215 2520 440 2557 Serenissima
464 2518 563 2554 iuxta
587 2529 627 2553 ac
653 2513 950 2564 Christianissima
974 2513 1111 2559 Regina
1137 2514 1173 2548 et
1199 2511 1361 2554 Domina,
1380 2510 1533 2547 Domina
1550 2511 1698 2547 clemen-

166 2582 318 2620 tissima!
353 2580 510 2617 Gratiam
542 2591 659 2627 pacem
693 2577 847 2624 bonique
879 2588 918 2611 ac
952 2574 1116 2610 salutaris
1147 2572 1285 2610 consilii
1310 2572 1475 2620 spiritum
1500 2572 1538 2607 in
1563 2560 1698 2607 insta-u-

166 2644 275 2680 rando
309 2643 388 2679 istic
422 2641 494 2677 tuis
526 2641 593 2675 iam
626 2638 790 2686 auspiciis
825 2649 909 2673 vero
935 2635 1036 2672 cultu
1062 2635 1129 2671 Dei
1163 2637 1200 2670 et
1233 2646 1314 2670 vera
1338 2632 1517 2680 religione,
1544 2631 1698 2668 divinam

167 2706 251 2741 item
286 2704 321 2739 in
347 2703 499 2751 politicis
527 2701 723 2738 actionibus
758 2699 831 2735 tuis
865 2697 1027 2734 omnibus
1061 2695 1339 2731 benedictionem
1365 2696 1400 2730 et
1425 2692 1563 2729 assidua
1588 2692 1696 2730 dono-

165 2780 244 2803 rum
277 2767 345 2802 Dei
375 2766 413 2801 111
446 2769 482 2801 te
516 2765 731 2801 incrementa
762 2763 799 2798 111
824 2760 1051 2809 praecellenti
1077 2772 1116 2795 ea
1141 2771 1236 2795 nunc
1262 2746 1447 2794 vocatione
1472 2759 1544 2800 tua,
1570 2769 1693 2803 precor

164 2829 230 2865 tibi
262 2827 465 2875 suppliciter
491 2840 510 2862 a
536 2827 611 2862 Deo
637 2826 745 2861 Patre
772 2828 894 2859 nostro
920 2821 1066 2858 coelesti
1090 2834 1151 2869 per
1178 2820 1359 2856 Christum
1385 2817 1588 2860 Dominum,
1615 2818 1693 2855 Ser-

169 2893 328 2927 vatorem
363 2891 399 2924 et
430 2887 638 2924 Pontificem
669 2888 842 2928 nostrum,
873 2896 953 2920 cum
996 2887 1165 2931 perpetua
1197 2880 1387 2927 cademque
1426 2878 1698 2927 diligentissima
