1830 3147
230 146 294 193 [A.
318 146 363 183 D.
389 145 501 194 1549]
963 146 1035 182 628

239 255 302 293 N'.
327 255 383 293 58.
1433 257 1543 304 [θοι-(1.
1559 270 1582 295 s.
1598 261 1681 297 alib.
1693 259 1770 307 648.]

787 374 843 412 Ad
873 375 1229 414 HARDENBERGIUM.

281 496 336 532 En
359 507 423 543 ego
447 495 493 532 ad
517 499 562 537 te,
588 495 634 532 mi
658 495 829 533 Alberte!
853 496 881 533 si
907 497 1000 533 vales
1026 500 1062 534 et
1083 509 1148 545 ego
1172 497 1283 534 valeo.
1310 499 1358 534 Et
1378 502 1573 536 nostrorum
1594 505 1777 537 metamor-

232 558 356 604 phoses
393 556 509 599 audio,
544 556 657 598 doleo,
694 556 753 593 sed
787 557 880 594 aliud
919 571 989 595 non
1014 571 1154 606 possum
1180 571 1282 606 quam
1308 559 1435 597 dolere.
1483 560 1714 598 Chamaeleon
1744 564 1773 607 ¹)

231 618 342 665 possit
368 616 617 663 unligdammu,
645 618 762 665 itaque
787 618 956 667 gbaelagk
983 619 1056 655 Uni
1080 623 1154 656 orat
1179 620 1387 657 emelbatnin
1413 623 1448 656 et
1474 621 1656 669 pollicetur
1682 622 1771 658 mul-

231 682 279 716 ta.
313 678 386 714 Hic
410 678 523 714 adhue
550 678 686 715 haereo.
723 679 775 714 En
803 681 878 726 paei
905 680 1014 716 matin
1038 693 1091 717 me
1116 684 1220 716 vocat
1245 681 1289 716 ad
1314 693 1349 717 se
1375 682 1620 720 amantissime.
1647 683 1773 720 Multis

230 740 371 776 videtur
394 739 495 775 melle
519 739 600 775 litus
625 739 774 787 gladius.
801 741 878 789 Ego
903 745 1019 778 tamen
1041 742 1076 778 in
1101 743 1240 778 nomine
1265 742 1331 778 Dei
1356 742 1440 780 illuc
1464 743 1530 781 ibo.

279 800 400 836 Amasi
435 800 560 836 iuniori
585 799 613 843 2)
647 800 702 837 dic
740 812 881 848 quaeso,
910 815 988 839 eum
1018 803 1127 850 [apud
1153 803 1304 850 Ducem]
1335 802 1365 848 3)
1391 803 1544 840 delatum
1568 816 1653 846 esse,
1681 806 1771 852 quod

232 873 320 910 quae
360 861 452 897 inter
484 861 577 907 ipsos
625 861 777 908 [secreta
810 863 966 910 manere]
1005 863 1187 907 debebant,
1221 865 1290 900 sint
1331 864 1505 912 [detecta]
1546 868 1581 901 et
1614 877 1769 912 magnam

228 923 278 958 illi
308 922 476 962 ,invidiam
512 924 698 958 moverint.
749 923 864 960 Valde
900 925 1044 961 miratur
1069 926 1197 963 factum
1225 929 1260 961 et
1287 927 1390 961 trium
1418 926 1536 962 literas
1563 926 1644 963 mihi
1669 938 1772 974 super

228 979 269 1019 ea
302 995 338 1018 re
369 983 534 1025 ostendit,
568 995 678 1031 neque
709 985 860 1032 ⁴amplius
897 998 934 1022 se
973 985 1050 1022 vult
1075 986 1147 1022 ullo
1173 986 1276 1022 modo
1301 986 1382 1023 huic
1407 988 1548 1034 negotio
1573 989 1772 1030 immiscere,

230 1043 300 1079 und
326 1044 396 1080 will
421 1047 525 1092 gantz
550 1044 676 1080 desfals
702 1045 869 1083 abstehen
895 1047 965 1082 und
993 1047 1191 1084 unbedacht
1216 1060 1312 1095 seyn.
1352 1048 1420 1084 His
1446 1049 1534 1085 enim
1558 1050 1670 1085 verbis
1697 1049 1772 1097 pla-

227 1118 271 1142 ne
296 1110 350 1142 est
375 1119 471 1143 usus.
497 1106 544 1142 Et
566 1119 606 1142 ea
632 1107 754 1144 Amasi
780 1120 841 1155 per
866 1121 919 1144 me
946 1109 1134 1157 significari
1161 1110 1285 1146 voluit.
1341 1111 1523 1146 Praeterea
1549 1110 1602 1157 [et
1629 1112 1767 1147 fratrem

227 1179 326 1202 sunm
354 1167 510 1214 moneat]
539 1170 709 1214 quantum
737 1171 864 1215 potest,
889 1181 933 1205 ne
957 1170 1146 1217 quidquam
1170 1170 1310 1206 omnino
1334 1174 1416 1217 agat
1441 1183 1569 1214 eorum,
1587 1183 1675 1219 quae
1688 1183 1766 1218 pro-

227 1230 400 1274 posuerat,
424 1227 485 1263 sed
514 1227 568 1274 [et
592 1228 664 1275 ipse
689 1240 726 1264 se
750 1229 954 1276 submittat]
984 1234 1019 1266 et
1044 1231 1124 1267 huic
1150 1230 1372 1278 persuadeat,
1398 1234 1438 1266 ut
1463 1243 1499 1267 se
1523 1231 1663 1268 inclinet
1692 1231 1767 1277 [ve-

228 1289 388 1335 niamque
414 1288 497 1334 sibi]
526 1291 700 1334 procuret.
743 1289 840 1326 Haec
867 1294 982 1327 tamen
1008 1291 1058 1327 illi
1084 1292 1261 1333 annuntia.
1287 1304 1427 1339 quaeso,
1459 1291 1618 1328 Debebat
1643 1304 1703 1339 per
1728 1295 1763 1328 te

228 1349 403 1384 remittere
435 1349 478 1384 ad
505 1361 613 1385 meam
642 1350 686 1385 86
713 1351 859 1387 taleros:
884 1352 911 1387 si
937 1353 1059 1389 fecerit
1085 1354 1170 1389 bene
1196 1357 1259 1395 est,
1284 1354 1338 1390 sin
1363 1355 1489 1395 minus.
1515 1366 1599 1401 rogo
1626 1367 1686 1402 per
1709 1357 1758 1397 te.

224 1413 265 1446 ut
290 1410 417 1450 mittat,
441 1422 519 1446 nam
545 1410 619 1446 eius
644 1415 734 1458 eget.
760 1412 867 1449 Plura
892 1416 1027 1461 tempus
1051 1415 1200 1452 seribere
1226 1427 1295 1452 non
1320 1415 1501 1462 permittit.
1528 1415 1617 1452 Vale
1644 1416 1758 1453 Prima

227 1471 381 1518 Augusti
410 1471 579 1508 Dantisci.
607 1472 710 1508 Anno
732 1474 836 1511 1549.

273 1533 416 1569 Salvere
441 1533 541 1569 iubeo
567 1533 692 1569 fratres
718 1546 836 1571 omnes
863 1537 899 1570 et
924 1535 1089 1582 imprimis
1118 1539 1226 1572 tuam.
1372 1537 1519 1573 Manum
1546 1538 1652 1575 nosti.

267 1643 294 1684 ¹)
319 1642 427 1674 Clavis
459 1643 574 1675 horum
604 1644 703 1686 periit
731 1647 763 1676 et
786 1647 863 1677 sunt
883 1646 1045 1688 pauciora,
1071 1657 1166 1688 quam
1190 1648 1225 1679 nt
1248 1648 1316 1678 arte
1340 1646 1445 1688 detegi
1468 1647 1604 1689 possint.
1647 1648 1675 1688 2)
1699 1648 1764 1680 Sub

223 1698 283 1731 hoc
307 1700 436 1731 nomine
459 1700 574 1732 Comes
597 1700 786 1732 Mansfeldii
810 1700 900 1733 latet.
924 1701 975 1733 Cf.
999 1713 1047 1744 ep.
1072 1703 1111 1734 61
1129 1703 1155 1734 B
1179 1703 1218 1734 ad
1240 1703 1324 1735 Due.
1345 1703 1457 1736 Pruss.
1486 1703 1513 1744 3)
1532 1704 1620 1736 Haec
1637 1707 1668 1737 et
1683 1715 1763 1747 quae

228 1757 405 1796 sequuntur
429 1766 465 1786 cx
489 1756 674 1788 coniectura
697 1756 843 1798 apposui.
887 1756 959 1799 Quo
984 1757 1052 1790 iure
1075 1757 1184 1790 videas
1206 1758 1238 1790 in
1263 1757 1323 1801 Ep.
1347 1759 1384 1790 61
1398 1759 1436 1792 B.

221 1937 284 1975 N‘.
311 1939 368 1974 59.
1328 1940 1376 1987 [Er
1393 1942 1462 1979 Ateii.
1475 1944 1541 1979 Soet.
1556 1944 1614 1985 lleg.
1635 1941 1758 1988 Region]

771 2048 829 2085 Acl
854 2047 994 2086 DucEM
1019 2046 1219 2085 Paussmn.

267 2168 385 2205 Tertio
409 2167 543 2205 decimo
568 2173 646 2216 post
672 2180 784 2206 meum
810 2182 828 2206 e
853 2169 1024 2206 Dantisco
1048 2169 1179 2206 abitum
1206 2169 1262 2206 die
1287 2170 1354 2208 hue
1380 2171 1505 2218 (gratia
1531 2169 1622 2216 Deo)
1646 2169 1761 2207 salvus

223 2240 262 2266 ae
296 2229 476 2267 incolumis
511 2232 663 2277 perveni,
700 2242 741 2267 ac
768 2242 861 2267 meos
893 2230 1030 2278 quidem
1056 2230 1183 2274 ¹salvos
1219 2231 1338 2268 divino
1371 2232 1535 2268 beneficio
1561 2231 1669 2279 reperi
1688 2244 1759 2267 om-
1785 2228 1789 2230 ’

223 2302 296 2327 nes.
328 2292 513 2326 Caeterum
540 2291 682 2327 sormam
708 2291 883 2338 religionis
909 2303 1049 2338 prorsus
1076 2293 1245 2328 mutatam
1272 2292 1397 2328 inveni.
1435 2291 1492 2327 Ad
1518 2291 1601 2327 haee
1628 2294 1663 2326 et
1689 2291 1759 2337 ipse

224 2350 343 2387 morbo
386 2350 542 2397 protinus
586 2354 777 2398 correptus:
824 2351 1011 2388 etiamnum
1051 2351 1210 2400 langueo,
1245 2364 1355 2399 neque
1393 2364 1453 2399 pro
1487 2364 1527 2388 eo
1560 2364 1599 2388 ac
1634 2351 1756 2387 vellem

221 2412 336 2447 omnia
370 2413 451 2446 tuae
489 2410 698 2447 Celsitudini
736 2424 796 2460 per
832 2412 1066 2448 valetudinem
1102 2412 1312 2460 perscribere
1338 2425 1490 2460 possum.
1542 2412 1756 2458 Complectar-

221 2485 309 2520 quae
335 2475 456 2520 potero
481 2473 587 2520 igitur
610 2476 646 2509 et
669 2474 764 2510 tuam
792 2473 1043 2509 Celsitudinem
1070 2486 1130 2510 oro
1156 2477 1194 2510 ut
1217 2487 1325 2510 meam
1351 2487 1443 2512 nunc
1467 2474 1647 2520 infantiam
1676 2473 1753 2508 boni

223 2534 403 2570 consulere
435 2533 534 2569 velit.
584 2534 762 2582 Exponam
790 2537 903 2571 autem
930 2534 1069 2571 modum
1096 2546 1136 2571 ac
1162 2547 1378 2583 progressum
1404 2538 1543 2582 caeptae
1570 2534 1623 2569 hic
1650 2537 1756 2569 muta-

223 2596 325 2631 tionis
358 2596 392 2630 in
427 2595 602 2642 religionis
636 2608 753 2632 causa.
803 2596 890 2631 Cum
927 2596 1092 2644 Princeps
1126 2609 1200 2632 mea
1226 2601 1418 2643 urgeretur,
1446 2597 1511 2631 iam
1538 2598 1616 2641 post
1644 2606 1753 2647 meum

221 2656 310 2693 istuc
329 2659 355 2701 ¹)
381 2656 525 2700 abitum,
553 2660 593 2693 ut
617 2658 840 2705 responderet
865 2658 1014 2700 omnino,
1040 2671 1123 2694 num
1148 2658 1337 2695 doctrinam
1365 2660 1400 2694 et
1424 2656 1670 2692 ordinationem
1698 2656 1754 2692 In-

221 2718 457 2754 terimisticam
483 2718 518 2754 in
543 2730 605 2754 sua
631 2718 881 2767 liberorumque
906 2731 1046 2754 suorum
1072 2719 1202 2755 ditione
1227 2719 1376 2766 recipere
1395 2717 1511 2758 vellet,
1539 2720 1635 2752 erant
1664 2717 1756 2752 inter

222 2779 455 2820 consiliarios,
484 2779 544 2827 qui
565 2780 679 2816 omnia
705 2780 875 2816 tentanda
900 2792 974 2816 esse
1000 2779 1195 2823 suaderent,
1222 2781 1252 2816 si
1277 2779 1446 2828 quomodo
1468 2776 1605 2825 publica
1625 2778 1754 2824 patriae

223 2840 456 2887 tranquillitas
492 2840 629 2876 retineri
665 2844 793 2888 posset.
842 2840 900 2877 Ita
930 2840 1067 2877 demum
1093 2853 1272 2877 assensum
1305 2843 1358 2875 est
1382 2838 1425 2874 ab
1451 2838 1610 2874 omnibus
1635 2839 1755 2874 aulicis

222 2900 435 2942 consiliariis,
487 2903 526 2936 ut
564 2913 653 2938 nova
692 2901 858 2949 quaedam
899 2901 1074 2938 doctrinae
1117 2904 1153 2938 et
1190 2899 1479 2938 caeremoniarum
1518 2899 1756 2935 institueretur
1814 2924 1817 2927 »

221 2962 341 3006 forma,
380 2960 526 2998 collecta
560 2961 721 2998 videlicet
754 2974 792 2997 ex
821 2961 960 2999 aliunde
985 2962 1102 3008 petitis
1129 2961 1270 3009 (pridem
1299 2960 1400 2997 etiam
1427 2958 1540 3005 sactis)
1570 2959 1759 2996 ordinatio·
