1830 3147
157 99 203 136 98

156 212 272 251 totius
317 211 616 263 explicationem.
671 212 711 249 Is
749 225 836 250 vero
874 212 1033 263 singulis
1070 212 1203 250 diebus
1239 212 1450 251 Dominicis
1498 212 1699 257 ordinarie,

158 277 231 314 nisi
275 276 364 326 quid
410 275 512 312 aliud
555 275 791 322 interveniat,
836 276 941 314 iuxta
993 277 1156 327 capitum
1193 276 1364 314 ordinem
1404 275 1441 314 et
1477 276 1641 325 exigitur
1677 290 1698 314 a

156 342 282 392 pueris
309 340 420 391 paulo
447 340 521 377 iam
550 340 799 379 adultioribus
836 341 873 379 et
909 354 973 392 per
1003 341 1256 379 Ecclesiasten
1284 341 1504 392 explicatur,
1532 341 1578 378 ad
1599 341 1699 379 hunc

157 406 323 444 modum,

208 470 455 520 Posteaquam
484 469 729 509 Ecclesiastes
757 469 796 507 in
822 469 1080 521 pomeridiana
1109 470 1288 508 concione
1330 469 1551 521 explicando
1581 469 1699 521 scrip-

155 539 272 580 turae,
300 548 410 585 quam
439 537 708 584 e-(98)narrat‚
737 535 858 573 textui
888 537 980 586 (quo
1007 536 1091 572 loco
1121 549 1229 573 mane
1257 535 1492 584 substiterat)
1523 534 1697 572 dimidia-

157 605 232 637 tam
259 600 344 650 plus
373 600 497 637 minus
527 600 657 637 boram
684 600 878 651 impendit,
907 600 1091 651 reliquum
1111 604 1256 652 tempus
1276 601 1432 638 insumit
1452 600 1491 638 in
1511 600 1697 650 exigendo

156 670 192 701 et
227 664 451 715 explicando
478 666 619 703 maiore
647 664 896 710 Catechismo,
922 678 1082 716 pergens
1108 665 1177 702 ubi
1202 665 1375 716 proxima
1403 669 1489 703 ante
1518 664 1699 702 concione

157 730 328 768 desierat.
383 730 591 768 Consident
627 735 752 768 autem
779 744 799 768 e
837 730 990 779 regione
1021 731 1189 779 suggesti
1216 730 1323 781 pueri
1349 730 1546 780 utriusque
1574 742 1697 775 sexus,

157 795 234 846 qui,
270 800 514 846 posteaquam
543 795 727 833 minorem
758 795 1036 832 Catechismum
1075 793 1322 840 edidicerunt,
1351 794 1388 832 in
1419 795 1558 831 maiore
1584 793 1697 831 etiam

157 861 392 899 Catechismo
429 865 492 898 aut
529 874 592 911 per
628 864 800 911 parentes
839 873 925 899 suos
963 865 1027 897 aut
1071 873 1134 910 per
1173 859 1383 897 didascalos
1429 859 1694 898 instituuntur.

155 925 305 963 Horum
341 925 494 963 nomina
528 925 775 963 Ecclesiastes
811 926 850 963 in
889 926 1060 974 catalogo
1098 925 1310 975 conscripta
1346 925 1468 970 habet,
1498 925 1562 975 qui
1589 937 1697 975 prae·

153 991 279 1029 sertim
326 992 431 1029 iuxta
475 991 573 1029 vices
618 990 801 1042 quasdam
846 991 967 1042 capita
1016 990 1243 1028 Catecbismi
1280 989 1503 1041 explicanda
1540 989 1697 1027 recitare

153 1056 301 1094 debent.
357 1057 417 1093 Ab
447 1056 504 1093 his
533 1055 648 1104 igitur
676 1055 808 1093 ordine
836 1069 902 1092 suo
931 1043 1119 1101 omnibus,
1148 1060 1190 1092 ut
1217 1055 1256 1092 in
1287 1055 1459 1105 catalogo
1489 1054 1694 1105 conscripti

154 1121 350 1166 habentur,
378 1120 480 1158 iubet
511 1120 757 1157 Ecclesiastes
788 1120 948 1165 recitari,
977 1133 1070 1170 quae
1099 1119 1353 1171 explicaturus
1382 1124 1450 1164 est,
1469 1118 1695 1156 catechismi
1750 1114 1754 1120 ⁴

154 1187 273 1237 capita
318 1187 465 1235 singula
511 1190 547 1223 et
592 1186 748 1223 recitata
793 1185 924 1222 ordine
962 1186 1074 1223 etiam
1109 1185 1272 1236 explicat
1307 1185 1506 1236 fontesque
1542 1184 1694 1221 illorum

151 1252 191 1290 in
228 1253 434 1304 scripturis,
469 1251 569 1289 unde
598 1256 685 1289 sunt
714 1251 920 1301 desumpta,
950 1254 1234 1295 commonstrat,
1270 1250 1324 1287 sic
1350 1254 1393 1287 ut
1422 1262 1498 1288 non
1527 1249 1574 1287 ad
1602 1261 1693 1300 pue-

150 1330 212 1354 ros
248 1320 406 1364 tantum,
442 1315 506 1352 sed
534 1315 580 1353 ad
610 1314 768 1352 maiores
797 1328 944 1365 quoque
973 1315 1119 1352 fructus
1147 1314 1333 1365 pertineat
1359 1313 1546 1352 eiusmodi
1574 1313 1695 1364 expli-

150 1381 321 1426 cationis,
355 1384 391 1418 et
436 1380 542 1431 pueri
587 1380 738 1418 interim
784 1380 831 1417 ab
869 1380 961 1431 ipsis
999 1380 1076 1417 fere
1111 1379 1353 1417 incunabulis
1383 1378 1419 1416 et
1449 1378 1550 1416 domi
1577 1392 1598 1415 a
1625 1392 1693 1429 pa-

148 1446 320 1484 rentibus
365 1449 400 1483 et
436 1458 457 1482 a
492 1444 763 1494 ludimagistris
800 1445 837 1482 et
882 1444 1032 1496 publice
1068 1441 1159 1482 item
1194 1443 1236 1481 in
1281 1447 1389 1482 coetu
1425 1443 1616 1481 Ecclesiae
1653 1444 1692 1481 in

148 1511 331 1561 religione
356 1510 617 1549 instituantur.

203 1575 378 1626 Exigitur
415 1588 501 1612 vero
539 1574 651 1612 simul
688 1579 722 1612 et
759 1574 967 1625 explicatur
998 1574 1235 1631 inai·(99)or
1265 1574 1326 1611 hic
1355 1573 1614 1611 Catecbismus
1643 1573 1690 1611 ad

150 1641 311 1692 spatium
348 1640 563 1677 dimidiatae
599 1640 682 1690 plus
720 1639 846 1676 minus
884 1639 1008 1685 horae,
1046 1653 1113 1690 pro
1154 1652 1197 1677 eo
1242 1652 1285 1676 ac
1320 1642 1467 1690 tempus
1505 1639 1588 1676 fert.
1645 1637 1702 1675 Etv

153 1708 300 1744 demum
338 1705 584 1743 Ecclesiastes
622 1705 766 1742 orditur
794 1717 920 1755 preces
956 1705 1126 1755 publicas
1165 1704 1366 1749 Ecclesiae,
1403 1703 1540 1755 quibus
1579 1703 1692 1741 abso-

150 1771 239 1808 lutis
277 1772 441 1821 psalmus
470 1771 616 1807 canitur
645 1773 680 1806 et
708 1769 858 1807 demum
886 1769 1087 1807 dimittitur
1117 1769 1285 1806 Ecclesia
1314 1782 1396 1806 cum
1426 1767 1691 1806 benedictione

149 1842 185 1874 et
222 1850 423 1888 pauperum
463 1835 800 1880 emuniendatione,
837 1835 1152 1886 quemadmodum
1191 1848 1301 1885 supra
1340 1834 1480 1872 dictum
1511 1838 1567 1871 est
1596 1834 1691 1870 circa

148 1903 259 1940 ritum
290 1902 524 1947 concionum,
553 1914 647 1952 quae
673 1900 805 1945 diebus
833 1900 1044 1938 Dominicis
1073 1900 1272 1939 habentur.

301 2034 437 2071 Forma
473 2031 696 2069 admittendi
734 2030 985 2068 adolescentes
1019 2031 1223 2080 pueritiam
1253 2042 1536 2079 superefflessos

608 2097 658 2135 ad
702 2100 844 2135 Coenae
871 2096 1091 2134 Dominioae
1118 2110 1229 2135 usum.

203 2229 323 2275 Pueri,
351 2227 415 2279 qui
441 2239 581 2265 annum
620 2224 981 2276 quartumdecimum
1020 2224 1092 2260 iam
1131 2222 1349 2272 attigerunt,
1379 2226 1413 2260 et
1441 2221 1480 2259 in
1509 2221 1691 2271 religione

147 2295 199 2332 ita
236 2298 324 2331 sunt
356 2291 535 2335 instituti,
572 2294 612 2328 ut
649 2289 695 2327 ad
733 2289 932 2340 praecipua
967 2287 1163 2337 religionis
1199 2287 1319 2338 capita
1347 2285 1573 2337 respondere
1600 2298 1687 2335 pos-

150 2358 236 2403 sint,
272 2356 315 2393 ad
358 2369 461 2393 usum
503 2356 648 2392 Cocnae
686 2352 908 2390 Dominicae
938 2365 1022 2389 cum
1050 2352 1191 2402 reliqua
1223 2351 1391 2388 Ecclesia
1420 2350 1686 2387 admittuntur.

149 2423 247 2460 Octo
287 2421 416 2459 diebus
452 2426 590 2466 tamen,
625 2423 823 2470 antequam
862 2418 985 2455 Coena
1022 2417 1070 2454 sit
1112 2416 1337 2467 peragenda,
1375 2415 1513 2453 aedunt
1540 2414 1690 2465 publice

151 2501 274 2524 coram
302 2492 380 2523 tota
407 2485 576 2523 Ecclesia
607 2484 692 2521 fidei
720 2497 806 2521 suae
835 2482 1121 2527 confessionem,
1151 2481 1196 2518 ad
1227 2481 1326 2518 hunc
1353 2480 1518 2517 modum.

201 2552 376 2590 Proxima
405 2551 616 2593 Dominica,
657 2553 855 2599 antequam
886 2548 1009 2585 Coena
1038 2545 1248 2597 peragenda
1279 2545 1338 2591 sit,
1365 2545 1436 2582 hoc
1456 2548 1525 2589 est,
1553 2550 1686 2581 octavo

148 2621 233 2654 ante
262 2617 424 2653 Coenam
455 2614 525 2658 die,
552 2617 636 2665 post
666 2613 876 2650 absolutam
906 2611 1127 2649 concionem
1154 2609 1451 2662 pomeridianam
1471 2621 1554 2645 cuin
1573 2609 1685 2656 (100)

149 2679 375 2718 Catechismi
394 2678 642 2729 explicatione
654 2682 688 2715 et
700 2676 860 2727 publicis
874 2676 1064 2713 Ecclesiae
1077 2675 1251 2726 precibus
1264 2673 1452 2717 omnibus,
1462 2673 1683 2723 priusquam

148 2746 319 2783 Psalmus
350 2747 516 2787 canatur,
543 2742 656 2793 pueri,
686 2741 749 2792 qui
776 2741 938 2792 primum
965 2740 1133 2778 omnium
1163 2740 1209 2777 ad
1239 2740 1402 2776 Coenam
1432 2742 1520 2775 sunt
1549 2736 1686 2774 admit-

146 2810 263 2854 tendi,
290 2810 329 2847 in
359 2811 560 2859 conspectu
588 2807 703 2844 totius
733 2805 922 2843 Ecclesiae
949 2818 1014 2856 per
1033 2809 1205 2856 parentes
1220 2817 1307 2841 suos
1327 2807 1390 2840 aut
1405 2802 1467 2853 qui
1488 2805 1684 2853 parentum

145 2876 228 2915 loco
258 2879 356 2921 sunt,
384 2875 487 2912 iussu
516 2872 684 2911 Ministri
712 2872 970 2923 producuntur
998 2874 1120 2921 atquc,
1149 2868 1384 2908 adstantibus
1412 2868 1486 2905 illis
1515 2867 1683 2918 ipsorum
