<?xml version="1.0" encoding="UTF-8"?>
<!DOCTYPE html PUBLIC "-//W3C//DTD XHTML 1.0 Transitional//EN"
    "http://www.w3.org/TR/xhtml1/DTD/xhtml1-transitional.dtd">
<html xmlns="http://www.w3.org/1999/xhtml" xml:lang="en" lang="en">
 <head>
  <title>
</title>
<meta http-equiv="Content-Type" content="text/html;charset=utf-8" />
  <meta name='ocr-system' content='tesseract 3.04.00' />
  <meta name='ocr-capabilities' content='ocr_page ocr_carea ocr_par ocr_line ocrx_word'/>
</head>
<body>
  <div class='ocr_page' id='page_1' title='image "./operatameditaqua02lask_0511.png"; bbox 0 0 1830 3147; ppageno 0'>
   <div class='ocr_carea' id='block_1_1' title="bbox 508 127 1455 165">
    <p class='ocr_par' dir='ltr' id='par_1_1' title="bbox 508 127 1455 165">
     <span class='ocr_line' id='line_1_1' title="bbox 508 127 1455 165; baseline 0 0"><span class='ocrx_word' id='word_1_1' title='bbox 508 136 657 165; x_wconf 67' lang='lat' dir='ltr'>Bur-:vis</span> <span class='ocrx_word' id='word_1_2' title='bbox 685 135 797 163; x_wconf 69' lang='lat' dir='ltr'>rimu</span> <span class='ocrx_word' id='word_1_3' title='bbox 828 135 996 164; x_wconf 68' lang='lat' dir='ltr'>nxpton.</span> <span class='ocrx_word' id='word_1_4' title='bbox 1382 127 1455 165; x_wconf 87' lang='lat'>491</span> 
     </span>
    </p>
   </div>
   <div class='ocr_carea' id='block_1_2' title="bbox 55 238 1750 2026">
    <p class='ocr_par' dir='ltr' id='par_1_2' title="bbox 55 238 1238 354">
     <span class='ocr_line' id='line_1_2' title="bbox 55 238 1238 290; baseline -0.003 -8"><span class='ocrx_word' id='word_1_5' title='bbox 55 255 143 283; x_wconf 85' lang='lat' dir='ltr'>naer</span> <span class='ocrx_word' id='word_1_6' title='bbox 172 242 277 280; x_wconf 81' lang='lat' dir='ltr'>Gods</span> <span class='ocrx_word' id='word_1_7' title='bbox 304 241 349 287; x_wconf 85' lang='lat' dir='ltr'>is,</span> <span class='ocrx_word' id='word_1_8' title='bbox 376 241 453 280; x_wconf 84' lang='lat' dir='ltr'>niet</span> <span class='ocrx_word' id='word_1_9' title='bbox 480 243 516 279; x_wconf 88' lang='lat' dir='ltr'>te</span> <span class='ocrx_word' id='word_1_10' title='bbox 544 240 738 290; x_wconf 83' lang='lat' dir='ltr'>vergheefs</span> <span class='ocrx_word' id='word_1_11' title='bbox 768 239 830 278; x_wconf 84' lang='lat' dir='ltr'>het</span> <span class='ocrx_word' id='word_1_12' title='bbox 858 238 1014 278; x_wconf 81' lang='lat' dir='ltr'>sweerdt</span> <span class='ocrx_word' id='word_1_13' title='bbox 1041 238 1238 279; x_wconf 85' lang='lat' dir='ltr'>voerende.</span> 
     </span>
     <span class='ocr_line' id='line_1_3' title="bbox 608 303 900 354; baseline 0.01 -13"><span class='ocrx_word' id='word_1_14' title='bbox 608 304 761 354; x_wconf 84' lang='lat' dir='ltr'>Vraghe</span> <span class='ocrx_word' id='word_1_15' title='bbox 787 308 834 343; x_wconf 85' lang='lat'>38</span> <span class='ocrx_word' id='word_1_16' title='bbox 857 303 900 353; x_wconf 84' lang='lat'>¹).</span> 
     </span>
    </p>

    <p class='ocr_par' dir='ltr' id='par_1_3' title="bbox 105 367 1462 421">
     <span class='ocr_line' id='line_1_4' title="bbox 105 367 1462 421; baseline -0.002 -12"><span class='ocrx_word' id='word_1_17' title='bbox 105 373 184 421; x_wconf 86' lang='lat' dir='ltr'>Sijn</span> <span class='ocrx_word' id='word_1_18' title='bbox 215 371 240 409; x_wconf 81' lang='grc'>’1</span> <span class='ocrx_word' id='word_1_19' title='bbox 268 371 363 409; x_wconf 91' lang='lat' dir='ltr'>oock</span> <span class='ocrx_word' id='word_1_20' title='bbox 393 370 468 408; x_wconf 78' lang='lat' dir='ltr'>alle‘</span> <span class='ocrx_word' id='word_1_21' title='bbox 496 369 676 408; x_wconf 87' lang='lat' dir='ltr'>kinderen</span> <span class='ocrx_word' id='word_1_22' title='bbox 709 369 814 408; x_wconf 77' lang='lat' dir='ltr'>Gods</span> <span class='ocrx_word' id='word_1_23' title='bbox 844 369 903 407; x_wconf 85' lang='lat' dir='ltr'>die</span> <span class='ocrx_word' id='word_1_24' title='bbox 930 370 1016 418; x_wconf 88' lang='lat'>(13)</span> <span class='ocrx_word' id='word_1_25' title='bbox 1045 368 1135 407; x_wconf 78' lang='lat' dir='ltr'>haer</span> <span class='ocrx_word' id='word_1_26' title='bbox 1161 372 1218 407; x_wconf 81' lang='lat' dir='ltr'>tot</span> <span class='ocrx_word' id='word_1_27' title='bbox 1245 367 1291 406; x_wconf 89' lang='lat' dir='ltr'>de</span> <span class='ocrx_word' id='word_1_28' title='bbox 1319 375 1462 406; x_wconf 79' lang='lat' dir='ltr'>wtwen-</span> 
     </span>
    </p>

    <p class='ocr_par' dir='ltr' id='par_1_4' title="bbox 57 431 878 536">
     <span class='ocr_line' id='line_1_5' title="bbox 57 431 751 485; baseline -0.001 -13"><span class='ocrx_word' id='word_1_29' title='bbox 57 434 142 485; x_wconf 83' lang='lat' dir='ltr'>dige</span> <span class='ocrx_word' id='word_1_30' title='bbox 172 433 367 472; x_wconf 84' lang='lat' dir='ltr'>Gemeinte</span> <span class='ocrx_word' id='word_1_31' title='bbox 395 431 540 469; x_wconf 76' lang='lat' dir='ltr'>Christi</span> <span class='ocrx_word' id='word_1_32' title='bbox 567 431 751 481; x_wconf 81' lang='lat' dir='ltr'>voeghen.</span> 
     </span>
     <span class='ocr_line' id='line_1_6' title="bbox 635 496 878 536; baseline 0.008 -2"><span class='ocrx_word' id='word_1_33' title='bbox 635 496 878 536; x_wconf 86' lang='lat' dir='ltr'>Antwoorde.</span> 
     </span>
    </p>

    <p class='ocr_par' dir='ltr' id='par_1_5' title="bbox 55 558 1749 870">
     <span class='ocr_line' id='line_1_7' title="bbox 107 558 1749 610; baseline -0.002 -11"><span class='ocrx_word' id='word_1_34' title='bbox 107 562 214 600; x_wconf 83' lang='lat' dir='ltr'>Neen</span> <span class='ocrx_word' id='word_1_35' title='bbox 243 561 271 599; x_wconf 80' lang='grc'>’1</span> <span class='ocrx_word' id='word_1_36' title='bbox 299 573 497 599; x_wconf 83' lang='lat' dir='ltr'>voorwaer.</span> <span class='ocrx_word' id='word_1_37' title='bbox 528 560 644 598; x_wconf 82' lang='lat' dir='ltr'>Want</span> <span class='ocrx_word' id='word_1_38' title='bbox 673 560 760 598; x_wconf 82' lang='lat' dir='ltr'>daer</span> <span class='ocrx_word' id='word_1_39' title='bbox 787 559 904 598; x_wconf 90' lang='lat' dir='ltr'>onder</span> <span class='ocrx_word' id='word_1_40' title='bbox 934 558 1012 598; x_wconf 89' lang='lat' dir='ltr'>veel</span> <span class='ocrx_word' id='word_1_41' title='bbox 1037 558 1241 609; x_wconf 84' lang='lat' dir='ltr'>geueinsde</span> <span class='ocrx_word' id='word_1_42' title='bbox 1261 558 1462 610; x_wconf 88' lang='lat' dir='ltr'>Hypocry-</span> <span class='ocrx_word' id='word_1_43' title='bbox 1485 569 1551 601; x_wconf 75' lang='lat' dir='ltr'>Ma.</span> <span class='ocrx_word' id='word_1_44' title='bbox 1577 568 1625 599; x_wconf 84' lang='lat'>13.</span> <span class='ocrx_word' id='word_1_45' title='bbox 1649 567 1749 608; x_wconf 74' lang='grc' dir='ltr'><strong>(1.3οῖ</strong></span> 
     </span>
     <span class='ocr_line' id='line_1_8' title="bbox 55 608 1624 675; baseline -0.003 -10"><span class='ocrx_word' id='word_1_46' title='bbox 55 630 119 665; x_wconf 86' lang='lat' dir='ltr'>ten</span> <span class='ocrx_word' id='word_1_47' title='bbox 149 627 218 674; x_wconf 88' lang='lat' dir='ltr'>sijn</span> <span class='ocrx_word' id='word_1_48' title='bbox 233 627 277 673; x_wconf 67' lang='grc'>2).</span> <span class='ocrx_word' id='word_1_49' title='bbox 310 625 391 662; x_wconf 80' lang='lat' dir='ltr'>Mer</span> <span class='ocrx_word' id='word_1_50' title='bbox 419 625 478 662; x_wconf 88' lang='lat' dir='ltr'>die</span> <span class='ocrx_word' id='word_1_51' title='bbox 505 638 575 675; x_wconf 82' lang='lat' dir='ltr'>syn</span> <span class='ocrx_word' id='word_1_52' title='bbox 603 624 745 663; x_wconf 80' lang='lat' dir='ltr'>alleene</span> <span class='ocrx_word' id='word_1_53' title='bbox 773 624 953 663; x_wconf 80' lang='lat' dir='ltr'>kinderen</span> <span class='ocrx_word' id='word_1_54' title='bbox 983 623 1089 661; x_wconf 86' lang='lat' dir='ltr'>Gods</span> <span class='ocrx_word' id='word_1_55' title='bbox 1115 628 1162 662; x_wconf 76' lang='lat' dir='ltr'>efi</span> <span class='ocrx_word' id='word_1_56' title='bbox 1189 623 1346 661; x_wconf 84' lang='lat' dir='ltr'>leuendo</span> <span class='ocrx_word' id='word_1_57' title='bbox 1373 623 1462 661; x_wconf 85' lang='lat' dir='ltr'>lidt·</span> <span class='ocrx_word' id='word_1_58' title='bbox 1527 610 1550 643; x_wconf 71' lang='lat' dir='ltr'>f·</span> <span class='ocrx_word' id='word_1_59' title='bbox 1571 608 1624 644; x_wconf 76' lang='lat'>4⁷·</span> 
     </span>
     <span class='ocr_line' id='line_1_9' title="bbox 57 687 1463 739; baseline -0.003 -10"><span class='ocrx_word' id='word_1_60' title='bbox 57 694 183 729; x_wconf 76' lang='lat' dir='ltr'>maten</span> <span class='ocrx_word' id='word_1_61' title='bbox 221 690 286 728; x_wconf 88' lang='lat' dir='ltr'>der</span> <span class='ocrx_word' id='word_1_62' title='bbox 313 690 551 739; x_wconf 77' lang='lat' dir='ltr'>ghemeinten</span> <span class='ocrx_word' id='word_1_63' title='bbox 580 689 640 727; x_wconf 89' lang='lat' dir='ltr'>die</span> <span class='ocrx_word' id='word_1_64' title='bbox 668 689 757 727; x_wconf 82' lang='lat' dir='ltr'><strong>haer</strong></span> <span class='ocrx_word' id='word_1_65' title='bbox 782 689 822 727; x_wconf 87' lang='lat' dir='ltr'>in</span> <span class='ocrx_word' id='word_1_66' title='bbox 851 689 936 726; x_wconf 85' lang='lat' dir='ltr'>dese</span> <span class='ocrx_word' id='word_1_67' title='bbox 964 688 1289 737; x_wconf 86' lang='lat' dir='ltr'>voorghenoemde</span> <span class='ocrx_word' id='word_1_68' title='bbox 1316 687 1463 726; x_wconf 84' lang='lat' dir='ltr'>teeeke-</span> 
     </span>
     <span class='ocr_line' id='line_1_10' title="bbox 57 751 1460 802; baseline -0.002 -9"><span class='ocrx_word' id='word_1_69' title='bbox 57 768 129 794; x_wconf 81' lang='lat' dir='ltr'>nen</span> <span class='ocrx_word' id='word_1_70' title='bbox 167 754 304 793; x_wconf 82' lang='lat' dir='ltr'>eerlick</span> <span class='ocrx_word' id='word_1_71' title='bbox 334 754 472 802; x_wconf 69' lang='lat' dir='ltr'>drag-en</span> <span class='ocrx_word' id='word_1_72' title='bbox 502 758 548 792; x_wconf 73' lang='grc' dir='ltr'>θῇ</span> <span class='ocrx_word' id='word_1_73' title='bbox 576 753 741 791; x_wconf 84' lang='lat' dir='ltr'>oeffenen</span> <span class='ocrx_word' id='word_1_74' title='bbox 770 755 801 800; x_wconf 77' lang='lat'>³)</span> <span class='ocrx_word' id='word_1_75' title='bbox 829 757 874 791; x_wconf 79' lang='grc' dir='ltr'>8ῑι</span> <span class='ocrx_word' id='word_1_76' title='bbox 904 752 988 790; x_wconf 85' lang='lat' dir='ltr'>God</span> <span class='ocrx_word' id='word_1_77' title='bbox 1019 765 1110 790; x_wconf 89' lang='lat' dir='ltr'>voor</span> <span class='ocrx_word' id='word_1_78' title='bbox 1137 766 1202 790; x_wconf 89' lang='lat' dir='ltr'>een</span> <span class='ocrx_word' id='word_1_79' title='bbox 1233 751 1460 791; x_wconf 88' lang='lat' dir='ltr'>vermeerde·</span> 
     </span>
     <span class='ocr_line' id='line_1_11' title="bbox 57 817 1193 870; baseline -0.004 -11"><span class='ocrx_word' id='word_1_80' title='bbox 57 820 163 870; x_wconf 76' lang='lat' dir='ltr'>tinge</span> <span class='ocrx_word' id='word_1_81' title='bbox 191 819 254 858; x_wconf 85' lang='lat' dir='ltr'>des</span> <span class='ocrx_word' id='word_1_82' title='bbox 282 819 551 869; x_wconf 80' lang='lat' dir='ltr'>godsalicheits</span> <span class='ocrx_word' id='word_1_83' title='bbox 579 819 612 866; x_wconf 78' lang='lat'>⁴)</span> <span class='ocrx_word' id='word_1_84' title='bbox 641 818 862 868; x_wconf 80' lang='lat' dir='ltr'>daghelicks</span> <span class='ocrx_word' id='word_1_85' title='bbox 890 820 964 866; x_wconf 86' lang='lat' dir='ltr'>zijn</span> <span class='ocrx_word' id='word_1_86' title='bbox 993 817 1193 862; x_wconf 82' lang='lat' dir='ltr'>biddende‚</span> 
     </span>
    </p>

    <p class='ocr_par' dir='ltr' id='par_1_6' title="bbox 640 882 880 932">
     <span class='ocr_line' id='line_1_12' title="bbox 640 882 880 932; baseline 0.008 -13"><span class='ocrx_word' id='word_1_87' title='bbox 640 882 790 932; x_wconf 81' lang='lat' dir='ltr'>Vraghe</span> <span class='ocrx_word' id='word_1_88' title='bbox 817 885 880 922; x_wconf 85' lang='lat'>39.</span> 
     </span>
    </p>

    <p class='ocr_par' dir='ltr' id='par_1_7' title="bbox 108 946 984 997">
     <span class='ocr_line' id='line_1_13' title="bbox 108 946 984 997; baseline -0.003 -11"><span class='ocrx_word' id='word_1_89' title='bbox 108 948 195 986; x_wconf 89' lang='lat' dir='ltr'>Hoe</span> <span class='ocrx_word' id='word_1_90' title='bbox 221 952 367 986; x_wconf 82' lang='lat' dir='ltr'>moeten</span> <span class='ocrx_word' id='word_1_91' title='bbox 398 960 451 997; x_wconf 85' lang='lat' dir='ltr'>wy</span> <span class='ocrx_word' id='word_1_92' title='bbox 480 947 519 985; x_wconf 90' lang='lat' dir='ltr'>in</span> <span class='ocrx_word' id='word_1_93' title='bbox 547 959 666 985; x_wconf 86' lang='lat' dir='ltr'>onzen</span> <span class='ocrx_word' id='word_1_94' title='bbox 696 947 815 985; x_wconf 83' lang='lat' dir='ltr'>noodt</span> <span class='ocrx_word' id='word_1_95' title='bbox 843 946 984 984; x_wconf 68' lang='lat' dir='ltr'>bidde?</span> 
     </span>
    </p>

    <p class='ocr_par' dir='ltr' id='par_1_8' title="bbox 640 1010 879 1049">
     <span class='ocr_line' id='line_1_14' title="bbox 640 1010 879 1049; baseline 0.004 -1"><span class='ocrx_word' id='word_1_96' title='bbox 640 1010 879 1049; x_wconf 86' lang='lat' dir='ltr'>Antwoorde.</span> 
     </span>
    </p>

    <p class='ocr_par' dir='ltr' id='par_1_9' title="bbox 108 1073 1132 1124">
     <span class='ocr_line' id='line_1_15' title="bbox 108 1073 1132 1124; baseline 0 -12"><span class='ocrx_word' id='word_1_97' title='bbox 108 1075 158 1112; x_wconf 90' lang='lat' dir='ltr'>So</span> <span class='ocrx_word' id='word_1_98' title='bbox 187 1087 256 1112; x_wconf 87' lang='lat' dir='ltr'>ons</span> <span class='ocrx_word' id='word_1_99' title='bbox 286 1074 457 1113; x_wconf 85' lang='lat' dir='ltr'>Christus</span> <span class='ocrx_word' id='word_1_100' title='bbox 484 1075 653 1124; x_wconf 86' lang='lat' dir='ltr'>gheleert</span> <span class='ocrx_word' id='word_1_101' title='bbox 682 1075 780 1112; x_wconf 77' lang='lat' dir='ltr'>heeft</span> <span class='ocrx_word' id='word_1_102' title='bbox 807 1075 853 1122; x_wconf 82' lang='lat'>⁵).</span> <span class='ocrx_word' id='word_1_103' title='bbox 910 1073 1132 1112; x_wconf 74' lang='lat' dir='ltr'>Namelickz</span> 
     </span>
    </p>

    <p class='ocr_par' dir='ltr' id='par_1_10' title="bbox 55 1137 1750 1445">
     <span class='ocr_line' id='line_1_16' title="bbox 108 1137 1750 1188; baseline -0.001 -12"><span class='ocrx_word' id='word_1_104' title='bbox 108 1138 212 1177; x_wconf 87' lang='lat' dir='ltr'>Onse</span> <span class='ocrx_word' id='word_1_105' title='bbox 240 1138 365 1177; x_wconf 83' lang='lat' dir='ltr'>Vader</span> <span class='ocrx_word' id='word_1_106' title='bbox 393 1139 451 1177; x_wconf 85' lang='lat' dir='ltr'>die</span> <span class='ocrx_word' id='word_1_107' title='bbox 479 1139 568 1177; x_wconf 83' lang='lat' dir='ltr'>daer</span> <span class='ocrx_word' id='word_1_108' title='bbox 595 1141 658 1187; x_wconf 85' lang='lat' dir='ltr'>zijt</span> <span class='ocrx_word' id='word_1_109' title='bbox 685 1139 724 1177; x_wconf 88' lang='lat' dir='ltr'>in</span> <span class='ocrx_word' id='word_1_110' title='bbox 754 1139 799 1177; x_wconf 90' lang='lat' dir='ltr'>de</span> <span class='ocrx_word' id='word_1_111' title='bbox 827 1139 980 1177; x_wconf 66' lang='lat' dir='ltr'>hemeIE.</span> <span class='ocrx_word' id='word_1_112' title='bbox 1014 1137 1271 1188; x_wconf 83' lang='lat' dir='ltr'>Gheheylight</span> <span class='ocrx_word' id='word_1_113' title='bbox 1299 1151 1340 1188; x_wconf 82' lang='lat' dir='ltr'>sy</span> <span class='ocrx_word' id='word_1_114' title='bbox 1361 1150 1464 1175; x_wconf 84' lang='lat' dir='ltr'>uwen</span> <span class='ocrx_word' id='word_1_115' title='bbox 1490 1150 1567 1181; x_wconf 73' lang='lat' dir='ltr'>Mat.</span> <span class='ocrx_word' id='word_1_116' title='bbox 1598 1150 1637 1182; x_wconf 71' lang='grc'>6,,</span> <span class='ocrx_word' id='word_1_117' title='bbox 1665 1149 1696 1181; x_wconf 75' lang='lat' dir='ltr'>b,</span> <span class='ocrx_word' id='word_1_118' title='bbox 1719 1149 1750 1181; x_wconf 80' lang='grc'>9,</span> 
     </span>
     <span class='ocr_line' id='line_1_17' title="bbox 58 1192 1722 1253; baseline 0 -13"><span class='ocrx_word' id='word_1_119' title='bbox 58 1215 178 1241; x_wconf 87' lang='lat' dir='ltr'>naem.</span> <span class='ocrx_word' id='word_1_120' title='bbox 217 1203 254 1239; x_wconf 92' lang='lat' dir='ltr'><strong>U</strong></span> <span class='ocrx_word' id='word_1_121' title='bbox 282 1202 397 1251; x_wconf 80' lang='lat' dir='ltr'>rijoke</span> <span class='ocrx_word' id='word_1_122' title='bbox 425 1203 648 1241; x_wconf 78' lang='lat' dir='ltr'>tockomme.</span> <span class='ocrx_word' id='word_1_123' title='bbox 677 1203 794 1241; x_wconf 85' lang='lat' dir='ltr'>Uwen</span> <span class='ocrx_word' id='word_1_124' title='bbox 822 1203 917 1241; x_wconf 85' lang='lat' dir='ltr'>wille</span> <span class='ocrx_word' id='word_1_125' title='bbox 944 1202 1096 1252; x_wconf 81' lang='lat' dir='ltr'>geschie</span> <span class='ocrx_word' id='word_1_126' title='bbox 1123 1215 1171 1253; x_wconf 89' lang='lat' dir='ltr'>op</span> <span class='ocrx_word' id='word_1_127' title='bbox 1199 1202 1313 1240; x_wconf 86' lang='lat' dir='ltr'>erden</span> <span class='ocrx_word' id='word_1_128' title='bbox 1343 1202 1398 1239; x_wconf 81' lang='lat' dir='ltr'>als</span> <span class='ocrx_word' id='word_1_129' title='bbox 1426 1201 1464 1240; x_wconf 87' lang='lat' dir='ltr'>in</span> <span class='ocrx_word' id='word_1_130' title='bbox 1486 1193 1565 1224; x_wconf 62' lang='lat'><strong>1⁴⁶⁰·</strong></span> <span class='ocrx_word' id='word_1_131' title='bbox 1589 1193 1617 1224; x_wconf 66' lang='lat' dir='ltr'>l·</span> <span class='ocrx_word' id='word_1_132' title='bbox 1641 1203 1669 1225; x_wconf 74' lang='lat'>⁸·</span> <span class='ocrx_word' id='word_1_133' title='bbox 1691 1192 1722 1225; x_wconf 72' lang='lat'>2·</span> 
     </span>
     <span class='ocr_line' id='line_1_18' title="bbox 57 1264 1466 1315; baseline -0.001 -12"><span class='ocrx_word' id='word_1_134' title='bbox 57 1265 128 1304; x_wconf 84' lang='lat' dir='ltr'>den</span> <span class='ocrx_word' id='word_1_135' title='bbox 158 1265 289 1304; x_wconf 79' lang='lat' dir='ltr'>hemel.</span> <span class='ocrx_word' id='word_1_136' title='bbox 320 1265 458 1304; x_wconf 79' lang='lat' dir='ltr'>Gheeft</span> <span class='ocrx_word' id='word_1_137' title='bbox 486 1278 555 1303; x_wconf 89' lang='lat' dir='ltr'>ons</span> <span class='ocrx_word' id='word_1_138' title='bbox 585 1265 732 1315; x_wconf 87' lang='lat' dir='ltr'>huyden</span> <span class='ocrx_word' id='word_1_139' title='bbox 763 1278 832 1304; x_wconf 84' lang='lat' dir='ltr'>ons</span> <span class='ocrx_word' id='word_1_140' title='bbox 851 1265 1054 1315; x_wconf 81' lang='lat' dir='ltr'>daghelicx</span> <span class='ocrx_word' id='word_1_141' title='bbox 1075 1265 1223 1303; x_wconf 82' lang='lat' dir='ltr'>broodt.</span> <span class='ocrx_word' id='word_1_142' title='bbox 1256 1264 1363 1302; x_wconf 88' lang='lat' dir='ltr'>Ende</span> <span class='ocrx_word' id='word_1_143' title='bbox 1384 1278 1466 1302; x_wconf 87' lang='lat' dir='ltr'>ver-</span> 
     </span>
     <span class='ocr_line' id='line_1_19' title="bbox 55 1328 1467 1379; baseline -0.001 -12"><span class='ocrx_word' id='word_1_144' title='bbox 55 1330 184 1379; x_wconf 85' lang='lat' dir='ltr'>gbeeft</span> <span class='ocrx_word' id='word_1_145' title='bbox 208 1343 276 1367; x_wconf 89' lang='lat' dir='ltr'>ons</span> <span class='ocrx_word' id='word_1_146' title='bbox 297 1342 387 1367; x_wconf 81' lang='lat' dir='ltr'>onse</span> <span class='ocrx_word' id='word_1_147' title='bbox 408 1329 588 1367; x_wconf 81' lang='lat' dir='ltr'>schulden</span> <span class='ocrx_word' id='word_1_148' title='bbox 609 1329 663 1367; x_wconf 82' lang='lat' dir='ltr'>als</span> <span class='ocrx_word' id='word_1_149' title='bbox 681 1343 738 1378; x_wconf 83' lang='lat' dir='ltr'>wy</span> <span class='ocrx_word' id='word_1_150' title='bbox 759 1342 850 1367; x_wconf 87' lang='lat' dir='ltr'>onse</span> <span class='ocrx_word' id='word_1_151' title='bbox 871 1329 1118 1367; x_wconf 71' lang='lat' dir='ltr'>schuldenare</span> <span class='ocrx_word' id='word_1_152' title='bbox 1136 1329 1328 1378; x_wconf 49' lang='lat' dir='ltr'>ygheuen.</span> <span class='ocrx_word' id='word_1_153' title='bbox 1358 1328 1467 1367; x_wconf 89' lang='lat' dir='ltr'>Ende</span> 
     </span>
     <span class='ocr_line' id='line_1_20' title="bbox 55 1393 1467 1445; baseline 0 -13"><span class='ocrx_word' id='word_1_154' title='bbox 55 1394 160 1443; x_wconf 73' lang='lat' dir='ltr'>leydt</span> <span class='ocrx_word' id='word_1_155' title='bbox 187 1407 256 1432; x_wconf 89' lang='lat' dir='ltr'>ons</span> <span class='ocrx_word' id='word_1_156' title='bbox 284 1395 362 1432; x_wconf 82' lang='lat' dir='ltr'>niet</span> <span class='ocrx_word' id='word_1_157' title='bbox 389 1394 430 1432; x_wconf 88' lang='lat' dir='ltr'>in</span> <span class='ocrx_word' id='word_1_158' title='bbox 460 1393 703 1444; x_wconf 84' lang='lat' dir='ltr'>bekoringhe.</span> <span class='ocrx_word' id='word_1_159' title='bbox 734 1394 841 1432; x_wconf 79' lang='lat' dir='ltr'>Maer</span> <span class='ocrx_word' id='word_1_160' title='bbox 868 1394 1009 1432; x_wconf 84' lang='lat' dir='ltr'>verlost</span> <span class='ocrx_word' id='word_1_161' title='bbox 1029 1407 1097 1432; x_wconf 91' lang='lat' dir='ltr'>ons</span> <span class='ocrx_word' id='word_1_162' title='bbox 1123 1407 1193 1431; x_wconf 82' lang='lat' dir='ltr'>van</span> <span class='ocrx_word' id='word_1_163' title='bbox 1215 1393 1286 1431; x_wconf 86' lang='lat' dir='ltr'>den</span> <span class='ocrx_word' id='word_1_164' title='bbox 1307 1393 1467 1445; x_wconf 82' lang='lat' dir='ltr'>quaden.</span> 
     </span>
    </p>

    <p class='ocr_par' dir='ltr' id='par_1_11' title="bbox 57 1457 1467 1755">
     <span class='ocr_line' id='line_1_21' title="bbox 59 1457 1467 1507; baseline 0 -11"><span class='ocrx_word' id='word_1_165' title='bbox 59 1458 176 1496; x_wconf 77' lang='lat' dir='ltr'>Want</span> <span class='ocrx_word' id='word_1_166' title='bbox 203 1472 223 1496; x_wconf 86' lang='lat' dir='ltr'><strong>v</strong></span> <span class='ocrx_word' id='word_1_167' title='bbox 259 1459 292 1496; x_wconf 88' lang='lat' dir='ltr'>is</span> <span class='ocrx_word' id='word_1_168' title='bbox 328 1458 392 1496; x_wconf 79' lang='lat' dir='ltr'>dat</span> <span class='ocrx_word' id='word_1_169' title='bbox 428 1458 535 1507; x_wconf 86' lang='lat' dir='ltr'>rijck,</span> <span class='ocrx_word' id='word_1_170' title='bbox 572 1463 617 1496; x_wconf 75' lang='grc' dir='ltr'>θῇ</span> <span class='ocrx_word' id='word_1_171' title='bbox 646 1458 706 1496; x_wconf 84' lang='lat' dir='ltr'>die</span> <span class='ocrx_word' id='word_1_172' title='bbox 734 1458 882 1504; x_wconf 79' lang='lat' dir='ltr'>kracht,</span> <span class='ocrx_word' id='word_1_173' title='bbox 908 1462 955 1497; x_wconf 76' lang='lat' dir='ltr'>e&#39;fi</span> <span class='ocrx_word' id='word_1_174' title='bbox 983 1458 1028 1496; x_wconf 90' lang='lat' dir='ltr'>de</span> <span class='ocrx_word' id='word_1_175' title='bbox 1056 1457 1305 1496; x_wconf 86' lang='lat' dir='ltr'>beerlickheit</span> <span class='ocrx_word' id='word_1_176' title='bbox 1332 1458 1372 1496; x_wconf 91' lang='lat' dir='ltr'>in</span> <span class='ocrx_word' id='word_1_177' title='bbox 1403 1457 1467 1496; x_wconf 87' lang='lat' dir='ltr'>der</span> 
     </span>
     <span class='ocr_line' id='line_1_22' title="bbox 57 1523 424 1562; baseline 0.005 -2"><span class='ocrx_word' id='word_1_178' title='bbox 57 1523 261 1562; x_wconf 81' lang='lat' dir='ltr'>eewicheit.</span> <span class='ocrx_word' id='word_1_179' title='bbox 288 1524 424 1562; x_wconf 84' lang='lat' dir='ltr'>Arnen.</span> 
     </span>
     <span class='ocr_line' id='line_1_23' title="bbox 640 1586 883 1636; baseline 0.004 -12"><span class='ocrx_word' id='word_1_180' title='bbox 640 1586 794 1636; x_wconf 84' lang='lat' dir='ltr'>Vraghe</span> <span class='ocrx_word' id='word_1_181' title='bbox 820 1590 883 1632; x_wconf 84' lang='lat'>40,</span> 
     </span>
     <span class='ocr_line' id='line_1_24' title="bbox 110 1651 1162 1701; baseline 0.002 -14"><span class='ocrx_word' id='word_1_182' title='bbox 110 1651 198 1690; x_wconf 83' lang='lat' dir='ltr'>wat</span> <span class='ocrx_word' id='word_1_183' title='bbox 225 1651 416 1700; x_wconf 82' lang='lat' dir='ltr'>begherdy</span> <span class='ocrx_word' id='word_1_184' title='bbox 443 1651 483 1689; x_wconf 91' lang='lat' dir='ltr'>in</span> <span class='ocrx_word' id='word_1_185' title='bbox 513 1651 576 1689; x_wconf 82' lang='lat' dir='ltr'>dat</span> <span class='ocrx_word' id='word_1_186' title='bbox 603 1655 739 1701; x_wconf 85' lang='lat' dir='ltr'>gantze</span> <span class='ocrx_word' id='word_1_187' title='bbox 765 1651 913 1701; x_wconf 81' lang='lat' dir='ltr'>ghebed</span> <span class='ocrx_word' id='word_1_188' title='bbox 942 1664 1014 1689; x_wconf 88' lang='lat' dir='ltr'>van</span> <span class='ocrx_word' id='word_1_189' title='bbox 1044 1651 1162 1689; x_wconf 81' lang='lat' dir='ltr'>God?</span> 
     </span>
     <span class='ocr_line' id='line_1_25' title="bbox 640 1716 884 1755; baseline 0.004 -1"><span class='ocrx_word' id='word_1_190' title='bbox 640 1716 884 1755; x_wconf 87' lang='lat' dir='ltr'>Antwoorde.</span> 
     </span>
    </p>

    <p class='ocr_par' dir='ltr' id='par_1_12' title="bbox 56 1778 1466 2026">
     <span class='ocr_line' id='line_1_26' title="bbox 109 1778 1465 1830; baseline -0.001 -12"><span class='ocrx_word' id='word_1_191' title='bbox 109 1781 188 1818; x_wconf 88' lang='lat' dir='ltr'>Ten</span> <span class='ocrx_word' id='word_1_192' title='bbox 216 1783 374 1825; x_wconf 63' lang='lat' dir='ltr'>eerstem</span> <span class='ocrx_word' id='word_1_193' title='bbox 401 1780 465 1818; x_wconf 82' lang='lat' dir='ltr'>dat</span> <span class='ocrx_word' id='word_1_194' title='bbox 492 1780 542 1818; x_wconf 82' lang='lat' dir='ltr'>all</span> <span class='ocrx_word' id='word_1_195' title='bbox 571 1784 640 1818; x_wconf 82' lang='lat' dir='ltr'>wat</span> <span class='ocrx_word' id='word_1_196' title='bbox 669 1780 851 1818; x_wconf 87' lang='lat' dir='ltr'>dienende</span> <span class='ocrx_word' id='word_1_197' title='bbox 871 1780 903 1818; x_wconf 86' lang='lat' dir='ltr'>is</span> <span class='ocrx_word' id='word_1_198' title='bbox 923 1783 978 1818; x_wconf 84' lang='lat' dir='ltr'>tot</span> <span class='ocrx_word' id='word_1_199' title='bbox 998 1782 1071 1830; x_wconf 90' lang='lat' dir='ltr'>zijn</span> <span class='ocrx_word' id='word_1_200' title='bbox 1094 1779 1214 1830; x_wconf 86' lang='lat' dir='ltr'>glorie</span> <span class='ocrx_word' id='word_1_201' title='bbox 1225 1781 1257 1828; x_wconf 79' lang='lat'>⁶)</span> <span class='ocrx_word' id='word_1_202' title='bbox 1276 1778 1465 1829; x_wconf 87' lang='lat' dir='ltr'>gheuoor·</span> 
     </span>
     <span class='ocr_line' id='line_1_27' title="bbox 58 1844 1466 1897; baseline -0.002 -12"><span class='ocrx_word' id='word_1_203' title='bbox 58 1846 148 1885; x_wconf 89' lang='lat' dir='ltr'>derd</span> <span class='ocrx_word' id='word_1_204' title='bbox 176 1846 307 1890; x_wconf 81' lang='lat' dir='ltr'><strong>werde,</strong></span> <span class='ocrx_word' id='word_1_205' title='bbox 335 1847 428 1884; x_wconf 84' lang='lat' dir='ltr'>ende</span> <span class='ocrx_word' id='word_1_206' title='bbox 456 1846 597 1884; x_wconf 82' lang='lat' dir='ltr'>weder6</span> <span class='ocrx_word' id='word_1_207' title='bbox 624 1847 808 1897; x_wconf 78' lang='lat' dir='ltr'>gheweert</span> <span class='ocrx_word' id='word_1_208' title='bbox 823 1848 854 1894; x_wconf 92' lang='lat'>⁷)</span> <span class='ocrx_word' id='word_1_209' title='bbox 883 1846 947 1885; x_wconf 75' lang='lat' dir='ltr'>dat</span> <span class='ocrx_word' id='word_1_210' title='bbox 976 1846 1021 1884; x_wconf 91' lang='lat' dir='ltr'>de</span> <span class='ocrx_word' id='word_1_211' title='bbox 1049 1847 1149 1884; x_wconf 84' lang='lat' dir='ltr'>selue</span> <span class='ocrx_word' id='word_1_212' title='bbox 1175 1846 1206 1883; x_wconf 86' lang='lat' dir='ltr'>is</span> <span class='ocrx_word' id='word_1_213' title='bbox 1234 1844 1466 1890; x_wconf 56' lang='lat' dir='ltr'>fl&#39;hinderen·</span> 
     </span>
     <span class='ocr_line' id='line_1_28' title="bbox 59 1909 1466 1961; baseline -0.001 -13"><span class='ocrx_word' id='word_1_214' title='bbox 59 1911 103 1949; x_wconf 88' lang='lat' dir='ltr'>de</span> <span class='ocrx_word' id='word_1_215' title='bbox 125 1912 156 1958; x_wconf 69' lang='grc'>8)</span> <span class='ocrx_word' id='word_1_216' title='bbox 185 1911 229 1948; x_wconf 87' lang='lat' dir='ltr'>of</span> <span class='ocrx_word' id='word_1_217' title='bbox 253 1924 368 1961; x_wconf 77' lang='lat' dir='ltr'>syneri</span> <span class='ocrx_word' id='word_1_218' title='bbox 399 1911 493 1949; x_wconf 85' lang='lat' dir='ltr'>wille</span> <span class='ocrx_word' id='word_1_219' title='bbox 520 1911 796 1949; x_wconf 82' lang='lat' dir='ltr'>wederstaende</span> <span class='ocrx_word' id='word_1_220' title='bbox 817 1913 914 1960; x_wconf 84' lang='lat'>(14).</span> <span class='ocrx_word' id='word_1_221' title='bbox 943 1911 1023 1949; x_wconf 85' lang='lat' dir='ltr'>Ten</span> <span class='ocrx_word' id='word_1_222' title='bbox 1051 1911 1229 1955; x_wconf 83' lang='lat' dir='ltr'>anderen,</span> <span class='ocrx_word' id='word_1_223' title='bbox 1248 1923 1289 1948; x_wconf 90' lang='lat' dir='ltr'>so</span> <span class='ocrx_word' id='word_1_224' title='bbox 1307 1909 1466 1959; x_wconf 87' lang='lat' dir='ltr'>beghere</span> 
     </span>
     <span class='ocr_line' id='line_1_29' title="bbox 56 1974 1466 2026; baseline -0.001 -13"><span class='ocrx_word' id='word_1_225' title='bbox 56 1975 117 2013; x_wconf 88' lang='lat' dir='ltr'>ick</span> <span class='ocrx_word' id='word_1_226' title='bbox 157 1976 266 2026; x_wconf 91' lang='lat' dir='ltr'>hulpe</span> <span class='ocrx_word' id='word_1_227' title='bbox 302 1975 396 2014; x_wconf 85' lang='lat' dir='ltr'>ende</span> <span class='ocrx_word' id='word_1_228' title='bbox 434 1976 596 2026; x_wconf 80' lang='lat' dir='ltr'>bystand</span> <span class='ocrx_word' id='word_1_229' title='bbox 629 1976 668 2014; x_wconf 91' lang='lat' dir='ltr'>in</span> <span class='ocrx_word' id='word_1_230' title='bbox 696 1976 769 2014; x_wconf 81' lang='lat' dir='ltr'>alle</span> <span class='ocrx_word' id='word_1_231' title='bbox 806 1975 1132 2014; x_wconf 85' lang='lat' dir='ltr'>noodwendicheit</span> <span class='ocrx_word' id='word_1_232' title='bbox 1169 1975 1234 2013; x_wconf 88' lang='lat' dir='ltr'>der</span> <span class='ocrx_word' id='word_1_233' title='bbox 1268 1974 1382 2012; x_wconf 85' lang='lat' dir='ltr'>sieleu</span> <span class='ocrx_word' id='word_1_234' title='bbox 1409 1975 1466 2012; x_wconf 85' lang='lat' dir='ltr'>oft</span> 
     </span>
    </p>
   </div>
   <div class='ocr_carea' id='block_1_3' title="bbox 60 2101 300 2105">
    <p class='ocr_par' dir='ltr' id='par_1_13' title="bbox 60 2101 300 2105">
     <span class='ocr_line' id='line_1_30' title="bbox 60 2101 300 2105; baseline 0 0"><span class='ocrx_word' id='word_1_235' title='bbox 60 2101 300 2105; x_wconf 95' lang='lat' dir='ltr'> </span> 
     </span>
    </p>
   </div>
   <div class='ocr_carea' id='block_1_4' title="bbox 56 2159 1470 2861">
    <p class='ocr_par' dir='ltr' id='par_1_14' title="bbox 57 2159 1470 2258">
     <span class='ocr_line' id='line_1_31' title="bbox 101 2159 1470 2202; baseline 0.001 -12"><span class='ocrx_word' id='word_1_236' title='bbox 101 2160 126 2199; x_wconf 83' lang='lat'>¹)</span> <span class='ocrx_word' id='word_1_237' title='bbox 153 2159 234 2191; x_wconf 85' lang='lat' dir='ltr'>Huic</span> <span class='ocrx_word' id='word_1_238' title='bbox 258 2160 502 2201; x_wconf 78' lang='lat' dir='ltr'>interrogationi</span> <span class='ocrx_word' id='word_1_239' title='bbox 533 2160 566 2192; x_wconf 90' lang='lat' dir='ltr'>in</span> <span class='ocrx_word' id='word_1_240' title='bbox 590 2160 644 2192; x_wconf 80' lang='lat' dir='ltr'>lat.</span> <span class='ocrx_word' id='word_1_241' title='bbox 669 2160 718 2192; x_wconf 88' lang='lat' dir='ltr'>ed.</span> <span class='ocrx_word' id='word_1_242' title='bbox 742 2160 805 2191; x_wconf 78' lang='lat' dir='ltr'>alia</span> <span class='ocrx_word' id='word_1_243' title='bbox 828 2160 972 2202; x_wconf 82' lang='lat' dir='ltr'>quaestio</span> <span class='ocrx_word' id='word_1_244' title='bbox 997 2160 1228 2202; x_wconf 76' lang='lat' dir='ltr'>praemittitur,</span> <span class='ocrx_word' id='word_1_245' title='bbox 1254 2172 1343 2202; x_wconf 76' lang='lat' dir='ltr'>quae,</span> <span class='ocrx_word' id='word_1_246' title='bbox 1369 2161 1401 2193; x_wconf 88' lang='lat' dir='ltr'>in</span> <span class='ocrx_word' id='word_1_247' title='bbox 1425 2161 1470 2192; x_wconf 88' lang='lat' dir='ltr'>la-</span> 
     </span>
     <span class='ocr_line' id='line_1_32' title="bbox 57 2214 1164 2258; baseline 0.001 -12"><span class='ocrx_word' id='word_1_248' title='bbox 57 2214 134 2246; x_wconf 89' lang='lat' dir='ltr'>tinis</span> <span class='ocrx_word' id='word_1_249' title='bbox 157 2214 269 2246; x_wconf 84' lang='lat' dir='ltr'>ordine</span> <span class='ocrx_word' id='word_1_250' title='bbox 292 2215 534 2256; x_wconf 82' lang='lat' dir='ltr'>quadragesima</span> <span class='ocrx_word' id='word_1_251' title='bbox 556 2216 671 2257; x_wconf 83' lang='lat' dir='ltr'>prima,</span> <span class='ocrx_word' id='word_1_252' title='bbox 694 2215 727 2246; x_wconf 89' lang='lat' dir='ltr'>in</span> <span class='ocrx_word' id='word_1_253' title='bbox 751 2215 884 2258; x_wconf 83' lang='lat' dir='ltr'>belgicis</span> <span class='ocrx_word' id='word_1_254' title='bbox 909 2226 972 2247; x_wconf 91' lang='lat' dir='ltr'>non</span> <span class='ocrx_word' id='word_1_255' title='bbox 995 2216 1164 2258; x_wconf 87' lang='lat' dir='ltr'>reperitur.</span> 
     </span>
    </p>

    <p class='ocr_par' dir='ltr' id='par_1_15' title="bbox 99 2270 998 2312">
     <span class='ocr_line' id='line_1_33' title="bbox 99 2270 998 2312; baseline 0.002 -12"><span class='ocrx_word' id='word_1_256' title='bbox 99 2270 126 2309; x_wconf 74' lang='grc' dir='ltr'>Ξ)</span> <span class='ocrx_word' id='word_1_257' title='bbox 149 2270 209 2302; x_wconf 80' lang='lat' dir='ltr'>Ed.</span> <span class='ocrx_word' id='word_1_258' title='bbox 233 2270 287 2302; x_wconf 81' lang='lat' dir='ltr'>lat.</span> <span class='ocrx_word' id='word_1_259' title='bbox 312 2270 418 2301; x_wconf 80' lang='lat' dir='ltr'>addit:</span> <span class='ocrx_word' id='word_1_260' title='bbox 442 2273 472 2301; x_wconf 74' lang='lat' dir='ltr'>et</span> <span class='ocrx_word' id='word_1_261' title='bbox 494 2281 611 2311; x_wconf 80' lang='lat' dir='ltr'>semper</span> <span class='ocrx_word' id='word_1_262' title='bbox 624 2272 765 2312; x_wconf 74' lang='lat' dir='ltr'>fuerunt</span> <span class='ocrx_word' id='word_1_263' title='bbox 788 2270 820 2301; x_wconf 77' lang='lat' dir='ltr'>in</span> <span class='ocrx_word' id='word_1_264' title='bbox 846 2270 998 2302; x_wconf 73' lang='lat' dir='ltr'>Ecclesia.</span> 
     </span>
    </p>

    <p class='ocr_par' dir='ltr' id='par_1_16' title="bbox 56 2325 1470 2468">
     <span class='ocr_line' id='line_1_34' title="bbox 99 2325 1466 2368; baseline 0.002 -12"><span class='ocrx_word' id='word_1_265' title='bbox 99 2326 125 2364; x_wconf 80' lang='lat'>³)</span> <span class='ocrx_word' id='word_1_266' title='bbox 150 2325 255 2357; x_wconf 83' lang='lat' dir='ltr'>Text.:</span> <span class='ocrx_word' id='word_1_267' title='bbox 279 2325 333 2367; x_wconf 79' lang='lat' dir='ltr'>qm’</span> <span class='ocrx_word' id='word_1_268' title='bbox 355 2326 387 2356; x_wconf 79' lang='lat' dir='ltr'>in</span> <span class='ocrx_word' id='word_1_269' title='bbox 409 2326 507 2366; x_wconf 64' lang='lat' dir='ltr'>siqnis</span> <span class='ocrx_word' id='word_1_270' title='bbox 531 2326 595 2356; x_wconf 75' lang='lat' dir='ltr'>illis</span> <span class='ocrx_word' id='word_1_271' title='bbox 615 2326 820 2366; x_wconf 55' lang='lat' dir='ltr'>praemonst&amp;</span> <span class='ocrx_word' id='word_1_272' title='bbox 842 2326 968 2357; x_wconf 74' lang='lat' dir='ltr'>honeste</span> <span class='ocrx_word' id='word_1_273' title='bbox 989 2337 1022 2357; x_wconf 79' lang='lat' dir='ltr'>se</span> <span class='ocrx_word' id='word_1_274' title='bbox 1041 2330 1156 2368; x_wconf 67' lang='lat' dir='ltr'>yerunt</span> <span class='ocrx_word' id='word_1_275' title='bbox 1179 2330 1208 2359; x_wconf 77' lang='lat' dir='ltr'>et</span> <span class='ocrx_word' id='word_1_276' title='bbox 1224 2331 1378 2359; x_wconf 65' lang='lat' dir='ltr'>erercent.</span> <span class='ocrx_word' id='word_1_277' title='bbox 1402 2328 1466 2359; x_wconf 90' lang='lat' dir='ltr'>Pro</span> 
     </span>
     <span class='ocr_line' id='line_1_35' title="bbox 57 2381 1470 2424; baseline 0.003 -12"><span class='ocrx_word' id='word_1_278' title='bbox 57 2381 171 2423; x_wconf 85' lang='lat' dir='ltr'>quibus</span> <span class='ocrx_word' id='word_1_279' title='bbox 205 2381 238 2413; x_wconf 92' lang='lat' dir='ltr'>in</span> <span class='ocrx_word' id='word_1_280' title='bbox 269 2381 324 2413; x_wconf 83' lang='lat' dir='ltr'>lat.</span> <span class='ocrx_word' id='word_1_281' title='bbox 355 2381 403 2413; x_wconf 88' lang='lat' dir='ltr'>ed.</span> <span class='ocrx_word' id='word_1_282' title='bbox 434 2381 568 2423; x_wconf 87' lang='lat' dir='ltr'>legitur:</span> <span class='ocrx_word' id='word_1_283' title='bbox 590 2381 643 2423; x_wconf 77' lang='lat' dir='ltr'>qni</span> <span class='ocrx_word' id='word_1_284' title='bbox 655 2381 727 2423; x_wconf 85' lang='lat' dir='ltr'>fide</span> <span class='ocrx_word' id='word_1_285' title='bbox 751 2392 810 2413; x_wconf 83' lang='lat' dir='ltr'>non</span> <span class='ocrx_word' id='word_1_286' title='bbox 823 2383 907 2424; x_wconf 79' lang='lat' dir='ltr'>ficta</span> <span class='ocrx_word' id='word_1_287' title='bbox 931 2384 987 2413; x_wconf 81' lang='lat' dir='ltr'>aut</span> <span class='ocrx_word' id='word_1_288' title='bbox 1008 2382 1158 2414; x_wconf 72' lang='lat' dir='ltr'>simulata</span> <span class='ocrx_word' id='word_1_289' title='bbox 1181 2383 1214 2414; x_wconf 81' lang='lat' dir='ltr'>in</span> <span class='ocrx_word' id='word_1_290' title='bbox 1240 2383 1380 2415; x_wconf 75' lang='lat' dir='ltr'>Ecclesia</span> <span class='ocrx_word' id='word_1_291' title='bbox 1404 2395 1470 2416; x_wconf 83' lang='lat' dir='ltr'>ver-</span> 
     </span>
     <span class='ocr_line' id='line_1_36' title="bbox 56 2439 180 2468; baseline 0 0"><span class='ocrx_word' id='word_1_292' title='bbox 56 2439 180 2468; x_wconf 72' lang='lat' dir='ltr'>santur.</span> 
     </span>
    </p>

    <p class='ocr_par' dir='ltr' id='par_1_17' title="bbox 99 2491 529 2533">
     <span class='ocr_line' id='line_1_37' title="bbox 99 2491 529 2533; baseline 0.002 -11"><span class='ocrx_word' id='word_1_293' title='bbox 99 2491 127 2531; x_wconf 72' lang='lat'>⁴)</span> <span class='ocrx_word' id='word_1_294' title='bbox 151 2491 211 2522; x_wconf 89' lang='lat' dir='ltr'>Ed.</span> <span class='ocrx_word' id='word_1_295' title='bbox 234 2491 290 2522; x_wconf 80' lang='lat' dir='ltr'>lat.</span> <span class='ocrx_word' id='word_1_296' title='bbox 314 2491 529 2533; x_wconf 64' lang='lat' dir='ltr'>additzfillei.</span> 
     </span>
    </p>

    <p class='ocr_par' dir='ltr' id='par_1_18' title="bbox 56 2547 1466 2698">
     <span class='ocr_line' id='line_1_38' title="bbox 99 2547 1464 2589; baseline 0.001 -11"><span class='ocrx_word' id='word_1_297' title='bbox 99 2548 126 2585; x_wconf 81' lang='lat'>⁵)</span> <span class='ocrx_word' id='word_1_298' title='bbox 151 2547 256 2578; x_wconf 84' lang='lat' dir='ltr'>Habet</span> <span class='ocrx_word' id='word_1_299' title='bbox 278 2547 333 2578; x_wconf 77' lang='lat' dir='ltr'>lat.</span> <span class='ocrx_word' id='word_1_300' title='bbox 358 2547 406 2578; x_wconf 87' lang='lat' dir='ltr'>ed.</span> <span class='ocrx_word' id='word_1_301' title='bbox 430 2558 487 2589; x_wconf 85' lang='lat' dir='ltr'>pro</span> <span class='ocrx_word' id='word_1_302' title='bbox 511 2547 550 2578; x_wconf 83' lang='lat' dir='ltr'>iis</span> <span class='ocrx_word' id='word_1_303' title='bbox 574 2558 653 2588; x_wconf 77' lang='lat' dir='ltr'>quae</span> <span class='ocrx_word' id='word_1_304' title='bbox 677 2548 710 2579; x_wconf 90' lang='lat' dir='ltr'>in</span> <span class='ocrx_word' id='word_1_305' title='bbox 734 2550 822 2579; x_wconf 81' lang='lat' dir='ltr'>textu</span> <span class='ocrx_word' id='word_1_306' title='bbox 845 2550 935 2579; x_wconf 86' lang='lat' dir='ltr'>sunt:</span> <span class='ocrx_word' id='word_1_307' title='bbox 960 2548 1014 2579; x_wconf 77' lang='lat' dir='ltr'>Ad</span> <span class='ocrx_word' id='word_1_308' title='bbox 1035 2558 1101 2579; x_wconf 82' lang='lat' dir='ltr'>eum</span> <span class='ocrx_word' id='word_1_309' title='bbox 1121 2548 1314 2589; x_wconf 76' lang='lat' dir='ltr'>potissimum</span> <span class='ocrx_word' id='word_1_310' title='bbox 1332 2549 1464 2589; x_wconf 80' lang='lat' dir='ltr'>modum,</span> 
     </span>
     <span class='ocr_line' id='line_1_39' title="bbox 57 2602 1466 2647; baseline 0.003 -14"><span class='ocrx_word' id='word_1_311' title='bbox 57 2613 143 2645; x_wconf 77' lang='lat' dir='ltr'>quem</span> <span class='ocrx_word' id='word_1_312' title='bbox 170 2603 311 2634; x_wconf 72' lang='lat' dir='ltr'>Christus</span> <span class='ocrx_word' id='word_1_313' title='bbox 335 2602 488 2634; x_wconf 76' lang='lat' dir='ltr'>Dominus</span> <span class='ocrx_word' id='word_1_314' title='bbox 511 2603 671 2643; x_wconf 68' lang='lat' dir='ltr'>Apostoli-5</span> <span class='ocrx_word' id='word_1_315' title='bbox 692 2603 757 2634; x_wconf 69' lang='lat' dir='ltr'>sais</span> <span class='ocrx_word' id='word_1_316' title='bbox 779 2605 809 2634; x_wconf 79' lang='lat' dir='ltr'>et</span> <span class='ocrx_word' id='word_1_317' title='bbox 828 2603 963 2644; x_wconf 81' lang='lat' dir='ltr'>proinde</span> <span class='ocrx_word' id='word_1_318' title='bbox 985 2604 1070 2635; x_wconf 72' lang='lat' dir='ltr'>nobis</span> <span class='ocrx_word' id='word_1_319' title='bbox 1092 2614 1210 2647; x_wconf 78' lang='lat' dir='ltr'>quoque</span> <span class='ocrx_word' id='word_1_320' title='bbox 1225 2605 1363 2636; x_wconf 78' lang='lat' dir='ltr'>omnibus</span> <span class='ocrx_word' id='word_1_321' title='bbox 1374 2616 1466 2647; x_wconf 82' lang='lat' dir='ltr'>prae-</span> 
     </span>
     <span class='ocr_line' id='line_1_40' title="bbox 56 2657 759 2698; baseline -0.001 -9"><span class='ocrx_word' id='word_1_322' title='bbox 56 2657 182 2697; x_wconf 69' lang='lat' dir='ltr'>scripsit</span> <span class='ocrx_word' id='word_1_323' title='bbox 206 2657 320 2688; x_wconf 68' lang='lat' dir='ltr'><strong><em>Mam.</em></strong></span> <span class='ocrx_word' id='word_1_324' title='bbox 346 2658 375 2694; x_wconf 89' lang='grc'>6,</span> <span class='ocrx_word' id='word_1_325' title='bbox 399 2668 504 2698; x_wconf 78' lang='lat' dir='ltr'>nempe</span> <span class='ocrx_word' id='word_1_326' title='bbox 527 2658 622 2688; x_wconf 74' lang='lat' dir='ltr'>Pater</span> <span class='ocrx_word' id='word_1_327' title='bbox 646 2661 759 2689; x_wconf 77' lang='lat' dir='ltr'>noster.</span> 
     </span>
    </p>

    <p class='ocr_par' dir='ltr' id='par_1_19' title="bbox 99 2712 833 2755">
     <span class='ocr_line' id='line_1_41' title="bbox 99 2712 833 2755; baseline 0.004 -12"><span class='ocrx_word' id='word_1_328' title='bbox 99 2712 128 2751; x_wconf 69' lang='grc' dir='ltr'>θ)</span> <span class='ocrx_word' id='word_1_329' title='bbox 151 2712 210 2744; x_wconf 78' lang='lat' dir='ltr'>Ed.</span> <span class='ocrx_word' id='word_1_330' title='bbox 233 2712 288 2744; x_wconf 79' lang='lat' dir='ltr'>lat..</span> <span class='ocrx_word' id='word_1_331' title='bbox 313 2712 402 2744; x_wconf 78' lang='lat' dir='ltr'>addit</span> <span class='ocrx_word' id='word_1_332' title='bbox 421 2726 428 2744; x_wconf 69' lang='grc' dir='ltr'><strong>ι</strong></span> <span class='ocrx_word' id='word_1_333' title='bbox 449 2713 596 2755; x_wconf 72' lang='lat' dir='ltr'>rean&#39;que</span> <span class='ocrx_word' id='word_1_334' title='bbox 617 2713 668 2744; x_wconf 80' lang='lat' dir='ltr'>sui</span> <span class='ocrx_word' id='word_1_335' title='bbox 686 2714 833 2755; x_wconf 68' lang='lat' dir='ltr'>yloriam.</span> 
     </span>
    </p>

    <p class='ocr_par' dir='ltr' id='par_1_20' title="bbox 101 2767 672 2809">
     <span class='ocr_line' id='line_1_42' title="bbox 101 2767 672 2809; baseline 0 -11"><span class='ocrx_word' id='word_1_336' title='bbox 101 2768 128 2805; x_wconf 89' lang='lat'>⁷)</span> <span class='ocrx_word' id='word_1_337' title='bbox 151 2767 290 2799; x_wconf 84' lang='lat' dir='ltr'>Additur</span> <span class='ocrx_word' id='word_1_338' title='bbox 314 2768 344 2799; x_wconf 89' lang='lat' dir='ltr'>in</span> <span class='ocrx_word' id='word_1_339' title='bbox 371 2768 442 2800; x_wconf 79' lang='lat' dir='ltr'>lat.:</span> <span class='ocrx_word' id='word_1_340' title='bbox 466 2769 672 2809; x_wconf 67' lang='lat' dir='ltr'>ettirpentnr.</span> 
     </span>
    </p>

    <p class='ocr_par' dir='ltr' id='par_1_21' title="bbox 101 2822 730 2861">
     <span class='ocr_line' id='line_1_43' title="bbox 101 2822 730 2861; baseline 0.003 -8"><span class='ocrx_word' id='word_1_341' title='bbox 101 2822 128 2861; x_wconf 79' lang='lat'>⁸)</span> <span class='ocrx_word' id='word_1_342' title='bbox 152 2822 325 2854; x_wconf 82' lang='lat' dir='ltr'>Praemisit</span> <span class='ocrx_word' id='word_1_343' title='bbox 348 2823 403 2855; x_wconf 83' lang='lat' dir='ltr'>lat.</span> <span class='ocrx_word' id='word_1_344' title='bbox 428 2823 492 2855; x_wconf 88' lang='lat' dir='ltr'>ed.:</span> <span class='ocrx_word' id='word_1_345' title='bbox 519 2826 730 2856; x_wconf 74' lang='lat' dir='ltr'>remorantur.</span> 
     </span>
    </p>
   </div>
  </div>
 </body>
</html>
