1830 3147
200 149 275 187 164

260 278 278 294 ll
290 259 472 297 Poculum
507 256 643 302 laudis,
680 268 755 307 quo
791 255 918 293 laudes
948 254 1188 302 celebramus,
1219 254 1434 293 communio
1464 257 1518 292 est
1546 253 1742 304 sanguinis

205 323 385 363 Christi''.
415 323 528 371 (254)

256 389 423 438 Moxque
459 386 657 438 porrigens
694 385 783 423 bina
818 385 867 422 ad
901 388 1103 435 utrumque
1139 384 1238 422 latus
1273 384 1423 436 pocula,
1459 383 1617 421 alterum
1654 384 1741 434 post

203 453 374 498 alterum,
401 452 476 489 ait:

256 517 472 568 uAccipite,
515 516 633 554 bibite
667 520 703 553 et
738 514 987 553 memineritis
1034 514 1256 564 sanguinem
1302 513 1458 552 Domini
1496 513 1617 551 nostri
1653 513 1741 550 Iesu

203 582 344 620 Christi
375 595 443 633 pro
478 581 589 619 nobis
616 581 743 619 fusum
770 594 850 618 esse
877 580 915 617 in
945 579 1067 617 crucis
1094 580 1265 631 patibulo
1294 580 1340 618 ad
1370 578 1629 617 remissionem
1658 591 1739 616 om-

199 648 304 686 nium
330 652 570 698 peccatorum
596 646 853 685 nostrorum”.

253 714 374 751 Simul
410 726 496 750 vero
533 712 647 750 etiam
673 711 922 749 Ecclesiastes
949 710 1029 762 ipse
1057 723 1101 749 ex
1129 723 1205 748 uno
1233 723 1361 748 eorum
1390 711 1613 763 poculorum
1641 709 1741 747 inter

200 776 470 828 porrigendum
509 776 616 821 bibit,
652 780 687 813 et
727 775 779 812 ita
808 774 957 811 demum
986 773 1121 825 reliqui
1150 786 1292 817 omnes,
1319 774 1385 824 qui
1411 787 1562 812 mensae
1589 785 1740 810 accum-

201 843 308 886 bunt,
348 842 440 879 alter
476 841 584 878 alteri
617 840 796 891 poculum
832 840 878 877 ab
918 839 1145 877 Ecclesiaste
1181 843 1374 890 acceptum
1411 839 1586 889 porrigit,
1621 850 1740 888 usque

199 907 289 944 dum
326 919 455 944 omnes
485 906 664 944 biberint.
719 906 926 956 Postquam
955 918 1042 942 vero
1072 917 1202 942 omnes
1230 904 1305 941 iam
1333 904 1374 941 in
1402 917 1444 941 eo
1475 916 1653 941 consessu
1680 901 1740 940 bi-

198 970 349 1016 berunt,
375 973 531 1018 surgent
559 982 579 1006 a
605 981 734 1006 mensa
762 981 904 1015 omnes,
934 968 1013 1005 solo
1044 967 1273 1005 Ecclesiaste
1301 972 1474 1018 excepto:
1503 967 1535 1004 is
1564 966 1664 1003 enim
1692 964 1739 1002 ad

197 1032 535 1070 administrandam
572 1032 738 1083 reliquae
764 1031 839 1070 toti
865 1031 1057 1068 Ecclesiae
1086 1031 1251 1068 Coenam
1279 1030 1363 1067 loco
1392 1042 1460 1067 suo
1487 1029 1534 1067 ad
1561 1028 1740 1066 meditul-

194 1096 284 1133 lium
316 1109 466 1134 mensae
491 1095 642 1134 residet.

251 1158 417 1197 Quidam
446 1162 570 1196 autem
597 1158 835 1209 peculiariter
862 1157 900 1194 in
929 1157 1001 1194 hoc
1029 1156 1198 1208 deputati
1218 1156 1410 1194 Ecclesiae
1431 1155 1617 1202 Seniores,
1638 1158 1739 1192 certo

199 1224 332 1261 ordine
368 1228 403 1261 et
439 1224 566 1261 lances
594 1223 678 1260 illas
707 1223 885 1267 minores,
913 1235 1008 1273 quae
1037 1235 1120 1259 cum
1149 1235 1245 1273 pane
1272 1222 1394 1260 fracto
1422 1222 1469 1259 ad
1497 1222 1592 1258 fines
1619 1234 1738 1272 usque

198 1302 348 1326 mensae
381 1294 577 1340 protrusae
610 1289 774 1333 fuerant,
810 1292 845 1326 et
881 1288 1018 1338 pocula
1053 1288 1142 1325 item
1181 1287 1303 1324 denuo
1331 1287 1486 1338 impleta
1514 1287 1560 1324 ad
1588 1299 1738 1324 mensae

199 1353 450 1391 meditullium
496 1353 542 1391 ad
586 1353 841 1390 Ecclesiasten
881 1355 1049 1390 referunt
1091 1347 1244 1402 illicque
1277 1356 1478 1403 reponunt.
1535 1352 1614 1389 Alii
1650 1364 1737 1389 vero

197 1419 371 1457 Senior-es
407 1423 442 1457 et
479 1419 641 1456 Diaconi
674 1431 738 1456 eos
775 1431 904 1455 omnes
940 1418 1154 1464 observant,
1191 1417 1256 1469 qui
1291 1418 1339 1456 ad
1375 1431 1541 1455 mensam
1583 1416 1739 1455 Domini

196 1485 372 1523 accedere
407 1485 553 1530 volunt,
586 1498 632 1522 ne
669 1484 752 1535 quis
780 1483 933 1533 ignotus
961 1483 1127 1522 accedat.
1182 1483 1231 1521 Et
1259 1496 1357 1521 unus
1387 1496 1406 1521 e
1435 1482 1623 1521 Ministris
1651 1495 1739 1532 sug-

197 1554 344 1599 gestum
383 1549 751 1598 con-(255)scendit,
777 1549 843 1599 qui
870 1549 1070 1586 lectionem
1099 1561 1243 1586 sacram
1273 1549 1373 1586 clara
1401 1561 1491 1586 voce
1518 1551 1555 1586 et
1582 1547 1740 1585 distinc-

198 1615 247 1653 tis
283 1615 408 1653 verbis
445 1615 592 1652 orditur
619 1629 639 1652 a
670 1627 749 1666 cap.
778 1614 887 1652 Ioan.
917 1618 1034 1660 sexto,
1062 1614 1101 1651 in
1130 1626 1205 1665 quo
1234 1614 1346 1651 nobis
1376 1613 1581 1664 spiritualis
1610 1617 1739 1650 nostra

199 1681 366 1732 eorporis
403 1684 440 1718 et
475 1680 672 1729 sanguinis
710 1679 852 1717 Christi
878 1679 1118 1730 participatio
1147 1679 1348 1730 exponitur
1376 1683 1412 1715 et
1441 1677 1737 1715 commendatur.

198 1745 298 1783 Dum
326 1758 413 1783 vero
440 1745 492 1782 ita
520 1744 759 1795 praelegitur,
787 1743 932 1781 accedit
960 1743 1130 1781 Ecclesia
1157 1743 1204 1781 ad
1232 1756 1401 1781 mensam
1428 1742 1667 1780 Dominicam
1688 1742 1736 1778 ab

198 1814 357 1860 utroque
391 1810 522 1860 templi
558 1810 672 1846 latere
709 1814 744 1846 et
780 1822 800 1845 a
837 1809 979 1846 finibus
1018 1821 1166 1846 mensae
1202 1807 1248 1845 ad
1285 1807 1389 1844 illius
1418 1806 1670 1844 meditullium
1697 1806 1738 1844 in

198 1879 361 1925 utroque
397 1887 546 1911 mensae
583 1874 696 1911 latere
732 1872 954 1917 ascendunt,
982 1872 1102 1910 donec
1130 1886 1259 1910 mensa
1286 1877 1368 1909 tota
1397 1872 1641 1923 compleatur,
1666 1871 1738 1909 viri

198 1941 360 1992 primum
387 1941 464 1978 suis
492 1939 702 1986 ordinibus,
729 1938 864 1977 deinde
892 1951 978 1976 vero
1007 1938 1193 1977 mulieres.
1233 1938 1281 1976 Et
1309 1939 1376 1975 ubi
1404 1950 1534 1975 omnes
1562 1937 1618 1974 illi
1646 1950 1738 1974 con-

199 2006 390 2050 sederunt,
418 2005 634 2043 intermittit
661 2005 838 2042 nonnihil
855 2004 974 2042 lector
991 2004 1056 2041 ille
1076 2017 1180 2041 suam
1205 2016 1223 2041 e
1244 2008 1422 2053 suggestu
1441 2002 1741 2054 praelectionem,

200 2075 241 2108 ut
283 2069 532 2108 Ecclesiastes
568 2069 614 2107 ad
650 2068 901 2107 meditullium
938 2082 1087 2106 mensae
1125 2068 1326 2106 considens
1362 2081 1496 2119 panem
1524 2080 1653 2104 rursus
1680 2066 1739 2113 iis,

202 2136 267 2187 qui
296 2136 424 2173 denuo
447 2135 718 2180 accubuerunt,
755 2134 907 2183 frangat
934 2138 1045 2184 atque
1071 2147 1149 2171 una
1179 2146 1262 2170 cum
1289 2133 1425 2184 poculo
1454 2133 1604 2170 demum
1632 2131 1740 2169 exhi-

202 2201 298 2246 beat,
333 2204 516 2251 quantum
554 2200 624 2237 toti
652 2212 750 2237 novo
779 2199 835 2236 illi
864 2197 1059 2235 consessui
1086 2198 1250 2235 sufficere
1276 2210 1387 2248 posse
1408 2201 1527 2248 putat.
1581 2196 1736 2233 Postea-

200 2279 313 2316 quam
350 2265 464 2314 igitur
501 2277 599 2302 novo
636 2277 786 2301 rursum
813 2263 990 2301 accubitu
1018 2264 1177 2300 fratrum
1205 2275 1371 2300 mensam
1399 2267 1519 2299 totam
1547 2260 1738 2298 Ecclesia-

203 2336 276 2369 stes
314 2331 537 2381 completam
566 2343 646 2367 esse
674 2329 775 2366 videt
803 2329 995 2379 lectorque
1022 2342 1043 2365 a
1073 2342 1138 2365 sua
1169 2327 1338 2365 substitit
1365 2326 1630 2378 praelectione,
1655 2329 1735 2363 tum

202 2396 449 2433 Ecclesiastes
481 2408 616 2446 panem
654 2407 697 2431 ex
735 2394 946 2431 minoribus
983 2393 1169 2439 lancibus,
1204 2392 1280 2429 iam
1316 2392 1456 2442 alioqui
1492 2391 1667 2434 fractum,
1698 2389 1738 2426 in

203 2473 338 2497 manus
376 2460 489 2502 sumit
524 2473 694 2510 eumque,
730 2458 1047 2509 quemadmodum
1075 2457 1178 2509 prius
1206 2458 1357 2503 fecerat,
1382 2455 1551 2507 proxime
1579 2454 1651 2491 sibi
1677 2467 1738 2491 as-

205 2524 414 2561 sidentibus
443 2524 647 2569 distribuit,
675 2523 815 2560 additis
843 2523 967 2560 verbis
996 2522 1261 2573 suprascriptis
1289 2522 1328 2559 in
1347 2521 1468 2572 prima
1487 2518 1594 2569 panis
1611 2517 1738 2555 distri-

203 2589 372 2626 butione.
419 2590 544 2638 Atque
571 2589 623 2625 ita
652 2588 800 2625 demum
827 2588 952 2633 etiam,
979 2587 1047 2624 ubi
1074 2600 1203 2624 omnes
1232 2586 1404 2635 utrinque
1431 2584 1505 2621 iam
1532 2584 1644 2632 (256)
1671 2596 1739 2633 pa-

204 2665 289 2690 nem
318 2651 520 2702 sumpsisse
547 2657 659 2702 atque
685 2651 806 2689 edisse
833 2650 946 2695 videt,
973 2649 1124 2688 exhibet
1145 2649 1266 2687 denuo
1286 2649 1395 2686 etiam
1419 2646 1595 2698 poculum
1615 2646 1738 2683 utrin-

204 2731 276 2769 que
304 2716 492 2762 omnibus,
519 2716 582 2766 qui
609 2729 760 2754 mensae
788 2715 1029 2761 accumbunt,
1047 2715 1186 2752 additis
1204 2712 1404 2765 praedictis
1423 2711 1547 2749 verbis
1564 2712 1604 2748 in
1619 2711 1737 2762 prima

203 2781 331 2833 poculi
357 2781 603 2819 exhibitione.
657 2780 856 2819 Absolutis
884 2792 970 2818 vero
1001 2779 1124 2817 verbis
1150 2778 1226 2816 illis
1256 2778 1352 2815 circa
1380 2776 1506 2827 poculi
1532 2775 1738 2812 exhibitio-

205 2859 304 2892 nem,
330 2846 447 2883 lector
474 2858 622 2882 rursum
649 2845 888 2895 prosequitur
917 2856 1021 2881 suam
1050 2857 1069 2881 e
1097 2847 1277 2893 suggestu
1291 2841 1591 2892 praelectionem,
1609 2840 1741 2884 donec,

212 2911 278 2966 qui
315 2923 465 2949 mensae
500 2909 574 2948 iam
610 2910 881 2957 accubuerunt,
915 2922 1064 2948 rursum
1094 2912 1249 2958 surgant
1275 2911 1387 2958 atque
1414 2906 1478 2944 alii
1503 2905 1580 2943 illis
1610 2905 1745 2949 denuo,
