1830 3147
823 136 892 174 721
1333 133 1395 182 [A.
1420 133 1466 170 D.
1492 130 1602 182 1556]

110 247 165 284 Ad
199 247 281 283 haec
316 246 433 294 igitur
466 245 588 294 paucis
614 244 821 294 respondeo.
845 244 1074 291 Augustanae
1100 242 1322 279 Confessioni
1347 254 1411 278 nos
1437 240 1603 277 assentiri

58 309 266 346 affirmamus
301 309 338 344 in
369 307 550 355 praedicta
588 305 844 349 controversia,
882 305 984 341 cuius
1017 303 1159 341 nomine
1183 315 1399 347 accusamur,
1424 305 1602 350 quatenus

59 382 174 418 neque
203 370 309 407 verba
341 369 450 413 illius,
481 381 598 416 neque
623 367 802 405 sententia
835 367 921 403 item
947 378 990 403 ex
1015 365 1131 401 verbis
1157 365 1254 401 illius
1279 364 1435 408 collecta,
1461 366 1603 400 nostrae

63 431 247 468 doctrinae
273 430 404 467 diserte
429 430 559 477 opponi
586 429 712 477 possit.
754 429 830 465 Aut
855 427 967 475 igitur
993 427 1031 463 in
1057 429 1179 463 nostra
1203 425 1444 463 controversia
1468 423 1604 472 aliquid

59 496 113 528 est
147 491 407 540 opponendum,
440 491 516 528 sive
540 491 658 528 verbis
683 490 783 538 ipsis,
808 490 883 526 sive
908 488 1088 525 sententia
1120 500 1163 524 ex
1188 488 1259 524 illis
1285 487 1441 530 collecta,
1466 487 1504 522 in
1529 487 1602 522 Au-

59 556 212 601 gustana
237 552 479 596 Confessione,
505 555 547 588 ut
573 565 613 588 ea
638 551 781 599 quidem
807 550 902 587 edita
927 549 1088 593 habetur,
1114 551 1177 585 aut
1203 549 1233 585 si
1258 548 1291 584 id
1318 561 1389 584 non
1414 548 1486 591 fiat,
1505 559 1601 595 prae-

61 618 118 650 ter
152 614 320 651 meritum
353 616 516 650 nostrum
552 613 628 650 fieri
653 613 812 656 dicimus,
838 611 935 659 quod
960 610 1161 659 suspicione
1186 613 1222 647 et
1247 609 1379 646 invidia
1403 621 1602 656 gravemur,

63 675 165 723 quasi
189 676 436 721 Augustanam
463 673 727 711 Confessionem
751 673 1008 721 impugnemus.

114 735 218 782 Quod
244 748 328 772 vero
353 736 397 771 ad
422 738 588 772 autorum
615 734 854 771 Confessionis
879 733 990 782 ipsius
1015 733 1344 781 interpretationem
1370 732 1510 776 attinet,
1528 745 1602 770 eam

65 810 147 833 sane
183 800 218 833 et
251 797 289 833 in
325 797 399 845 ipsa
425 796 655 833 Confessione
680 798 902 844 Augustana,
927 794 1015 831 locis
1040 794 1244 842 praesertim
1271 793 1366 830 illius
1391 793 1540 838 collatis,
1566 796 1603 830 et

64 859 102 894 111
123 858 197 895 01113
223 859 308 894 110111
333 858 509 906 Apologia
534 860 655 895 extare
681 858 788 907 [non]
808 859 837 905 2)
864 857 1078 893 dubitamus.
1105 856 1211 892 Illinc
1229 855 1339 903 igitur
1358 856 1457 892 nobis
1474 854 1602 903 opponi

65 920 196 957 diserte
227 920 361 967 aliquid
395 922 548 967 oportet,
582 920 612 955 si
645 919 872 956 dissensionis
905 918 1054 955 alicuius
1079 917 1122 954 ab
1148 930 1187 954 ea
1211 917 1288 966 ipsa
1313 917 1541 954 Confessione
1565 917 1603 952 in

66 983 189 1017 nostra
213 981 276 1017 hac
301 981 542 1017 controversia
567 980 731 1017 convinci
757 979 970 1017 deberemus.

115 1042 314 1086 Praeterea,
348 1042 411 1088 qui
439 1042 672 1088 Augustanae
705 1041 945 1078 Confessionis
976 1042 1118 1077 autores
1151 1039 1308 1084 fuerunt,
1333 1039 1437 1076 iidem
1463 1050 1606 1087 quoque

68 1103 104 1138 in
135 1103 388 1151 Ratisponensi
412 1103 590 1150 colloquio
617 1102 761 1139 eandem
786 1102 895 1149 ipsam
920 1103 1166 1149 Augustanam
1192 1101 1456 1137 Confessionem
1483 1103 1518 1136 et
1545 1111 1603 1135 ex-

71 1163 250 1212 plicarunt
282 1169 319 1200 et
343 1164 606 1200 confirmarunt.
656 1163 761 1200 Illinc
795 1164 902 1199 etiam
928 1163 1039 1210 igitur
1065 1162 1180 1199 verbis
1206 1162 1346 1199 disertis
1372 1161 1472 1198 nobis
1498 1173 1605 1209 oppo-

71 1229 214 1270 nantur,
249 1227 279 1262 si
313 1239 405 1274 quae
436 1229 593 1262 nostram
619 1225 814 1262 doctrinam
840 1226 1046 1273 impugnare
1072 1227 1216 1272 queant,
1242 1226 1317 1268 aut,
1343 1224 1373 1260 si
1398 1236 1442 1259 ne
1466 1222 1502 1259 id
1527 1223 1605 1270 qui—

71 1287 150 1324 dem
182 1288 255 1331 fiat,
281 1300 432 1331 oramus,
458 1300 502 1324 ne
527 1288 656 1325 vestris
681 1287 904 1335 praeiudiciis
931 1289 1089 1324 nostram
1115 1287 1313 1325 doctrinam
1340 1287 1542 1335 suspicione
1567 1298 1606 1322 ac

76 1349 208 1386 invidia
241 1349 480 1394 dissensionis,
506 1362 585 1386 cum
611 1349 703 1397 apud
729 1349 1017 1386 Illustrissimum
1045 1350 1254 1398 Principem,
1280 1352 1358 1386 tum
1383 1349 1489 1386 etiam
1515 1348 1606 1396 apud

73 1411 160 1448 alios
185 1417 324 1459 praeter
350 1412 513 1448 meritum
541 1415 702 1448 nostrum
728 1413 892 1459 gravetis.

121 1473 176 1509 Ut
209 1476 328 1509 autem
362 1473 493 1517 sciatis,
529 1473 615 1521 quid
641 1473 678 1509 in
703 1476 826 1510 nostra
850 1473 913 1511 hac
939 1473 1181 1510 controversia
1205 1472 1410 1517 sentiamus,
1437 1484 1606 1508 summam

73 1533 127 1571 his
146 1537 174 1581 ³)
203 1534 318 1571 verbis
344 1534 439 1570 illius
465 1547 700 1583 exponemus:

122 1595 335 1635 ,Credimus
353 1598 389 1631 et
413 1595 631 1643 profitemur,
657 1595 753 1643 quod
787 1595 950 1632 Christus
987 1596 1174 1639 Dominus,
1211 1607 1316 1631 verus
1348 1594 1482 1642 alioqui
1509 1595 1607 1632 Deus

72 1657 202 1705 pariter
234 1660 343 1703 atque
374 1657 487 1700 homo,
522 1669 604 1693 vere
635 1657 742 1693 etiam
775 1661 884 1704 atque
918 1656 1152 1693 essentialiter
1186 1656 1287 1692 nobis
1321 1656 1356 1692 in
1393 1656 1509 1692 Coena
1543 1669 1607 1693 sua

72 1729 236 1765 praesens
270 1718 363 1754 adsit
396 1730 435 1755 ac
468 1730 544 1755 sese
578 1717 679 1754 nobis
713 1717 901 1765 ipsumque
933 1717 1019 1754 adeo
1052 1730 1180 1765 corpus
1219 1730 1322 1753 31111111
1356 1730 1420 1765 pro
1446 1717 1546 1754 nobis
1572 1717 1609 1752 in

74 1783 223 1816 mortem
257 1779 426 1816 traditum
460 1781 496 1816 et
530 1780 735 1827 sanguinem
770 1792 872 1816 31111111
907 1780 992 1816 110111
1025 1792 1088 1828 pro
1121 1779 1222 1816 nobis
1258 1780 1386 1823 fusum,
1428 1779 1464 1815 in
1489 1779 1610 1816 alimo-

74 1840 167 1876 niam
192 1840 287 1877 vitae
310 1843 483 1884 aeternae,
510 1852 591 1877 vere
616 1853 656 1876 ac
682 1841 864 1877 efficaciter
889 1840 955 1877 fide
981 1840 1308 1888 apprehendendum
1336 1840 1498 1877 exhibeat
1539 1852 1610 1876 una

75 1914 155 1939 cum
186 1914 274 1950 pane
299 1914 339 1939 ac
363 1902 490 1949 poculo
517 1902 665 1946 Coenae,
690 1902 754 1938 hoc
780 1905 846 1947 est,
873 1902 956 1938 dum
981 1903 1061 1950 pani
1089 1904 1126 1939 et
1150 1902 1277 1950 poculo
1303 1902 1440 1939 Coenae
1464 1902 1605 1951 partici-

75 1979 197 2014 pamus
223 1966 324 2001 iuxta
350 1966 425 2002 eius
452 1964 755 2002 institutionem.’'

122 2027 218 2063 Huic
242 2027 355 2074 igitur
381 2028 522 2063 nostrae
548 2025 727 2063 doctrinae
752 2025 881 2075 opponi
906 2024 1041 2073 aliquid
1065 2024 1230 2073 petimus,
1249 2037 1320 2072 quo
1338 2024 1381 2061 ab
1398 2026 1611 2071 Augustana

78 2089 320 2134 confessione,
345 2091 388 2125 ut
413 2089 547 2125 dictum
573 2092 639 2132 est,
664 2088 852 2124 dissentire
877 2087 1139 2131 convincamur,
1165 2089 1238 2130 aut,
1265 2099 1308 2123 ne
1332 2086 1375 2122 ab
1400 2085 1460 2122 illa
1477 2086 1611 2122 dissen-

75 2151 143 2187 tire
168 2150 336 2195 dicamur,
361 2150 533 2198 siquidem
559 2149 740 2186 doctrinae
764 2148 846 2186 111110
872 2151 1013 2185 nostrae
1038 2160 1081 2184 ex
1106 2148 1167 2184 illa
1191 2147 1279 2184 1111111
1305 2147 1434 2195 opponi
1459 2147 1583 2195 possit.

125 2211 182 2248 Ad
207 2211 354 2259 reliqua,
381 2214 458 2247 tum
483 2210 718 2258 praestantiae
743 2212 837 2254 tuae,
863 2213 941 2247 tum
966 2209 1115 2246 aliorum
1141 2211 1359 2256 argumenta,
1379 2207 1613 2256 respondendi

76 2273 291 2321 provinciam
317 2285 453 2309 sumere
479 2272 564 2308 mihi
588 2272 624 2308 in
649 2272 844 2320 praesentia
870 2271 964 2316 nolo,
990 2284 1062 2308 non
1087 2271 1182 2318 quod
1209 2284 1247 2308 ea
1263 2274 1329 2307 aut
1345 2270 1528 2318 refugiam,
1546 2272 1609 2306 aut

78 2341 310 2379 contemnam,
346 2334 406 2371 sed
432 2334 527 2382 quod
553 2334 635 2370 mihi
660 2334 773 2370 iustas
799 2334 902 2370 huius
927 2334 995 2370 mei
1019 2333 1158 2370 consilii
1184 2333 1338 2370 rationes
1363 2332 1481 2369 videar
1508 2331 1608 2368 habe-

79 2409 133 2433 re:
168 2397 218 2433 1⁰.
242 2396 337 2432 Nolo
365 2408 473 2432 meam
497 2396 604 2432 unius
631 2396 892 2444 responsionem
918 2396 1032 2432 fraudi
1057 2395 1306 2443 quoquomodo
1332 2394 1409 2431 aliis
1435 2406 1521 2437 esse,
1547 2393 1610 2441 qui

81 2457 225 2494 eandem
258 2458 442 2494 nobiscum
477 2457 672 2494 doctrinam
707 2458 930 2506 profitentur,
956 2470 996 2495 ac
1022 2457 1180 2506 proinde,
1205 2457 1301 2505 quod
1326 2459 1380 2493 est
1404 2455 1613 2499 multorum,

78 2532 142 2567 ego
177 2519 260 2555 mihi
296 2518 392 2555 solus
426 2531 562 2556 sumere
587 2519 681 2556 nolo.
731 2519 798 2556 Sed
823 2520 886 2556 hoc
913 2523 1007 2568 peto,
1033 2522 1075 2555 ut
1100 2518 1289 2566 utriusque
1315 2517 1425 2566 partis
1451 2517 1612 2553 doctores

78 2585 319 2617 convocentur
351 2580 604 2627 doctrinaeque
635 2580 779 2616 dissidia
816 2580 932 2617 omnia
965 2592 1007 2616 ex
1042 2579 1149 2616 verbo
1183 2579 1250 2615 Dei
1275 2578 1514 2615 discutiantur
1539 2578 1613 2614 sine

81 2641 300 2689 praeiudiciis
335 2642 371 2677 in
404 2641 550 2678 lenitate
584 2641 754 2678 modestia
784 2655 824 2679 ac
848 2641 1012 2678 libertate
1039 2641 1203 2677 fraterna.
1254 2641 1304 2675 2⁰.
1330 2640 1413 2676 Non
1438 2639 1507 2676 alio
1533 2652 1613 2676 con-

81 2702 160 2739 silio
198 2703 264 2739 huc
300 2702 389 2746 veni,
424 2714 530 2750 quam
564 2705 607 2739 ut
639 2703 807 2747 audirem,
843 2715 914 2751 qua
939 2706 1038 2751 parte
1063 2701 1162 2738 nobis
1189 2701 1371 2737 Confessio
1396 2701 1618 2748 Augustana,

81 2766 124 2799 ut
158 2767 268 2808 extat,
301 2765 430 2812 opponi
465 2765 589 2812 possit,
622 2765 825 2813 praesertim
858 2778 938 2802 cum
971 2765 1139 2812 Princeps
1171 2764 1225 2799 hic
1258 2762 1528 2800 Illustrissimus
1553 2776 1614 2800 no-

83 2826 191 2859 stram
226 2824 421 2861 doctrinam
454 2824 496 2860 ab
533 2825 591 2861 illa
617 2824 803 2862 dissentire
835 2825 1071 2862 existimasset
1097 2827 1133 2861 et
1158 2836 1213 2860 me
1237 2823 1304 2860 huc
1329 2836 1447 2859 secum
1473 2823 1517 2860 ob
1543 2836 1618 2860 cam

83 2884 303 2931 potissimum
344 2898 483 2923 causam
525 2885 646 2923 venire
687 2886 858 2924 iussisset.
908 2886 1024 2932 Quare
1063 2885 1127 2921 hoc
1162 2885 1278 2933 ipsum
1313 2883 1488 2920 duntaxat
1522 2895 1616 2920 nunc

80 2948 174 2993 pet0,
216 2947 506 2994 quemadmodum
547 2959 652 2995 supra
693 2947 826 2984 dictum
865 2951 930 2985 est.
980 2948 1030 2984 3⁰.
1058 2946 1146 2983 Esto
1181 2949 1312 2991 autem,
1346 2949 1390 2982 ut
1423 2945 1610 2982 consilium

129 3006 184 3045 Π.
1430 3008 1477 3045 46
