1830 3147
1541 131 1614 168 199

82 237 334 288 legitimarum
367 233 667 278 admonitionum
704 253 749 278 ex
777 239 891 277 verbo
920 239 990 276 Dei
1017 240 1135 277 arceri
1162 240 1209 278 ab
1238 240 1419 284 Ecclesia,
1446 241 1509 278 sed
1539 242 1607 278 hn-

83 316 278 342 manarum
320 304 567 343 traditionum
603 304 921 355 transgressiones
957 304 1084 355 puniri
1120 318 1185 356 per
1220 305 1457 356 tyrannidem
1494 305 1612 344 Antis

84 368 324 407 christianam
352 368 532 409 videmus.
561 371 673 418 (343)

135 436 169 472 3.
197 434 371 486 Explicat
397 433 644 472 Ecclesiastes
672 434 825 472 modum
852 437 888 472 et
913 434 1083 472 ordinem
1110 434 1365 474 instituendae
1392 448 1608 474 excommu-

83 498 295 536 nicationis.
323 498 469 549 Nempe
495 499 918 537 excommunicationem
951 512 1028 537 non
1056 512 1135 537 esse
1160 499 1322 550 positam
1349 501 1389 538 in
1413 500 1610 538 Ministro-

84 576 165 601 rum
203 563 340 614 pariter
376 563 556 610 omnium,
593 564 730 602 nedum
766 564 807 602 in
833 563 959 609 unius,
988 564 1195 615 quamlibet
1230 578 1389 615 magnus
1418 566 1613 609 habeatur,

84 628 240 666 arbitrio
276 634 387 680 atque
422 629 632 677 autoritate,
668 630 732 667 sed
766 629 806 667 in
841 629 1012 667 unanimi
1047 630 1166 668 totius
1201 630 1392 669 Ecclesiae
1428 644 1611 669 consensu

81 693 186 730 iuxta
222 693 375 730 verbum
410 693 492 739 Dei,
526 698 562 731 et
588 693 747 744 proinde
774 694 845 732 toti
872 694 1064 732 Ecclesiae
1091 694 1255 732 indicari
1282 698 1453 746 oportere
1481 708 1611 733 causas

84 771 213 796 omnes
247 758 501 796 instituendae
538 759 737 797 cuiuslibet
764 760 804 797 in
832 760 984 797 fratrem
1013 760 1224 811 quempiam
1252 761 1612 799 excommunicatio-

83 824 155 868 nis,
189 824 339 875 eiusque
373 824 567 875 publicum
603 836 797 863 assensum
833 825 985 876 requiri,
1020 826 1237 876 priusquam
1266 825 1499 864 instituatur.
1553 825 1614 863 Ita

83 888 222 926 Paulus
258 889 495 926 Corinthium
532 889 639 926 illum
675 902 752 927 non
789 889 896 927 aliter
934 890 1093 927 Satanae
1119 889 1249 936 tradit,
1275 903 1386 941 quam
1415 890 1614 928 coniuncto

84 953 218 1005 spiritu
246 967 313 992 suo
351 967 433 992 cum
462 955 543 1005 ipso
573 958 680 992 coetu
708 953 972 991 Corinthiacae
1000 954 1204 993 Ecclesiae.
1257 954 1312 992 Ut
1339 958 1464 992 autem
1489 955 1616 1003 legiti-

83 1031 166 1056 mus
193 1018 382 1057 Ecclesiae
409 1032 582 1057 assensus
611 1019 741 1057 haberi
766 1019 898 1070 possit,
926 1020 963 1057 et
989 1024 1181 1070 peccatum
1208 1020 1333 1071 ipsum
1360 1020 1615 1057 excommuni-

85 1083 194 1121 candi
236 1084 362 1122 fratris
391 1097 472 1122 cum
501 1084 578 1122 suis
607 1084 899 1123 circumstantiis
927 1084 964 1123 st
991 1084 1285 1123 obstinationem
1312 1086 1430 1137 ipsius
1455 1086 1496 1124 in
1525 1099 1615 1124 con-

83 1148 292 1188 temnendis
321 1149 496 1187 omnibus
524 1150 800 1188 Ecclesiasticis
827 1149 1154 1188 admonitionibus
1183 1163 1306 1188 coram
1336 1156 1418 1189 tota
1445 1151 1615 1189 Ecclesia

85 1214 250 1264 exponit,
291 1213 474 1265 docetque
501 1227 580 1252 esse
606 1214 644 1252 id
673 1214 792 1252 debiti
820 1215 1003 1265 officiique
1030 1215 1198 1252 omnium
1227 1215 1265 1252 in
1294 1215 1477 1262 Ecclesia,
1504 1221 1557 1262 ut,
1585 1217 1618 1254 si

85 1279 282 1330 quisquam
317 1283 380 1317 aut
407 1279 447 1317 in
474 1279 674 1318 observato
703 1279 801 1331 apud
829 1280 1235 1319 excommunicandum
1263 1281 1418 1319 fratrem
1444 1281 1616 1320 admoni-

83 1344 230 1383 tionum
257 1344 390 1382 ordine
416 1358 460 1382 ac
488 1344 612 1388 modo,
640 1350 705 1383 aut
731 1345 771 1383 in
798 1345 882 1397 ipso
912 1345 1133 1397 disciplinae
1159 1359 1361 1397 progressu
1388 1347 1531 1398 aliquid
1558 1361 1616 1386 rc·

84 1409 259 1461 quireret,
283 1410 322 1448 id
349 1410 508 1461 tempori
536 1410 724 1448 Ministris
752 1423 795 1448 ac
824 1411 1045 1448 Senioribus
1073 1410 1266 1449 Ecclesiae
1284 1410 1479 1451 indicaret.
1509 1413 1616 1450 Alio-

85 1475 149 1526 qui
177 1475 368 1513 silentium
393 1475 509 1513 totius
542 1475 729 1514 Ecclesiae
756 1476 1107 1525 haben-(344)dum
1136 1490 1215 1515 esse
1241 1491 1309 1529 pro
1337 1479 1507 1516 unanimi
1528 1492 1618 1517 con-

84 1552 194 1577 sensu
219 1539 350 1591 ipsius.
387 1539 484 1577 Inde
510 1553 598 1578 vero
626 1540 738 1578 etiam
768 1540 956 1587 docemur,
983 1541 1076 1593 quid
1105 1541 1149 1580 de
1175 1542 1373 1593 Papisticis
1400 1556 1616 1582 excommu-

84 1602 337 1641 nicationibus
375 1603 616 1642 statuendum
653 1604 714 1649 sit,
749 1618 844 1655 quae
872 1606 951 1643 sola
978 1606 1388 1658 Pseudoepiscoporum
1415 1609 1619 1658 tyrannide

85 1680 152 1719 pro
188 1668 355 1718 ipsorum
392 1668 648 1707 tribunalibus
684 1669 949 1716 instituuntur,
985 1675 1022 1708 et
1059 1670 1227 1709 omnium
1272 1673 1514 1721 gravissimae
1541 1687 1621 1712 esse

84 1739 294 1777 censentur,
321 1747 415 1784 quae
442 1733 529 1771 odio
559 1747 664 1772 verae
691 1734 886 1784 religionis
914 1735 954 1773 in
982 1736 1172 1774 studiosos
1190 1736 1384 1776 doctrinae
1402 1751 1446 1776 ac
1463 1739 1617 1788 religio-

83 1798 142 1835 nis
174 1797 426 1847 Euangelicae
461 1798 676 1836 Pharisaico
707 1800 906 1850 supercilio
935 1800 1200 1840 decernuntur.
1250 1802 1441 1840 Nimirum
1470 1802 1515 1840 de
1541 1804 1616 1841 illis

83 1863 191 1901 docet
219 1863 390 1901 Chr1stus
418 1863 622 1902 Dominus:
654 1864 763 1903 Beati
791 1865 908 1910 eritis,
935 1879 1020 1904 cum
1048 1866 1155 1905 vobis
1174 1867 1438 1906 maledixerint
1463 1875 1616 1921 propter

79 1940 216 1965 nomen
243 1941 365 1966 meum
386 1930 427 1977 ¹),
446 1950 497 1956 —
517 1932 552 1967 et
579 1929 625 1966 ad
653 1929 737 1967 illas
765 1930 927 1981 pertinet
954 1931 1222 1982 Propheticum
1243 1932 1358 1971 illud:
1390 1933 1613 1973 Maledicam

85 1992 411 2030 benedictionibus
439 1994 584 2038 vestris,
611 1995 749 2044 quibus
777 2000 813 2033 et
839 1996 914 2033 iam
941 1996 1131 2043 maledixi,
1159 2001 1218 2035 etc
1245 1999 1290 2046 2).

135 2060 171 2095 4.
224 2057 393 2108 Exponit
429 2058 687 2104 Eccksiastes,
714 2060 1117 2098 excommunicationis
1145 2074 1254 2099 usum
1282 2075 1356 2100 non
1388 2063 1508 2100 solum
1538 2077 1613 2102 non

84 2134 249 2172 pugnare
278 2134 360 2158 cum
387 2122 469 2171 lege
497 2123 692 2160 charitatis
722 2123 972 2169 Christianae,
999 2125 1063 2162 sed
1091 2126 1313 2174 gravissime
1341 2127 1452 2164 etiam
1481 2128 1615 2166 violari

83 2187 201 2235 legem
238 2186 430 2223 charitatis
467 2187 503 2223 in
546 2187 713 2224 Ecclesia
752 2187 903 2232 Christi,
932 2189 964 2226 si
991 2189 1184 2238 legitimus
1212 2191 1614 2230 excommunicationis

85 2264 172 2289 usus
199 2263 277 2288 non
306 2251 538 2289 observetur.
594 2251 921 2289 Quemadmodum
951 2254 1051 2290 enim
1078 2253 1240 2291 infidelis
1270 2255 1436 2305 chirurgi
1465 2262 1519 2293 est
1546 2270 1615 2307 pu-

80 2315 220 2354 tridum
247 2327 290 2352 ac
317 2315 472 2352 noxium
500 2315 571 2353 toti
600 2316 747 2366 corpori
773 2317 983 2354 membrum
1010 2317 1050 2355 in
1077 2317 1193 2355 totius
1227 2320 1393 2370 corporis
1412 2320 1613 2370 perniciem

81 2381 208 2419 fovere
235 2380 339 2426 velle,
368 2379 680 2431 quemadmodum
708 2381 797 2419 item
814 2382 1035 2420 veneficium
1053 2387 1120 2429 est,
1140 2395 1215 2421 non
1235 2389 1358 2422 autern
1380 2385 1616 2431 beneficium,

82 2446 306 2484 fermentum
336 2445 397 2482 lue
416 2445 539 2496 aliqua
560 2445 740 2483 infectum
760 2447 831 2484 toti
851 2447 1111 2498 conspersioni
1128 2448 1338 2487 immiscere
1358 2450 1463 2496 velle,
1480 2473 1531 2480 —-
1548 2451 1616 2497 ita,

84 2524 168 2548 cum
195 2510 291 2548 nihil
319 2511 367 2548 sit
395 2510 591 2548 nocentius
620 2510 813 2550 obstinato
840 2513 1179 2564 re-(345)bellique
1207 2526 1249 2551 ac
1276 2515 1484 2564 praefracto
1505 2529 1614 2567 pror·

83 2590 146 2614 sus
183 2581 400 2626 contemptu
436 2573 737 2614 admonitionum
766 2590 812 2614 ex
839 2577 954 2615 verbo
984 2577 1054 2615 Dei
1081 2578 1121 2616 in
1149 2578 1290 2617 Christi
1317 2579 1500 2626 Ecclesia,
1526 2595 1612 2631 gra-

82 2642 231 2680 vissime
256 2640 503 2692 proculdubio
532 2645 689 2691 peccant
707 2641 875 2680 Ministri
894 2643 996 2681 illius
1015 2664 1065 2671 —
1084 2643 1218 2681 nedum
1238 2648 1279 2683 ut
1297 2645 1401 2683 illam
1419 2651 1543 2684 ament
1562 2668 1612 2675 —

82 2705 147 2756 qui
178 2705 359 2744 infectum
392 2706 454 2743 lue
489 2705 560 2742 hac
595 2705 737 2743 exitiali
764 2707 971 2745 membrum
1000 2708 1118 2759 ipsius
1145 2708 1299 2760 aliquod
1335 2710 1374 2748 in
1408 2711 1609 2762 perniciem

80 2771 196 2809 totius
224 2771 390 2821 corporis
426 2771 523 2808 alere
559 2770 654 2808 inter
692 2785 770 2810 sese
797 2773 996 2824 fovereque
1022 2779 1190 2824 pergant,
1225 2788 1268 2812 ac
1295 2789 1371 2814 non
1400 2777 1525 2828 potius
1552 2782 1611 2815 to-

126 2896 150 2936 ¹)
173 2897 290 2931 Matth.
315 2899 342 2929 5.
469 2899 496 2938 ²)
521 2898 636 2931 Malae.
660 2900 691 2932 2.
