1830 3147
62 1545 79 1576 1
104 1543 244 1577 Timoth,
266 1544 292 1577 I.

62 1589 142 1619 Gen.
168 1590 194 1626 l,
209 1589 257 1625 12,
275 1587 325 1620 17.

60 1630 203 1663 Ioannis.
227 1633 255 1662 5.

64 1673 231 1705 Actorum.
256 1671 304 1704 17.

63 1715 230 1756 Ephesios.
256 1716 283 1746 l.

60 1757 151 1792 Joan.
178 1759 203 1798 l,
227 1760 278 1791 20,

62 1863 180 1896 Psalm.
204 1863 233 1895 2.

64 1906 184 1938 Matth.
207 1905 237 1937 3.

64 1948 207 1981 Ioannis
231 1949 260 1985 1,
283 1949 311 1980 3.

64 1992 153 2022 Ioan.
179 1990 227 2028 14,
251 1992 302 2023 21.

67 2035 201 2065 Roman.
225 2034 254 2065 9.

66 2076 208 2107 Ioannis.
232 2077 259 2115 1,
286 2078 313 2108 5.

65 2119 165 2151 Hebr.
189 2120 218 2150 1.

68 2162 82 2192 1
110 2162 256 2195 Corinth.
278 2162 308 2195 8.

68 2204 167 2235 Hebr.
191 2205 220 2236 2.

64 2247 182 2279 Matth.
206 2248 236 2280 1.

70 2751 209 2784 Ioannis.
233 2751 260 2783 1.

70 2796 210 2826 Galatas.
232 2797 262 2825 4.

70 2837 213 2870 Genesis.
236 2837 265 2876 3,
282 2837 333 2869 22.

341 81 414 118 514
862 90 953 118 cA'r.
982 91 1092 119 Ecct.
1122 91 1222 118 EMD.

392 259 426 295 5.
482 256 704 305 (Descendit
729 257 777 295 ad
803 256 978 305 inferos),
1003 257 1112 295 tertia
1146 257 1206 296 die
1233 256 1440 296 resurrexit
1469 247 1520 294 ex*
1550 253 1724 293 mortuis.

392 387 427 423 6.
481 384 666 423 Ascendit
692 385 730 423 in
759 384 917 431 coelum,
945 384 1047 422 sedet
1074 385 1120 423 ad
1152 385 1344 424 dexteram
1373 384 1443 423 Dei
1474 383 1597 422 Patris
1627 382 1751 421 omni-

342 449 521 500 potentis,

397 579 430 618 7.
485 576 581 615 Inde
608 581 789 615 venturus
817 581 872 615 est
901 577 946 615 ad
975 576 1221 615 iudicandum
1252 577 1358 615 vivos
1386 590 1429 615 ac
1457 579 1641 615 mortuos.

396 776 431 811 S.
485 771 606 810 Credo
634 772 672 809 in
702 771 887 823 Spiritum
917 773 1111 810 Sanctum.

395 904 431 940 9.
484 902 661 939 Sanctam
691 902 985 951 [Christianam]
1017 900 1225 939 Ecclesiam
1254 899 1544 949 (Catholicam).
1593 900 1753 938 Sancto-

345 979 425 1004 rum
455 966 778 1004 communionem.

397 1033 459 1071 10.
514 1031 793 1069 Remissionem
823 1035 1079 1083 peccatorum.

396 1162 458 1198 11.
514 1159 649 1198 Carnis
678 1160 1007 1199 resurrectionem.

400 1291 460 1328 12.
516 1289 566 1327 Et
594 1288 708 1327 vitam
737 1291 942 1328 aeternam.

984 1353 1036 1392 Q..
1066 1356 1129 1392 30.

398 1418 502 1457 Quid
534 1418 656 1457 credis
684 1419 722 1456 in
752 1417 876 1469 primo
906 1418 1028 1469 capite
1058 1417 1102 1456 de
1130 1417 1210 1455 Deo
1239 1417 1373 1455 Patre?

399 1611 518 1649 Credo
558 1624 685 1649 verum
723 1614 917 1649 aeternum
953 1612 989 1648 et
1016 1610 1143 1648 vivum
1173 1609 1294 1648 Deum
1322 1622 1391 1648 nos
1421 1622 1625 1661 omnesque
1654 1622 1756 1648 crea-

346 1679 464 1720 turas,
491 1680 571 1713 tum
602 1675 818 1722 condidisse
848 1679 927 1712 tum
958 1687 1180 1713 conservare
1208 1688 1368 1726 eumque
1388 1688 1458 1712 nos
1476 1687 1542 1725 per
1562 1674 1754 1713 Christum

348 1741 474 1778 Iesum
502 1740 542 1778 in
569 1740 668 1778 filios
696 1740 769 1777 sibi
797 1739 997 1790 adoptasse
1025 1744 1061 1777 et
1087 1739 1291 1790 propitium
1321 1739 1433 1777 nobis
1460 1751 1540 1776 esse
1567 1741 1729 1779 Patrem.

402 1870 510 1908 Quae
538 1872 594 1907 est
621 1868 777 1907 secundi
807 1868 941 1919 capitis
970 1869 1158 1907 sententia
1188 1869 1234 1907 de
1260 1869 1347 1907 Iesu
1376 1869 1555 1908 Christo?

400 1999 523 2037 Iesum
554 1999 744 2036 Christum
764 2011 845 2036 esse
864 2011 992 2036 verum
1013 2000 1309 2046 (co->aeternum
1329 2003 1364 2037 et
1382 1998 1617 2048 unigenitum
1638 1998 1757 2036 filium

349 2063 484 2109 Patris,
513 2076 641 2100 verum
672 2062 791 2099 Deum
821 2075 905 2099 cum
933 2062 1012 2100 Deo
1042 2075 1106 2113 per
1133 2075 1242 2113 quem
1271 2062 1397 2100 omnia
1415 2063 1513 2100 facta
1533 2066 1633 2109 sunt,
1648 2075 1757 2113 quem

350 2141 420 2177 ego
449 2133 646 2179 propterea
675 2126 777 2177 quod
806 2139 874 2165 nos
903 2126 1101 2165 redemerit
1129 2126 1334 2166 Dominum
1363 2130 1533 2165 nostrum
1562 2131 1599 2165 et
1618 2127 1756 2165 libera-

351 2196 471 2231 torem
501 2204 681 2242 agnosco.

981 2255 1041 2294 Q.
1072 2258 1133 2293 32.

406 2320 609 2359 Quomodo
640 2319 928 2371 Rcdemptionis
958 2323 1111 2357 nostrae
1139 2332 1234 2371 opus
1261 2319 1430 2371 peregit?

1041 2384 1088 2422 R.

404 2450 520 2488 Haud
548 2450 668 2493 aliter,
695 2463 807 2501 quam
836 2448 903 2500 qui
932 2454 1142 2500 sequuntur
1169 2450 1340 2488 articulis
1368 2450 1586 2501 explicatur.

990 2513 1040 2553 Q.
1071 2516 1131 2553 33.

404 2579 506 2617 Quid
536 2579 607 2616 hoc
633 2578 794 2616 articulo
826 2578 1033 2627 significas,
1062 2582 1285 2629 conceptum
1314 2591 1393 2617 esse
1414 2578 1458 2616 de
1476 2577 1619 2628 Spiritu
1640 2577 1757 2616 Sanc-

352 2647 405 2689 to,
433 2647 562 2682 natum
592 2657 637 2681 ex
667 2643 789 2680 Maria
823 2642 999 2691 virgine?

405 2772 526 2809 Credo
555 2771 674 2809 filium
703 2771 772 2808 Dei
799 2770 999 2822 praefinito
1022 2776 1191 2822 tempore
1219 2770 1325 2809 iuxta
1345 2769 1614 2822 promissiones
1633 2784 1755 2810 semen

351 2836 541 2884 Abrahae,
575 2849 619 2873 cx
657 2835 803 2884 virgine
842 2834 978 2880 Maria,
1017 2848 1150 2886 purum
1189 2836 1329 2888 absque
1357 2835 1461 2873 omni
1489 2835 1574 2873 labe
1601 2836 1759 2888 peccati,

1363 2900 1374 2912 .
