1830 3147
824 33 891 70 7113
1350 36 1411 82 [A.
1437 36 1482 72 D.
1511 37 1623 84 1554]

89 145 152 181 N⁴'.
180 144 260 179 102.
1085 143 1198 187 [Franks.
1217 146 1294 187 relig.
1307 147 1332 180 tv.
1347 146 1380 180 itu.
1399 146 1622 191 1111119111]

557 260 614 297 Ad
644 261 856 298 ECCLESIAM
884 261 1159 300 Vasnmnnsmr.

136 385 304 432 Legimus
337 383 476 419 litteras
510 381 619 418 latine
651 382 751 418 nobis
786 382 952 426 redditas,
986 383 1126 420 Fratres
1151 385 1188 420 in
1214 386 1367 424 Domino
1393 388 1626 426 observantis-

88 449 186 484 simi!
215 459 302 494 quas
334 444 378 481 ad
410 456 475 480 vos
508 444 642 491 pridem
675 446 711 480 et
737 444 952 480 Genevensis
978 447 1014 480 et
1038 445 1274 484 Lausanensis
1299 449 1533 487 Ecclesiarum
1559 452 1627 488 Mi-

92 509 208 551 nistri,
243 518 444 543 communes
481 505 597 540 nostri
638 505 792 548 Fratres,
831 505 1060 552 scripserunt,
1087 507 1359 556 jprobamusque
1391 511 1627 556 vehementer,

89 569 186 616 quod
218 567 359 603 illorum
392 565 491 601 vobis
525 562 673 602 consilio
706 565 741 601 in
779 568 898 602 vestra
931 578 1025 601 1111110
1058 579 1161 602 causa
1186 569 1359 606 utendum
1384 584 1458 608 esse
1482 575 1628 620 putave-

88 630 186 666 ritis:
223 628 284 665 sed
317 639 490 671 veremur,
524 640 567 663 ne
602 639 674 663 non
700 627 785 662 satis
823 626 892 662 illis
919 628 1160 674 expresseritis
1185 641 1301 665 rerum
1326 631 1407 668 istic
1433 636 1629 669 vestrarum

89 691 248 727 omnium
291 689 426 732 faciem,
464 691 639 736 quantum
675 689 816 736 quidem
853 701 895 724 ex
929 701 1049 725 eorum
1083 689 1214 727 litteris
1245 704 1430 738 possumus
1464 694 1629 732 iudicare.

88 753 248 788 Primum
273 751 365 787 enim
392 750 597 787 existimant
621 763 728 786 unam
753 753 862 797 atque
887 749 1030 807 eandem
1064 763 1140 788 esse
1172 758 1207 788 et
1241 756 1393 790 vestram
1420 758 1456 791 et
1481 755 1628 803 hospitis

91 817 229 849 vestrae
270 811 449 848 Ecclesiae
489 810 697 854 doctrinam,
733 813 797 847 aut
839 811 871 847 si
905 811 992 858 quid
1025 814 1080 847 est
1106 812 1250 857 dissidii,
1284 813 1320 850 id
1354 815 1525 852 eiusmodi
1559 830 1629 853 non

89 886 175 917 esse,
201 876 244 909 ut
269 885 332 909 vos
358 872 508 908 invicem
533 872 594 908 alii
619 872 705 909 alios
730 874 874 920 propter
899 872 987 908 illud
1013 873 1102 910 serre
1126 887 1198 910 non
1223 874 1390 912 debeatis.
1440 877 1575 914 Deinde
1600 878 1630 914 si

87 948 178 982 quae
196 947 259 971 vos
277 935 314 970 in
334 934 483 982 receptis
501 934 582 969 istis
601 934 730 970 ritibus
752 946 899 981 quoquo
924 934 1028 970 modo
1055 935 1250 980 offendunt,
1269 949 1308 973 ea
1325 938 1440 974 omnia
1457 939 1500 974 ad
1517 952 1628 986 quan·

88 996 168 1031 dam
193 994 433 1030 infirmitatem
466 993 588 1029 referri
614 993 743 1030 volunt
772 995 812 1042 ¹),
847 1007 953 1041 quam
986 994 1086 1030 vobis
1117 995 1250 1043 alioqui
1282 997 1520 1044 perferendam
1554 1012 1629 1035 esse

88 1059 244 1093 censent.
293 1056 479 1092 Postremo
520 1055 752 1100 arbitrantur,
785 1068 849 1092 vos
882 1068 946 1103 pro
979 1057 1128 1103 privatis
1163 1056 1336 1094 duntaxat
1362 1060 1524 1096 membris
1549 1061 1627 1097 hos—

88 1117 172 1165 pitis
207 1116 384 1153 Ecclesiae
415 1116 590 1152 habendos
623 1129 707 1161 esse,
743 1116 871 1164 quibus
897 1116 1000 1165 plura
1025 1130 1108 1154 sane
1134 1121 1219 1154 sunt
1256 1119 1460 1166 perferenda
1484 1134 1629 1169 peregre

88 1177 303 1224 praesertim,
321 1189 426 1224 quam
444 1177 474 1212 si
491 1177 554 1223 qui
572 1178 640 1226 [in]
659 1180 688 1225 2)
707 1178 847 1226 publico
865 1178 1044 1214 Ecclesiae
1062 1178 1265 1216 Ministerio
1283 1185 1480 1218 versentur.
1506 1183 1629 1230 Atque

88 1238 139 1275 ita
166 1239 306 1275 demum
327 1251 388 1274 vos
414 1239 604 1275 hortantur
627 1239 671 1275 ad
688 1240 844 1275 omnium
879 1239 960 1276 istie
986 1240 1210 1276 tolerantiam
1235 1254 1315 1277 cum
1341 1243 1436 1278 omni
1461 1243 1630 1280 modestia

88 1300 324 1343 coniunctam,
365 1312 410 1336 ne
449 1311 470 1334 a
506 1299 635 1346 quibus
670 1299 820 1346 benigne
853 1299 1007 1346 hospitio
1041 1301 1177 1348 excepti
1211 1301 1309 1345 estis,
1344 1300 1386 1337 ab
1422 1302 1464 1337 iis
1489 1302 1629 1338 demum

91 1360 175 1396 data
207 1359 278 1396 illis
305 1372 366 1407 per
391 1364 543 1395 vestram
570 1359 807 1396 temeritatem
833 1360 1017 1397 occasione
1048 1360 1303 1409 propellamini,
1329 1364 1371 1398 ut
1396 1362 1553 1399 homines
1578 1377 1628 1400 56-

89 1421 210 1458 ditiosi
235 1426 271 1457 et
296 1421 475 1457 societatis
501 1420 766 1458 Ecclesiasticae
791 1421 1068 1469 perturbatores.
1111 1423 1208 1459 Haec
1233 1422 1333 1459 nobis
1356 1436 1490 1459 summa
1507 1437 1627 1461 eorum

91 1495 167 1518 esse
193 1482 345 1526 videtur,
382 1494 472 1528 quae
497 1483 534 1518 in
559 1482 691 1518 litteris
716 1483 881 1518 Fratrum
906 1483 1050 1519 illorum
1076 1489 1280 1520 nostrorum
1306 1485 1543 1521 communium
1568 1487 1626 1522 ha-

88 1543 230 1588 bentur,
261 1543 305 1579 ad
339 1555 444 1590 quam
469 1542 605 1589 reliqua
630 1543 747 1578 omnia
772 1543 893 1579 referri
920 1543 1022 1579 facile
1047 1544 1196 1590 possint.
1253 1544 1330 1580 Nos
1356 1557 1461 1592 porro
1489 1552 1625 1593 optare-

90 1616 179 1647 mus,
213 1603 257 1639 ad
288 1616 368 1639 611111
401 1615 438 1639 50
462 1603 545 1639 istic
571 1602 711 1638 modum
738 1603 862 1639 habere
888 1603 1014 1647 omnia,
1040 1603 1083 1639 ad
1109 1617 1215 1651 quein
1240 1605 1381 1641 modum
1406 1605 1559 1650 Fratres,
1585 1610 1627 1644 ut

88 1667 244 1713 apparet,
270 1665 325 1700 illi
352 1664 470 1701 omnia
496 1678 532 1701 se
557 1664 682 1701 habere
708 1668 847 1712 putant,
883 1670 930 1709 et,
965 1665 995 1701 si
1020 1678 1075 1701 res
1100 1666 1152 1702 ita
1176 1679 1213 1702 se
1238 1666 1319 1703 istic
1345 1666 1522 1712 haberent,
1549 1669 1626 1704 nul-

87 1726 162 1762 lum
203 1738 286 1762 sane
319 1725 418 1761 vobis
450 1725 545 1762 aliud
578 1726 684 1762 etiam
718 1726 903 1762 consilium
938 1726 1019 1762 dare
1044 1727 1106 1763 hac
1132 1727 1168 1762 in
1193 1732 1291 1774 parte
1316 1741 1507 1775 possemus
1557 1730 1625 1766 Sed

89 1801 170 1824 cum
211 1787 279 1823 alia
310 1787 416 1834 longe
449 1787 492 1823 ad
517 1800 581 1823 nos
607 1787 710 1823 istinc
744 1790 780 1823 et
805 1788 947 1834 quidem
979 1801 1040 1836 per
1066 1790 1203 1825 vestros
1237 1789 1378 1826 Fratres
1409 1791 1625 1835 adferantur,

89 1862 179 1895 quae
205 1848 305 1885 nobis
330 1849 367 1884 111
393 1861 515 1885 caussa
540 1852 634 1892 sunt,
662 1851 704 1885 ut
730 1849 764 1884 111
791 1850 1011 1896 approbanda
1035 1850 1201 1886 Fratrum
1226 1850 1379 1894 illorum,
1406 1852 1467 1899 qui
1492 1852 1535 1888 ad
1561 1866 1625 1889 vos

89 1911 307 1958 scripserunt
332 1911 509 1946 sententia
533 1910 694 1946 nonnihil
719 1910 857 1947 haerere
883 1914 917 1947 et
931 1911 1093 1958 graviora
1106 1912 1188 1948 istic
1209 1918 1363 1949 metuere
1382 1926 1558 1960 cogamur,
1575 1934 1624 1943 —-

89 1974 205 2009 visum
240 1975 303 2016 est,
338 1985 402 2008 vos
436 1972 668 2019 quorundam,
701 1978 931 2020 posteaquam
965 1977 1121 2010 nostram
1148 1975 1252 2010 etiam
1278 1975 1459 2022 requiritis
1485 1979 1624 2014 senten-

89 2033 187 2076 tiam,
229 2033 347 2080 paucis
380 2033 564 2069 admonere
596 2033 634 2069 iu
666 2033 840 2070 charitate
875 2037 911 2070 et
936 2034 1100 2071 libertate
1126 2035 1337 2079 Christiana,
1370 2039 1412 2072 ut
1438 2049 1474 2072 re
1499 2037 1625 2074 melius

89 2106 235 2131 excussa
269 2107 331 2130 vos
366 2094 505 2130 demum
541 2094 607 2142 ipsi
632 2095 866 2143 perpendatis,
902 2095 987 2142 quid
1013 2096 1113 2131 vobis
1140 2096 1281 2132 tandem
1306 2097 1522 2143 sequendum
1548 2111 1625 2135 esse

87 2156 267 2199 statuatis,
294 2168 357 2203 pro
384 2168 423 2191 eo
449 2167 488 2191 ac
513 2155 685 2199 videritis,
711 2169 795 2191 1111111
822 2169 904 2192 vera
928 2156 971 2192 ad
996 2169 1059 2193 nos
1085 2157 1190 2193 istinc
1206 2158 1438 2205 perferantur.
1464 2160 1622 2196 Primum

88 2216 198 2262 igitur
229 2216 267 2250 in
292 2228 333 2251 eo
358 2216 550 2259 haeremus,
575 2229 660 2251 num
686 2216 846 2253 doctrina
881 2229 970 2264 quae
995 2217 1077 2253 istic
1111 2218 1265 2254 traditur
1299 2219 1346 2254 sit
1378 2232 1448 2255 una
1479 2233 1623 2268 prorsus

87 2279 196 2322 atque
237 2275 355 2311 eadem
393 2289 473 2312 011111
505 2279 623 2312 vestra
656 2277 812 2324 adeoque
839 2279 876 2313 et
901 2281 1034 2321 nostra,
1069 2278 1220 2325 denique
1255 2282 1290 2315 et
1317 2292 1435 2316 eorum
1467 2281 1622 2328 ipsorum

89 2338 151 2384 qui
185 2337 228 2373 ad
254 2350 316 2373 vos
341 2338 560 2385 scripserunt
593 2337 758 2374 Fratrum
783 2339 954 2383 doctrina,
989 2343 1051 2375 aut
1077 2353 1162 2376 num
1189 2341 1359 2378 eiusmodi
1385 2343 1456 2378 sint
1482 2346 1517 2379 et
1541 2344 1625 2380 istic

88 2398 231 2434 dissidia
272 2398 463 2441 doctrinae,
502 2401 544 2435 ut
570 2412 689 2436 eorum
725 2401 863 2437 nomine
896 2401 1128 2437 traducantur
1160 2402 1431 2449 proscindantur
1463 2417 1502 2440 ac
1537 2405 1624 2442 diris

88 2459 250 2495 omuibus
292 2459 534 2495 devoveantur
576 2473 706 2504 omnes,
741 2462 802 2508 qui
836 2461 878 2497 ab
912 2462 1049 2509 hospite
1083 2465 1201 2499 vestra
1225 2463 1383 2500 Ecclesia
1408 2464 1624 2502 dissentiunt

89 2520 162 2556 ullo
204 2520 319 2556 modo.
369 2521 473 2566 Quod
506 2521 534 2557 si
567 2524 687 2558 vestra
721 2522 880 2559 doctrina
913 2524 964 2559 ita
989 2528 1042 2559 est
1067 2523 1181 2560 invisa
1204 2524 1297 2569 istic,
1323 2530 1365 2561 ut
1389 2526 1562 2572 audimus,
1587 2530 1623 2564 et

89 2580 171 2616 alibi
195 2581 329 2628 alioqui
354 2581 502 2617 invisam
529 2594 603 2618 esse
628 2583 774 2618 nimium
802 2584 887 2619 satis
914 2584 1050 2632 experti
1075 2597 1211 2622 sumus:
1239 2598 1363 2633 nempe
1387 2589 1440 2630 ut,
1467 2600 1538 2624 non
1563 2588 1621 2624 ad·
1651 2588 1657 2597 ²

90 2641 204 2678 missis
246 2642 329 2678 ullis
362 2643 503 2679 omnino
537 2643 734 2691 colloquiis,
768 2657 830 2692 pro
864 2645 1053 2692 deploratis
1088 2646 1269 2682 haereticis
1295 2647 1444 2683 habendi
1476 2648 1565 2693 sitis,
1592 2650 1621 2686 si

91 2702 272 2740 doctrinae
306 2704 388 2741 istic
413 2707 571 2752 receptae
597 2706 761 2742 assentiri
786 2707 947 2754 protinus
972 2707 1104 2751 nolitis,
1132 2710 1208 2744 tum
1233 2722 1297 2745 nos
1322 2722 1406 2746 sane
1429 2723 1501 2747 non
1527 2712 1620 2748 vide-

93 2776 183 2808 mus,
224 2777 296 2811 quo
330 2769 433 2814 pacto
468 2767 548 2803 istic
582 2770 663 2804 tuta
686 2767 865 2816 liberaque
896 2771 1013 2805 vestra
1043 2770 1258 2806 conscientia
1281 2771 1518 2819 incolumique
1543 2773 1622 2810 doc-

90 2825 206 2861 trinae
230 2829 369 2865 vestrae
394 2827 626 2872 confessione,
653 2842 723 2866 non
749 2829 828 2867 dico
854 2830 1044 2867 Ecclesiam
1070 2834 1225 2869 vestram
1249 2832 1450 2877 instituere,
1476 2834 1537 2871 sed
1553 2835 1622 2881 pri-
