1830 3147
230 151 294 197 [A.
320 151 370 186 D.
394 150 506 197 1545]
962 151 1031 185 594

229 260 293 296 N⁰.
321 259 377 296 29.
1424 257 1527 303 [nard.
1546 269 1567 293 s.
1584 269 1607 293 a.
1625 259 1673 292 llb.
1688 257 1764 302 536]

784 380 843 418 Ad
869 379 1219 417 HARDENBERGIUM.

285 500 363 536 Non
390 500 485 548 prius
510 500 667 537 intellexi
690 501 733 537 de
759 501 824 538 hoc
849 501 985 543 nuntio,
1009 512 1111 548 quam
1136 499 1240 548 plane
1264 500 1330 536 iam
1356 511 1480 547 equum
1507 496 1764 533 conscenderet.

235 558 361 606 Itaque
386 570 491 606 cogor
515 562 552 595 et
577 571 686 606 pauca
712 563 747 596 et
772 560 1026 596 tumultuanter
1051 558 1213 595 seribere.
1260 559 1406 595 Amicus
1432 560 1514 593 tuus
1542 557 1571 601 ¹)
1597 558 1650 592 est
1673 554 1767 603 apud

234 631 309 661 nos,
334 619 393 655 sed
419 624 562 667 cuperet
587 621 745 657 nonnihil
770 620 824 657 hic
851 620 992 657 haerere
1016 620 1130 656 adhuc
1156 622 1297 668 propter
1320 622 1432 656 certas
1458 629 1593 661 causas,
1608 628 1672 653 nec
1688 615 1770 652 mihi

233 680 469 716 inconsultum
496 680 653 724 videturs
676 682 705 718 si
730 685 767 718 tu
793 682 827 718 id
853 680 956 718 modo
983 681 1071 717 ferre
1097 681 1219 728 possis.
1267 680 1343 727 Ego
1367 682 1507 727 propter
1530 678 1627 715 illum
1654 677 1771 714 Halti-

234 740 313 775 liam
340 741 369 785 2)
405 741 553 787 pessime
590 741 695 777 audio
718 741 811 789 apud
834 742 950 778 aulam
979 741 1224 778 Brabauticam
1250 746 1372 788 estque
1397 740 1432 777 id
1457 739 1539 776 mihi
1565 738 1769 775 nominatim

232 801 405 837 obiectum
431 802 523 848 apud
549 802 721 850 Principis
748 806 886 839 nostrae
912 802 1142 844 consiliarios,
1170 814 1247 838 eum
1273 801 1365 849 apud
1390 801 1562 849 Reginam
1581 804 1610 844 3)
1635 802 1768 835 essent:

231 861 293 896 scd
327 873 380 896 me
412 861 496 897 nihil
530 866 674 899 movent
703 863 791 900 istae
822 863 1077 905 accusationes,
1112 863 1180 899 imo
1212 874 1294 898 vero
1327 864 1484 909 optarem
1517 864 1655 897 centum
1682 859 1769 896 tales

234 921 402 957 Haltiliae
435 921 478 957 ad
510 934 574 958 nos
607 923 766 959 venirent
800 926 835 960 et
870 935 935 972 ego
962 923 1029 960 illis
1055 923 1218 971 prodesse
1245 934 1388 970 possem.
1437 920 1524 958 Heri
1550 921 1632 957 mihi
1656 921 1769 957 adfuit

232 981 370 1028 quidam
396 983 583 1026 Heuricus,
607 983 688 1020 olim
715 984 896 1028 Miuorita,
921 996 1014 1021 nune
1040 984 1075 1020 iu
1100 984 1212 1022 Frisia
1227 982 1381 1019 Occidua
1394 981 1522 1018 alicubi
1539 981 1764 1029 Capellanus,

236 1046 274 1078 ut
299 1047 436 1080 vocant.
468 1044 504 1080 Is
526 1044 570 1081 ad
597 1048 631 1081 te
656 1046 800 1093 cogitat,
824 1057 904 1082 nam
929 1057 967 1081 se
993 1045 1056 1082 tibi
1082 1048 1203 1081 notum
1229 1056 1304 1081 esse
1329 1043 1485 1092 adeoque
1510 1045 1545 1080 et
1564 1043 1765 1079 familiarem

233 1103 339 1138 suisse
363 1104 461 1140 dicit.

279 1164 355 1212 Ego
380 1177 499 1202 rursus
524 1165 578 1202 hic
603 1165 734 1213 proelia
757 1165 868 1202 multa
892 1166 1045 1202 sustinui
1069 1178 1090 1203 a
1116 1165 1252 1203 Comite
1278 1165 1419 1209 Ioanne,
1454 1165 1516 1202 sed
1540 1166 1695 1213 Principi
1719 1165 1764 1201 vi·

233 1237 309 1260 sum
335 1229 402 1268 est,
427 1230 466 1262 ut
489 1225 540 1262 illi
565 1226 614 1262 nil
638 1226 883 1274 respondeam:
910 1238 946 1262 se
971 1235 1171 1264 curaturam
1196 1239 1272 1263 mea
1296 1227 1412 1263 omnia
1436 1227 1527 1274 apud
1544 1227 1714 1274 Reginam
1733 1229 1769 1262 et

233 1285 358 1322 ubivis.
408 1285 465 1322 Ad
498 1286 707 1333 Scepperum
732 1285 763 1329 ⁴}
797 1288 913 1322 tamen
948 1287 1109 1327 scribam,
1145 1286 1205 1333 qui
1238 1286 1320 1321 mihi
1354 1286 1507 1322 infensus
1531 1298 1607 1322 esse
1631 1285 1769 1323 dicitur.

233 1347 370 1393 Regina
395 1346 561 1383 Poloniae
586 1346 699 1382 iunior
711 1345 757 1390 ⁵),
784 1346 992 1382 Ferdinandi
1018 1347 1127 1394 Regis
1152 1346 1327 1388 filia,ante
1345 1346 1612 1393 sesquimensem
1631 1348 1768 1382 mortua

232 1413 295 1444 est.
335 1408 461 1444 Petrus
485 1409 718 1444 Traiectensis
744 1407 774 1454 G)
800 1408 834 1443 in
861 1407 973 1443 reditu
998 1410 1053 1443 est
1076 1420 1118 1443 ex
1145 1408 1254 1454 patria
1281 1419 1365 1444 mea.
1392 1407 1644 1454 Exspectamus
1669 1407 1768 1443 illum

234 1469 268 1504 in
302 1468 413 1505 horas.
449 1469 599 1517 Scripsit
632 1468 677 1505 ad
713 1481 766 1504 me
798 1481 835 1505 se
869 1481 939 1504 nou
964 1480 1109 1504 vacuum
1137 1469 1273 1504 venire:
1299 1470 1513 1516 experiemur
1538 1469 1596 1504 ubi
1621 1470 1766 1506 venerit.

233 1529 360 1565 Caesar
392 1530 582 1566 Turcarum
619 1529 758 1571 dicitur,
795 1530 864 1565 imo
898 1528 1065 1565 scribitur
1100 1533 1195 1564 certo
1233 1540 1308 1564 esse
1344 1531 1500 1565 mortuus
1526 1533 1570 1573 ⁷),
1603 1529 1769 1565 instituto

232 1588 376 1625 haerede
414 1590 486 1626 filio
517 1602 580 1626 suo
605 1590 753 1631 iuniore,
779 1590 822 1626 ad
849 1601 947 1637 quem
977 1589 1215 1626 Ferdinandus
1242 1591 1320 1626 Rex
1346 1591 1412 1626 iam
1438 1602 1500 1637 pro
1523 1590 1672 1628 induciis
1698 1603 1768 1628 rur·

232 1661 306 1685 sum
341 1650 446 1688 misit.
493 1650 613 1686 Habes
646 1654 761 1686 nostra
796 1650 922 1686 omnia.
973 1650 1061 1687 Vale
1103 1656 1139 1686 et
1176 1663 1264 1698 quae
1299 1651 1379 1687 istic
1425 1651 1596 1688 habentur
1629 1664 1766 1689 rursum

234 1711 414 1757 perscribe.
449 1712 647 1758 praesertim
680 1711 724 1747 de
758 1711 931 1758 Principis
957 1711 1007 1747 tui
1032 1711 1068 1747 in
1094 1723 1147 1747 me
1171 1711 1297 1754 animo,
1334 1715 1370 1748 et
1392 1712 1420 1748 si
1446 1715 1547 1760 putas
1569 1712 1699 1761 aliquid
1723 1713 1767 1750 ad

235 1770 333 1806 illum
358 1771 576 1808 scribendum
603 1783 692 1808 esse.
718 1772 851 1808 Iterum
876 1770 966 1808 Vale
993 1771 1148 1808 Aemdae
1174 1773 1219 1808 22
1244 1772 1327 1809 Iulii
1352 1772 1458 1809 Anno
1483 1774 1589 1810 1545.

278 1909 303 1949 ¹)
328 1908 471 1941 Drusilla
503 1910 689 1952 Syssinghe.
732 1911 759 1953 2“)
782 1911 892 1944 Primo
923 1912 1039 1944 obtutu
1070 1912 1128 1944 sub
1159 1912 1317 1945 Haltitiae
1347 1913 1476 1946 nomine
1505 1913 1648 1946 Drusilla
1670 1914 1769 1947 latere

235 1962 373 1997 videtur.
410 1964 455 1994 At
485 1964 654 1997 Haltiliam
683 1966 722 1997 ab
752 1977 789 1998 eo
820 1966 976 2008 distingui
1006 1978 1138 2009 prorsus
1161 1967 1285 2006 debere,
1316 1971 1426 2011 aperte
1449 1969 1543 2001 docet
1564 1981 1623 2002 nos
1646 1981 1695 2013 ep.
1719 1971 1770 2009 37,

235 2018 289 2049 ubi
313 2019 474 2051 Halteliae
495 2021 625 2052 nomine
647 2021 766 2053 salutat
789 2021 954 2055 Hardenb.
976 2022 1009 2054 iu
1033 2022 1142 2054 eadem
1166 2033 1226 2064 ep„
1249 2034 1311 2065 qua
1327 2024 1440 2056 scribit
1454 2024 1632 2057 Drusillam
1647 2029 1769 2058 mutam

234 2073 329 2114 plane
353 2074 437 2116 apud
460 2086 492 2107 se
515 2086 594 2109 esse.
637 2077 663 2116 ³)
686 2076 803 2115 Maria,
825 2077 906 2110 Lud.
930 2078 1039 2119 Hung.
1061 2089 1126 2119 reg.
1150 2078 1257 2112 vidua.
1293 2080 1321 2118 ⁴)
1345 2079 1396 2112 Sc.
1419 2080 1589 2112 Cornelius
1612 2081 1653 2114 D.
1677 2082 1769 2123 Scep·

235 2140 340 2170 perus,
365 2130 473 2162 Caroli
489 2131 517 2162 V
540 2132 728 2164 notissimus
751 2136 860 2165 orator
883 2144 907 2166 s.
930 2133 1064 2175 legatus.
1087 2134 1138 2166 Cf.
1161 2134 1228 2166 eius
1251 2135 1421 2176 legationis
1445 2147 1530 2169 narr.
1553 2137 1585 2168 in
1603 2148 1669 2170 o.s.
1684 2137 1770 2171 laud.

236 2187 310 2219 Bar.
334 2187 380 2219 St.
405 2180 534 2227 Genois,
558 2189 643 2230 quod
666 2190 836 2221 citavimus
859 2190 899 2221 ad
921 2190 982 2232 Ep.
1006 2190 1035 2223 3.
1079 2191 1105 2231 5)
1129 2191 1296 2223 Elisabeth
1320 2192 1347 2223 ei
1371 2203 1491 2224 nomen
1511 2196 1579 2225 erat
1602 2194 1703 2236 deque
1725 2194 1771 2226 in·
1799 2207 1801 2209 ·

237 2242 360 2273 dustria
382 2243 489 2275 iunior
512 2245 623 2286 regina
646 2245 879 2287 appellabatur,
902 2248 939 2277 ut
962 2257 979 2278 a
1002 2246 1112 2287 regina
1134 2246 1231 2279 vidua
1254 2248 1345 2280 Bona
1369 2248 1615 2283 discerneretur.
1639 2251 1665 2290 6)
1682 2250 1771 2281 Civis

236 2297 411 2332 Emdanus.
435 2299 486 2332 Cf.
508 2300 684 2339 BENINGA‚
706 2311 737 2335 ο.
758 2301 781 2335 l.
803 2312 835 2343 p.
858 2300 930 2335 788,
973 2303 1001 2342 ⁷)
1025 2302 1115 2347 Obiit
1137 2302 1280 2335 Soliman
1303 2304 1323 2335 4
1346 2304 1434 2346 Sept.
1457 2305 1550 2338 1566.

237 2500 299 2538 ΝΟ.
322 2504 378 2539 30.
1499 2509 1601 2555 [nord.
1621 2511 1675 2547 ll'ss,
1692 2510 1766 2555 iaz]

813 2629 870 2667 Ad
897 2630 1184 2669 ssmmcmom.

290 2743 496 2795 Iampridem
523 2747 648 2798 magno
673 2749 843 2787 desiderio
868 2755 1014 2798 expecto
1040 2752 1156 2789 literas
1182 2758 1217 2789 et
1242 2757 1319 2789 tuas
1344 2754 1380 2788 et
1404 2753 1539 2786 tuorum
1565 2751 1767 2797 symmysta·

240 2816 326 2850 rum,
358 2809 421 2844 Vir
455 2810 674 2846 doctissime!
710 2824 794 2858 quas
820 2812 995 2848 Gerardus
1021 2816 1151 2855 noster,
1178 2814 1236 2860 qui
1261 2812 1357 2848 vobis
1383 2811 1462 2847 istic
1486 2810 1608 2853 adsuit,
1634 2811 1770 2846 Daven-

239 2869 326 2903 triae
358 2880 435 2918 cum
470 2872 651 2906 sarcinulis
685 2872 772 2908 sorte
803 2873 872 2908 suis
903 2872 1050 2920 reliquit,
1084 2876 1208 2920 putans
1233 2874 1313 2912 sore.
1339 2872 1498 2920 quoniam
1525 2872 1596 2918 ipse
1622 2871 1656 2907 in
1683 2872 1767 2907 Bra-

239 2928 389 2966 bantiam
435 2931 499 2965 ilcr
545 2931 755 2975 instituerat,
790 2933 868 2967 illae
904 2934 996 2979 prius
1026 2945 1125 2981 quam
1153 2934 1292 2980 ipsemet
1323 2933 1388 2968 huc
1416 2933 1641 2981 pervenirent.
1694 2933 1766 2968 llas
