1830 3147
847 104 914 140 689
1369 101 1435 147 [A.
1463 101 1506 136 D.
1534 100 1643 146 1553]

114 214 189 249 cius
214 212 351 255 titulus,
379 222 500 259 nempe
525 214 565 247 ut
590 210 637 245 sit
661 221 741 245 caro
765 223 806 247 ex
831 223 931 247 carne
956 214 992 246 et
1016 221 1096 246 ossa
1121 210 1201 245 item
1235 221 1275 245 ex
1307 208 1441 244 ossibus
1465 209 1550 249 01113,
1575 209 1648 254 ipse

114 275 162 311 sit
188 273 339 310 vicissim
363 275 467 319 capnt
491 272 596 308 frater
620 282 659 306 ac
685 283 830 318 sponsus
854 272 961 318 ipsius
994 274 1170 306 aeternus.
1217 269 1315 305 Haec
1348 269 1486 315 inquam
1517 268 1650 315 perspi—

117 346 182 370 cue
207 336 393 375 testantur,
418 333 541 380 quanti
565 331 722 367 Christus
747 332 919 368 Dominus
946 343 1041 367 suam
1067 330 1121 367 hic
1145 332 1180 365 in
1205 330 1306 365 terris
1322 329 1514 365 Ecclesiam
1531 328 1650 369 faeiat,

113 397 153 431 ut
187 395 247 442 qui
277 394 313 429 in
343 393 435 429 illam
475 395 630 440 peccant,
666 392 768 438 culpa
792 405 827 428 se
850 391 1048 428 hauddubie
1084 391 1256 438 profanati
1290 390 1417 437 pariter
1441 387 1651 425 sacrosancti

113 458 149 490 et
174 454 351 502 sanguinis
377 457 411 489 et
436 453 589 500 corporis
614 452 742 488 Christi
767 452 915 487 liberare
940 465 1010 487 non
1036 451 1181 498 possint.

159 515 306 555 Rursus,
331 513 412 548 dum
437 513 553 560 Reges
578 524 617 548 ac
644 512 854 548 Monarchos
880 512 1028 547 altorum
1054 523 1093 547 ac
1118 512 1294 557 pastorum
1315 509 1419 545 titulo
1437 521 1506 544 non
1521 509 1650 544 frustra

113 574 340 622 proculdubio
372 574 486 609 ornari
518 574 689 616 audimus,
724 573 959 619 conduplicari
984 584 1066 608 sane
1090 572 1226 619 culpam
1258 583 1375 607 eornm
1416 570 1653 617 intelligimus,

112 635 142 671 si
166 646 281 672 curam
306 634 483 670 Ecclesiae
509 634 561 670 vel
587 634 764 680 negligant
787 633 842 669 vel
869 633 912 669 ad
938 645 974 668 se
987 645 1057 668 non
1077 634 1245 679 pertinere
1264 635 1405 678 putent:
1443 642 1506 666 nce
1525 630 1648 672 dicam,

115 696 146 731 si
181 695 286 737 illam,
318 694 583 731 antichristiana
615 694 797 742 tyrannide
833 694 1033 740 dissipatam
1075 693 1349 740 longissimisque
1373 703 1414 727 ac
1439 691 1649 738 gravissimis

115 755 295 792 itineribus
327 757 505 803 agitatam.
529 755 658 792 adhaec
683 756 841 792 afflictam
866 758 972 802 atque
998 755 1041 790 ad
1068 766 1104 790 se
1143 754 1281 800 pictatis
1307 752 1431 789 fiducia
1455 753 1649 799 profugam,

113 815 261 864 denique
285 819 321 851 et
345 816 476 851 Christi
500 816 639 851 Domini
663 816 799 852 nomine
824 815 1025 862 supplicem,
1061 818 1263 850 aversentur
1288 815 1483 860 priusquam
1510 812 1652 848 audiant

115 888 156 912 ac
182 877 263 912 diris
290 876 447 912 omnibus
474 876 668 912 devoveant
693 880 728 911 et
768 876 1000 911 condemnent
1033 873 1136 921 idque
1162 875 1227 909 sub
1261 873 1444 921 Euangelii
1468 876 1649 920 praetextu

116 936 261 978 scilicet,
287 937 385 972 euius
411 939 575 984 patronos
600 949 640 973 ac
665 936 859 972 defensores
886 948 961 971 esse
986 937 1202 981 profitentur.

162 997 232 1033 Hic
256 998 362 1044 igitur
385 1001 484 1033 tuum
508 1010 572 1044 ego
597 1000 632 1032 te
657 998 787 1032 factum
813 997 952 1044 propius
978 997 1102 1032 intueri
1122 996 1237 1038 velim,
1262 997 1340 1031 Rex
1361 995 1648 1031 clementissime!

118 1058 286 1093 Venimus
321 1058 365 1093 ad
389 1061 423 1093 te
448 1058 605 1104 dissipati
640 1056 777 1104 perfugi
801 1069 841 1092 ac
866 1057 995 1093 Christi
1032 1057 1169 1092 nomine
1206 1056 1391 1102 supplices.
1439 1056 1505 1097 Tu,
1541 1055 1651 1102 prius-

116 1130 218 1166 quam
254 1131 318 1155 nos
351 1118 471 1155 audire
497 1118 614 1160 velles,
649 1118 840 1154 doctrinam
867 1120 1032 1160 nostram,
1058 1130 1187 1164 nosque
1211 1117 1298 1153 adeo
1320 1117 1426 1163 ipsos,
1454 1117 1488 1152 in
1515 1114 1652 1163 publica

116 1180 281 1215 concione
305 1179 349 1215 ad
374 1192 474 1227 quam
500 1191 562 1214 nos
587 1178 715 1214 deduci
739 1179 884 1217 iussisti,
911 1178 1124 1226 iniquissime
1153 1178 1324 1224 proscindi
1349 1181 1453 1224 atque
1478 1176 1647 1215 damnari.

115 1242 145 1277 si
170 1254 240 1277 non
264 1241 402 1277 omnino
427 1240 579 1280 voluisti,
604 1240 653 1275 ita
677 1241 770 1275 certe
796 1251 914 1285 passus
940 1252 988 1282 es,
1016 1243 1057 1274 ut
1082 1238 1403 1274 condemnationem
1427 1237 1521 1273 illam
1541 1238 1650 1273 nostri

117 1301 255 1337 demum
283 1300 502 1348 propulsione
526 1300 663 1335 minime
687 1299 832 1335 obscure
857 1299 1067 1347 approbaris,
1100 1319 1147 1326 --
1179 1310 1289 1345 neque
1322 1298 1366 1333 ad
1399 1298 1503 1334 ullam
1542 1299 1651 1333 nostri

118 1363 355 1410 purgationem
372 1373 434 1397 nos
461 1361 639 1397 admiseris
666 1373 804 1409 quoquo
831 1361 942 1396 modo-
970 1361 1013 1396 Id
1039 1362 1151 1396 totum
1179 1360 1326 1395 sancita
1345 1361 1459 1395 actum
1477 1371 1562 1402 esse,
1583 1370 1652 1393 me·

117 1424 256 1459 minisse
282 1426 316 1458 te
343 1426 438 1471 puto,
463 1423 554 1470 qnod
580 1422 717 1469 quidem
741 1421 786 1458 ad
810 1423 920 1458 nostri
944 1422 1262 1459 condemnationem
1281 1422 1316 1457 in
1334 1420 1471 1468 publiea
1488 1420 1653 1456 concione

119 1486 259 1519 attinet.
309 1483 427 1529 Atque
452 1495 547 1524 sane,
574 1483 646 1517 sive
671 1494 734 1518 nos
759 1494 819 1528 pro
844 1482 1004 1517 membris
1031 1482 1205 1518 Ecclesiae
1230 1481 1359 1516 Christi
1384 1479 1553 1521 habueris,
1579 1480 1653 1514 sive

122 1556 192 1580 non
215 1542 384 1585 habueris,
409 1563 454 1570 --
481 1542 551 1577 sive
577 1545 713 1577 nostras
737 1541 911 1578 Ecelesias
937 1554 997 1588 pro
1023 1541 1153 1577 Christi
1178 1541 1342 1577 Ecclesiis
1365 1540 1558 1587 agnoveriS,
1584 1540 1657 1575 sive

119 1617 190 1640 non
221 1605 417 1650 agnoveris,
449 1602 652 1638 utrumlibet
684 1602 739 1637 hic
764 1602 826 1638 tibi
852 1602 996 1649 deligas,
1030 1601 1212 1648 utrobique
1237 1604 1272 1636 te
1296 1600 1399 1647 culpa
1423 1601 1596 1646 profanati
1619 1601 1655 1635 in

119 1665 219 1700 nobis
252 1667 287 1699 et
319 1664 445 1699 nostris
479 1662 646 1699 Ecclesiis
678 1663 829 1708 corporis
863 1673 902 1698 ac
937 1662 1114 1708 sanguinis
1143 1661 1272 1696 Christi
1310 1660 1454 1696 liberare
1480 1672 1653 1707 nunquam

121 1725 249 1772 poteris
275 1725 312 1760 in
335 1724 463 1760 indicio
488 1723 564 1764 Dei,
597 1723 664 1758 nisi
690 1726 870 1769 peecatum
896 1726 992 1758 tuum
1018 1733 1197 1769 agnoscas,
1222 1724 1257 1756 et
1282 1721 1419 1767 culpam
1444 1720 1536 1756 illius
1560 1720 1653 1766 apud

122 1786 283 1821 thronum
310 1785 441 1832 gratiae
466 1783 533 1819 Dei
557 1783 761 1830 depreceris.

168 1846 318 1886 Etenim,
355 1845 383 1881 si
418 1857 480 1879 nos
513 1847 716 1890 nostrasque
751 1842 923 1878 Ecclesias
957 1853 1020 1889 pro
1053 1840 1214 1877 membris
1246 1841 1282 1876 in
1315 1840 1485 1877 catholica
1526 1839 1655 1875 Christi

122 1907 266 1944 ecclesia
299 1905 481 1953 agnovisti,
516 1917 601 1952 quos
638 1904 800 1940 videlieet
832 1904 904 1950 ipse
936 1903 1001 1939 sibi
1036 1907 1072 1938 et
1106 1903 1273 1949 sanguine
1309 1914 1373 1937 suo
1401 1899 1655 1948 'preciosissimo

123 1972 357 2005 consecrasset
382 1970 417 2002 et
441 1978 537 2002 sacro
561 1968 680 2002 saneto
705 1965 839 2011 corpori
864 1977 928 2000 suo
952 1963 1162 2006 inclusisset,
1195 1969 1233 2000 tu
1270 1964 1342 2010 ipse
1368 1965 1448 1999 tuus
1472 1963 1527 1998 hic
1552 1963 1656 1998 iudex

123 2033 209 2073 esto,
234 2042 315 2065 num
342 2028 471 2064 Christi
496 2028 634 2063 Domini
660 2039 783 2072 corpus
808 2030 843 2062 et
868 2027 1067 2073 sanguinem
1095 2026 1130 2061 in
1154 2025 1253 2061 uobis
1283 2025 1476 2072 nostrisque
1491 2024 1656 2061 Ecclesiis

122 2092 172 2128 ita
199 2090 432 2131 honoraveris,
456 2093 496 2124 ut
519 2089 563 2123 ab
588 2088 699 2123 altore
723 2091 758 2122 et
784 2091 921 2134 pastore
946 2086 1123 2122 Ecclesiae
1146 2097 1228 2121 suae
1253 2085 1443 2121 debuerant
1468 2084 1653 2120 honorari?

124 2164 202 2188 cum
228 2164 291 2187 nos
318 2150 466 2186 nondum
492 2149 629 2185 auditos
656 2147 828 2195 proscindi
851 2160 891 2183 ac
917 2147 1071 2183 damnari
1097 2147 1258 2194 patereris
1283 2147 1319 2182 in
1343 2158 1383 2182 ea
1409 2146 1585 2188 concione,
1611 2145 1654 2180 ad

124 2226 225 2260 quam
250 2225 323 2252 nos.
348 2212 542 2258 priusquam
570 2214 604 2245 te
629 2209 809 2250 adiremus,
834 2208 958 2245 deduci
982 2208 1136 2244 voluisti.
1166 2208 1290 2254 Neque
1315 2207 1369 2243 hic
1394 2206 1550 2253 pluribus
1575 2207 1655 2242 volo

123 2285 237 2319 agere,
270 2273 329 2308 sed
361 2275 453 2307 tuam
481 2271 588 2317 ipsius
613 2270 858 2305 conscientiam
885 2269 948 2304 hac
971 2269 1006 2304 in
1033 2273 1129 2315 parte
1163 2267 1300 2315 appello
1337 2270 1373 2303 et
1405 2279 1465 2303 oro
1499 2270 1538 2302 ut
1564 2267 1656 2303 illam

127 2334 276 2370 Domino
301 2334 378 2368 Deo
404 2336 468 2367 tuo
493 2330 682 2378 approbare
707 2330 805 2365 velis.

174 2395 211 2430 Si
253 2406 333 2429 vero
366 2406 427 2429 nos
462 2395 666 2439 nostrasque
701 2390 873 2427 Ecclesias
915 2402 976 2437 pro
1016 2389 1175 2425 membris
1210 2388 1339 2425 Christi
1377 2401 1446 2424 non
1477 2401 1512 2424 es
1537 2389 1656 2435 digna-

126 2460 183 2491 tus
226 2465 425 2502 agnoscere,
466 2453 604 2500 gravius
648 2452 760 2488 multo
802 2451 916 2486 adhuc
958 2451 1162 2498 dignitatem
1209 2451 1360 2497 corporis
1407 2453 1441 2485 et
1482 2450 1658 2496 sanguinis

127 2516 257 2552 Christi
298 2516 334 2551 in
376 2514 474 2550 nobis
510 2513 708 2560 profanasti.
766 2513 821 2548 Ne
853 2525 982 2560 quaeso
1018 2512 1071 2548 hic
1096 2512 1317 2548 succenseas!
1370 2512 1423 2546 Re
1458 2511 1534 2558 ipsa
1565 2513 1657 2558 quod

124 2577 200 2613 <lico
233 2588 351 2611 verum
387 2586 462 2610 esse
499 2573 644 2614 videbis,
685 2573 715 2608 si
753 2584 823 2608 rem
859 2573 962 2619 paulo
997 2572 1196 2618 diiigentius
1233 2576 1347 2606 tecum
1374 2577 1533 2618 reputare
1559 2572 1656 2608 velis.

127 2637 289 2674 Graviter
321 2647 403 2671 sane
434 2638 566 2682 peccat,
597 2634 654 2681 qui
691 2634 798 2680 Regis
831 2635 884 2669 sui
918 2633 1142 2668 autoritatem
1181 2633 1374 2668 contemnit
1398 2645 1527 2679 proque
1552 2633 1658 2669 nihilo

126 2698 234 2740 ducit,
271 2698 330 2733 sed
361 2696 470 2732 multo
505 2696 645 2742 gravius
679 2693 789 2730 adhuc
826 2699 957 2741 peccat,
991 2694 1048 2740 qui
1082 2705 1153 2728 non
1185 2693 1390 2740 dignitatem
1429 2692 1530 2729 modo
1554 2698 1657 2740 atque

129 2759 348 2793 autoritatem
376 2757 482 2802 Regis
506 2755 560 2790 sui
586 2766 647 2801 pro
671 2754 778 2790 nihilo
803 2755 910 2796 ducit,
936 2754 994 2790 sed
1020 2754 1154 2800 Regem
1178 2765 1311 2800 quoque
1329 2753 1440 2800 ipsum
1466 2765 1573 2801 regno
1597 2766 1660 2790 suo

131 2819 192 2851 aut
225 2816 314 2852 bona
339 2816 411 2852 eius
439 2818 534 2861 parte
571 2813 716 2861 spoliare
747 2813 996 2860 excludereque
1020 2815 1174 2849 conatur.
1222 2813 1384 2859 Regnum
1409 2824 1510 2859 porro
1534 2812 1662 2848 Christi

135 2876 287 2919 Domini,
329 2876 436 2923 Regis
462 2887 578 2921 regum
605 2875 768 2915 omnium,
793 2875 826 2910 in
853 2874 953 2909 terris
979 2876 1062 2909 sunt
1087 2873 1263 2909 Ecclesiae
1289 2873 1406 2919 ipsius,
1431 2874 1556 2919 quihus
1583 2886 1664 2908 sane

185 2935 233 2970 ΙΙ.
1466 2935 1509 2966 44-
