1830 3147
1619 129 1691 165 141

166 250 299 290 uNolo
337 252 496 288 mortem
521 245 742 299 peccatoris,
785 244 846 283 sed
875 243 1001 295 potius
1027 245 1068 280 ut
1095 241 1289 293 resipiscat
1316 244 1352 279 et
1380 238 1520 283 vivat‚''
1546 239 1700 290 ipseque

160 317 252 356 adeo
274 315 434 366 Spiritus
458 317 623 358 sanctus,
638 315 838 363 perpetuus
865 307 1007 359 alioqui
1035 307 1267 358 glorificator
1294 319 1338 344 ac
1356 304 1463 343 testis
1492 303 1634 342 Christi
1660 303 1701 341 in

158 380 264 418 omni
299 393 364 418 sna
398 376 649 420 institutione,
699 375 768 413 sub
811 375 881 412 hac
916 373 984 411 tali
1019 372 1127 424 panis
1165 385 1208 409 ac
1241 370 1369 422 poculi
1413 368 1703 421 participatione

158 443 335 493 obsignat
371 446 520 480 nostros
557 441 703 479 animos
742 440 869 477 divino
906 438 1032 476 afflatu
1069 449 1134 474 suo
1171 436 1212 473 in
1248 436 1321 473 fide
1364 434 1443 473 eius
1470 433 1587 485 ipsius
1615 445 1704 484 pro-

158 507 361 553 missionis,
405 510 446 544 ut
484 505 584 556 quod
612 517 680 556 pro
709 508 837 542 nostra
867 501 1085 540 infirmitate
1115 499 1312 546 credimus,
1339 499 1377 536 id
1406 499 1565 536 firmiter
1592 497 1705 535 etiam

159 572 380 622 impressum
410 570 588 608 cordibus
617 569 757 607 nostris
784 573 989 606 teneamus.
1029 565 1142 603 Unde
1172 564 1321 602 demum
1350 564 1460 601 facile
1487 566 1542 601 est
1569 561 1707 607 videre,

161 650 272 688 quam
312 637 359 674 sit
396 635 605 674 necessaria
643 633 764 672 nostri
804 633 972 684 ipsorum
1010 629 1220 681 exploratio
1260 629 1299 666 in
1328 627 1401 666 fide
1430 627 1579 665 divinae
1603 625 1707 664 illius

160 701 443 752 promissionis:
472 700 575 737 Nolo
603 702 766 736 mortem
798 695 1019 748 peccatoris,
1047 694 1145 732 circa
1175 694 1322 731 Coenae
1350 692 1569 730 Dominicae
1584 704 1707 738 usum,

161 765 275 817 idque
310 779 375 817 per
404 765 620 815 diligentem
649 764 919 801 beneficiorum
949 759 1089 798 Christi
1117 758 1404 811 reputationem,
1432 770 1526 809 quae
1553 756 1708 808 quidem

165 830 345 881 Spiritum
383 834 554 868 sanctum
590 832 760 867 autorem
805 840 909 865 suum
939 826 1088 864 habeat.
1145 824 1253 862 Circa
1281 823 1403 861 nostri
1428 822 1544 872 igitur
1571 821 1610 859 in
1637 819 1711 858 fide

163 897 383 945 ve-(198)1·a
410 895 705 947 explorationem
734 897 902 931 autorem
930 890 1116 942 imprimis
1144 894 1296 928 nostrae
1323 888 1408 926 fidei
1428 887 1569 925 intueri
1597 899 1711 938 opor-

162 964 229 1005 tet,
257 975 402 1013 nempe,
437 974 528 999 num
566 960 731 998 animum
768 962 939 996 nostrum
983 956 1027 994 ad
1066 955 1259 993 fidendum
1295 954 1445 992 divinae
1470 951 1714 1005 promissioni

167 1030 297 1064 autore
334 1030 463 1064 sancto
491 1025 557 1062 illo
587 1023 856 1073 adorandoque
886 1021 1039 1072 Spititu,
1066 1024 1161 1058 teste
1187 1022 1368 1071 perpetuo
1395 1022 1431 1056 et
1457 1017 1712 1068 glorificatore

169 1090 321 1136 Christi,
347 1104 395 1128 an
423 1103 509 1128 vcro
537 1089 742 1140 impostore
769 1087 836 1125 illo
866 1086 1020 1137 Spiritu,
1047 1085 1112 1137 qui
1140 1098 1178 1123 se
1204 1085 1243 1122 in
1271 1084 1366 1122 lucis
1388 1083 1568 1135 Spiritum
1588 1086 1714 1120 trans-

169 1155 332 1204 figurare
368 1161 534 1201 conatur,
562 1158 626 1192 aut
653 1153 765 1192 etiam
794 1152 916 1190 carnis
946 1155 1096 1190 nostrae
1124 1150 1269 1196 affectu,
1295 1162 1362 1201 per
1388 1147 1546 1186 rationis
1566 1150 1716 1185 nostrae

167 1219 348 1257 iudicium
384 1219 552 1266 recitato,
590 1217 817 1256 commoveri
853 1216 1071 1255 sentiamus.
1133 1216 1250 1253 Porro
1286 1213 1448 1265 Spiritus
1484 1215 1636 1250 sanctus
1663 1211 1716 1249 ita

169 1296 238 1322 nos
279 1284 360 1322 vult
396 1283 547 1321 affectos
584 1296 664 1321 esse
699 1281 963 1334 proculdubi0‚
999 1284 1039 1319 ut
1074 1280 1231 1331 ipsemet
1258 1283 1437 1330 perpetuo
1467 1276 1620 1315 affectus
1649 1279 1719 1323 est,

171 1361 304 1399 nempe
339 1352 382 1386 ut
410 1352 514 1386 extra
544 1348 734 1386 Christum
771 1359 971 1397 arguamus
1007 1349 1119 1396 atque
1156 1356 1374 1382 accusemus
1413 1340 1593 1380 mundum
1630 1340 1717 1379 uni-

170 1426 317 1451 versum
338 1417 372 1450 et
399 1412 583 1463 quidquid
604 1413 644 1450 in
663 1412 730 1449 illo
759 1415 826 1456 est,
855 1424 897 1448 ac
925 1410 1088 1462 proinde
1116 1422 1186 1447 nos
1213 1409 1316 1460 ipsos
1344 1407 1471 1453 etiam,
1495 1427 1546 1436 -—
1575 1405 1719 1444 Christi

171 1491 257 1517 vero
295 1478 409 1516 solius
443 1482 555 1516 testes
593 1490 635 1515 ac
672 1477 942 1527 glorificatores
981 1475 1111 1519 simus,
1148 1474 1236 1511 dum
1276 1471 1485 1510 doctrinam
1522 1470 1641 1522 ipsius
1684 1472 1720 1507 et

171 1544 247 1582 oris
283 1543 405 1581 nostri
441 1543 678 1581 confessione
715 1547 751 1580 et
778 1555 885 1579 verae
921 1540 1072 1592 pietatis
1110 1538 1235 1577 studio
1274 1542 1310 1576 et
1337 1537 1434 1575 vitae
1460 1535 1579 1574 totius
1605 1534 1720 1572 inno-

175 1608 325 1646 vatione
351 1609 583 1659 profitemur.
640 1607 778 1652 Quare,
808 1607 839 1644 si
868 1619 937 1644 nos
963 1605 1064 1643 intra
1092 1617 1162 1642 nos
1188 1603 1290 1655 ipsos
1318 1602 1358 1640 in
1386 1615 1473 1639 vera
1498 1599 1721 1652 promissio·

175 1686 265 1711 num
305 1673 518 1710 divinarum
555 1672 628 1709 fide
670 1672 864 1723 explorare
899 1671 1087 1716 volumus,
1124 1669 1154 1707 si
1181 1668 1272 1706 item
1301 1670 1400 1705 certo
1430 1679 1509 1704 esse
1536 1665 1722 1712 volumus,

173 1750 264 1775 num
304 1737 449 1788 Spiritu
488 1740 618 1774 sancto
655 1741 784 1774 autore
812 1736 859 1773 ad
888 1734 1164 1787 reputationem
1191 1731 1458 1770 beneficiorum
1489 1729 1630 1768 Christi
1657 1741 1722 1767 ex-

174 1801 341 1847 citemur,
386 1801 488 1839 hunc
525 1802 636 1839 talem
675 1800 844 1838 affectum
882 1800 919 1837 in
968 1799 1079 1837 corde
1115 1801 1246 1836 nostro
1284 1788 1497 1848 perquirere
1531 1794 1724 1832 debemus.

174 1867 320 1918 Nempe
355 1870 398 1904 ut
435 1880 519 1904 vere
559 1870 596 1904 et
623 1879 666 1904 ex
695 1866 819 1903 animo
849 1865 959 1904 nobis
986 1864 1150 1902 mundus
1178 1863 1239 1900 hic
1265 1866 1369 1900 totus
1397 1866 1444 1907 et,
1471 1859 1656 1912 quidquid
1682 1859 1723 1897 in

172 1932 238 1970 illo
273 1937 341 1979 est,
376 1933 429 1970 ita
467 1932 676 1983 displiceat,
713 1936 749 1969 et
789 1932 902 1980 (199)
939 1929 1098 1982 proinde
1133 1942 1203 1967 nos
1240 1941 1389 1980 quoque
1424 1926 1497 1978 ipsi
1532 1925 1644 1965 nobis
1670 1924 1723 1962 ita

175 1996 441 2047 displiceamus
490 2000 596 2034 extra
646 1996 851 2040 Christum,
886 1998 930 2032 ut
967 1999 1003 2032 et
1044 1994 1227 2032 mundum
1270 1996 1395 2030 totum
1437 1985 1473 2029 et
1512 2003 1582 2028 nos
1618 1989 1722 2040 ipsos

175 2060 278 2098 aliud
306 2060 401 2098 nihil
420 2074 532 2111 quam
569 2074 787 2098 accusemus
814 2064 926 2111 atque
953 2071 1168 2109 arguaniuS‚
1193 2079 1245 2086 -—
1264 2057 1455 2095 Christum
1484 2066 1572 2093 vero
1601 2053 1723 2090 solum

176 2127 214 2162 et
249 2123 326 2161 vita
363 2127 399 2161 et
436 2123 606 2162 doctrina
635 2129 764 2161 nostra
790 2127 969 2174 perpetuo
998 2121 1209 2172 glorificare
1245 2133 1313 2172 pro
1341 2131 1485 2157 summa
1513 2116 1612 2155 virili
1652 2128 1724 2154 no-

176 2190 253 2223 stra
289 2185 519 2225 studeamus.
583 2186 645 2223 Sic
682 2185 781 2223 enim
819 2185 1010 2236 explorata
1048 2188 1159 2235 atque
1195 2186 1342 2234 reperta
1378 2181 1489 2219 etiam
1524 2180 1564 2217 in
1612 2177 1724 2215 corde

176 2254 309 2289 nostro
354 2250 427 2288 fide
473 2254 604 2288 nostra
651 2250 689 2288 eit
735 2250 880 2287 Coenae
922 2248 1144 2287 Dominicae
1188 2247 1301 2297 digne
1337 2244 1646 2298 participabimus
1683 2243 1721 2281 et

176 2315 341 2353 fructum
369 2315 460 2352 olim
486 2314 737 2366 proculdubio
765 2319 915 2355 nostrae
944 2327 1028 2350 cum
1057 2312 1209 2350 Christo
1237 2309 1527 2353 communionis,
1553 2308 1593 2346 in
1612 2307 1718 2346 cuius

176 2379 251 2418 fide
280 2380 427 2417 Coenae
455 2392 526 2417 usu
553 2379 811 2429 obsignamur,
838 2378 878 2416 in
908 2377 1058 2416 coelesti
1085 2377 1206 2427 gloria
1235 2375 1450 2414 sentiemus.

227 2444 413 2482 Absoluta
449 2443 496 2481 ad
525 2444 626 2481 hunc
652 2444 806 2481 modum
835 2443 1015 2481 concione
1043 2446 1079 2480 et
1121 2441 1287 2480 recitatis
1312 2438 1501 2478 consuetis
1527 2436 1719 2489 precibus,

175 2508 394 2560 priusquam
431 2508 602 2547 Psalmus
639 2514 824 2546 extremus
853 2512 1021 2554 canatur,
1049 2507 1308 2550 Ecclesiastes,
1346 2518 1413 2556 pro
1442 2517 1485 2542 eo
1514 2516 1556 2541 ac
1584 2515 1630 2540 ex
1656 2515 1717 2539 re-

176 2574 290 2625 liquis
328 2573 517 2612 Ministris
553 2578 588 2611 et
617 2574 837 2612 Senioribus
867 2573 1056 2611 Ecclesiae
1094 2571 1293 2617 intellexit,
1321 2570 1534 2615 denunciat,
1563 2567 1715 2619 quinam

178 2638 253 2676 sint
289 2652 310 2676 a
348 2639 495 2676 Coenae
530 2652 602 2676 usu
629 2638 793 2685 arcendi,
821 2638 852 2676 si
879 2651 973 2689 quos
1001 2636 1182 2675 arcendos
1209 2649 1289 2674 esse
1319 2638 1476 2680 constet,
1503 2633 1580 2671 sive
1607 2631 1716 2680 flagi-

176 2703 240 2741 tiis
275 2708 422 2742 tantum
450 2704 638 2750 indicatis,
666 2704 741 2741 sive
770 2703 987 2741 nominibus
1015 2702 1126 2741 etiam
1154 2705 1327 2740 autorum
1356 2698 1508 2745 additis,
1535 2696 1716 2750 quemad-

179 2769 332 2807 modum
359 2773 469 2807 antea
496 2770 608 2820 paulo
637 2769 848 2820 expositum
877 2769 1046 2807 habetur.

230 2833 350 2871 Addit
383 2838 573 2885 praeterea
611 2834 707 2872 hanc
734 2834 847 2872 talem
875 2832 1201 2872 denunciationem
1229 2844 1307 2869 non
1334 2830 1409 2868 alio
1438 2828 1596 2867 consilio
1624 2827 1717 2874 fieri,

179 2911 291 2950 quam
319 2903 360 2936 ut
388 2899 592 2938 facinorosi
629 2900 683 2937 illi
722 2899 890 2937 homines
927 2898 1076 2950 publica
1115 2896 1327 2936 istiusmodi
1365 2894 1654 2948 reprehensione
1681 2897 1716 2932 et
