1830 3147
163 137 233 173 248

173 247 254 286 sine
287 246 376 284 ullis
414 244 568 283 omnino
606 242 973 295 reprehensionibus,
1008 254 1323 293 progressumque
1369 253 1476 279 verae
1511 239 1705 290 religionis

175 326 239 364 per
273 315 422 349 nostrae
457 310 555 348 inter
589 322 659 348 nos
694 308 927 346 infirmitatis
964 307 1179 345 istiusmodi
1205 306 1481 357 indulgentiam
1508 305 1707 349 remorari,

177 376 466 427 haudquaquam
494 374 604 426 plane
633 374 823 411 debemus.

227 445 263 480 6.
303 441 481 479 Monetur
507 439 690 485 Ecclesia,
717 442 884 477 nostram
913 450 1001 487 erga
1028 436 1284 485 De-(568)um
1311 434 1583 485 gratitudinem
1613 448 1704 473 con·

176 507 305 545 sistere
341 519 418 544 non
444 508 591 543 tantum
618 505 659 542 in
693 503 845 555 publica
882 501 958 539 oris
985 502 1027 539 in
1055 505 1163 539 coetu
1190 500 1382 538 Ecclesiae
1409 500 1614 550 gratiarum
1643 512 1706 537 ac-

175 572 278 610 tione
313 575 514 609 externove
545 569 612 606 illo
648 568 767 606 totius
805 566 997 604 Ecclesiae
1032 565 1189 610 ieiunio,
1224 565 1288 603 sed
1314 565 1551 616 potissimum
1579 563 1708 602 inin-

174 641 280 675 terno
308 636 431 674 nostri
458 634 580 673 cordis
607 638 713 672 motu
740 632 786 670 ad
813 630 1120 683 resipiscentiam,
1147 634 1329 682 quatenus
1348 629 1520 667 videlicet
1535 632 1707 666 nostrum

178 716 242 741 cor
278 702 324 739 ad
359 700 581 754 praestanda
618 712 687 751 pro
725 702 853 736 nostra
887 697 987 735 virili
1015 696 1141 734 omnia
1169 694 1413 745 gratitudinis
1442 699 1554 746 atque
1581 694 1712 732 obser·

175 767 323 806 vantiae
357 770 508 805 nostrae
544 777 630 815 erga
658 763 780 801 Deum
808 762 925 800 officia
961 761 1134 800 affectum
1170 774 1249 798 esse
1277 759 1471 798 sentimus.
1524 760 1579 797 Ut
1607 759 1706 797 enim

176 846 240 871 cor
275 836 330 871 est
369 831 551 877 affectum,
587 830 640 868 ita
677 833 713 868 et
740 828 932 879 loquimur
959 831 994 865 et
1021 827 1167 876 agimus
1195 825 1334 871 omnia,
1361 829 1409 870 et,
1438 825 1469 863 si
1496 825 1639 863 nullam
1666 825 1708 863 in

175 897 368 936 affectibus
411 895 534 934 verbis
579 899 690 946 atque
734 893 911 945 operibus
957 892 1097 930 nostris
1130 890 1429 942 resipiscentiam
1466 889 1711 936 declaramus,

175 962 312 1000 frustra
341 960 511 1012 equidem
546 960 658 998 nobis
692 957 937 1009 gratitudinis
975 956 1087 994 ullius
1116 959 1266 994 nostrae
1294 967 1381 1005 erga
1409 953 1528 992 Deam
1557 953 1710 1005 eiusque

174 1025 352 1066 beneficia
381 1024 533 1064 nomine
559 1023 810 1062 blandiamur.

224 1094 259 1134 7.
313 1091 490 1129 Monetur
526 1090 708 1133 Ecclesia,
744 1088 866 1127 Deum
892 1088 945 1125 ita
973 1086 1162 1138 requirere
1190 1088 1360 1124 nostram
1387 1097 1475 1134 erga
1505 1097 1543 1122 se
1570 1096 1712 1135 suaque

173 1157 352 1195 beneficia
386 1154 670 1205 gratitudinem,
706 1157 759 1200 ut,
796 1152 869 1190 nisi
895 1151 1000 1189 illam
1027 1163 1095 1202 pro
1125 1150 1223 1188 virili
1252 1153 1380 1188 nostra
1410 1149 1599 1187 declarare
1630 1151 1709 1186 stu-

175 1223 338 1265 deamus,
372 1224 458 1272 post
495 1220 674 1257 collatum
709 1217 927 1270 praesertim
962 1216 1002 1254 in
1039 1229 1108 1254 nos
1144 1215 1298 1267 aliquod
1326 1215 1444 1266 ipsius
1472 1213 1708 1259 beneficium,

175 1298 424 1324 conversurus
453 1284 501 1322 sit
529 1287 564 1321 et
591 1283 671 1334 ipse
698 1294 847 1319 rursum
885 1293 949 1318 sua
988 1279 1167 1318 beneficia
1195 1279 1235 1316 in
1262 1278 1435 1330 publicas
1462 1291 1598 1329 easque
1624 1290 1712 1327 gra-

174 1351 345 1390 vissimas
382 1349 612 1387 calamitates
640 1347 687 1385 ad
714 1346 943 1399 puniendam
982 1349 1149 1383 nostram
1187 1343 1513 1394 ingratitudinem,
1540 1356 1617 1381 non
1646 1356 1708 1381 ae—

174 1423 280 1456 terna
315 1416 428 1454 modo
465 1414 585 1452 nostri
622 1412 947 1458 condemnatione,
986 1411 1050 1448 sed
1086 1410 1209 1462 plagis
1237 1410 1347 1448 etiam
1378 1409 1540 1461 publicis
1567 1409 1607 1446 in
1635 1408 1711 1446 vita

175 1483 256 1529 hac,
284 1485 325 1520 ut
351 1481 407 1519 ira
433 1480 552 1532 ipsius
580 1479 760 1517 adversus
787 1482 955 1516 nostram
971 1476 1283 1527 ingratitudinem
1302 1475 1444 1513 mundo
1462 1474 1709 1523 e·(569)tiam

175 1548 247 1585 toti
275 1545 475 1597 conspicua
505 1545 582 1582 fiat.
612 1543 699 1581 Huc
728 1555 814 1580 vero
842 1542 1075 1581 inducuntur
1102 1541 1184 1579 loca
1212 1553 1258 1578 ex
1287 1539 1481 1591 scripturis
1510 1539 1645 1591 aliqua,
1672 1539 1713 1578 id

176 1612 298 1663 ipsum
337 1609 597 1655 contestantia,
634 1611 676 1645 ut
716 1611 772 1646 est
808 1606 915 1645 Hier.
955 1619 1033 1657 cap.
1073 1608 1119 1644 18
1149 1610 1185 1643 et
1212 1605 1356 1643 Threni
1383 1605 1561 1644 eiusdem.
1616 1605 1710 1643 Item

180 1675 316 1714 Ezech.
347 1677 382 1720 5,
411 1675 445 1718 7,
473 1676 534 1718 28,
561 1677 597 1711 et
625 1685 719 1724 quae
747 1671 858 1709 huius
885 1671 1033 1721 generis
1061 1670 1153 1708 alibi
1181 1670 1383 1709 habentur.

233 1745 268 1780 8.
311 1740 493 1779 Monetur
520 1738 703 1781 Ecclesia,
732 1737 804 1775 duo
832 1737 945 1775 nobis
972 1736 1136 1774 maxime
1166 1749 1246 1774 esse
1274 1735 1441 1781 vitanda,
1468 1733 1616 1786 quoties
1644 1747 1715 1786 pu-

182 1806 281 1844 blica
315 1805 355 1842 in
391 1817 461 1842 nos
496 1817 517 1841 a
545 1803 708 1841 Domino
736 1801 919 1840 beneficia
948 1801 1022 1839 ulla
1053 1801 1312 1842 conferuntur,
1340 1813 1473 1851 nempe
1512 1799 1715 1848 indulgen·

181 1871 272 1910 tiam
299 1870 416 1908 anir'ni
444 1882 526 1907 cum
554 1868 671 1906 nimia
699 1868 859 1919 quadam
887 1867 1085 1904 securitate
1113 1866 1364 1912 coniunctam,
1384 1869 1420 1903 et
1439 1866 1579 1903 fastum
1595 1878 1715 1915 quen-

184 1936 282 1982 dam,
318 1935 382 1986 qui
416 1934 562 1972 felicem
599 1933 676 1971 fere
711 1945 836 1970 rerum
866 1944 1080 1970 successum
1108 1930 1281 1969 comitari
1309 1943 1453 1982 semper
1481 1930 1586 1976 solet,
1614 1929 1715 1980 quod

182 2014 247 2053 per
284 2000 376 2038 haec
414 1999 500 2043 duo,
535 1998 650 2037 veluti
686 2012 751 2050 per
778 1998 918 2047 gradus
955 1997 1150 2048 quosdam,
1179 1996 1406 2034 deducamur
1434 1995 1643 2047 plerunque
1669 1994 1716 2033 ad

184 2065 255 2103 Dei
290 2064 408 2116 ipsius
437 2063 735 2114 Divinorumque
762 2062 931 2100 omnium
960 2064 1227 2113 contemptum,
1256 2073 1365 2111 quem
1393 2059 1494 2098 Deus
1522 2072 1717 2110 nunquam

185 2130 327 2181 alioqui
353 2129 517 2167 inultum
546 2128 649 2174 sinit,
675 2127 843 2179 adeoque
870 2131 906 2165 et
932 2130 1039 2166 tanto
1067 2125 1219 2176 gravius
1255 2124 1376 2176 punit,
1406 2128 1547 2176 quanto
1575 2124 1717 2161 maiora

184 2194 284 2233 illius
311 2194 349 2233 in
377 2207 448 2232 nos
476 2192 655 2231 beneficia
682 2192 900 2231 extiterunt.

236 2260 293 2298 De
319 2259 378 2298 his
403 2260 454 2297 ita
482 2262 657 2297 monetur
684 2257 865 2303 Ecclesia,
889 2261 933 2295 ut
959 2270 1004 2295 ex
1031 2256 1102 2294 hac
1120 2255 1189 2294 tali
1209 2255 1475 2293 beneficiorum
1494 2254 1719 2293 Divinorum

187 2325 486 2364 consideratione
523 2323 580 2362 sui
616 2337 705 2372 erga
742 2323 862 2361 Deum
898 2322 1009 2361 officii
1044 2334 1186 2360 memor
1231 2334 1310 2359 esse
1353 2321 1485 2359 discat.
1537 2308 1720 2364 Primum,

186 2394 338 2442 propter
381 2389 548 2428 debitum
593 2393 743 2426 nostrae
779 2387 1036 2438 gratitudinis,
1072 2400 1167 2437 quae
1205 2389 1313 2425 tanto
1349 2386 1468 2424 maior
1506 2383 1721 2436 requiritur,

187 2458 328 2505 quanto
357 2457 444 2492 sunt
471 2453 612 2491 maiora
640 2453 834 2497 beneficia,
862 2465 955 2503 quae
982 2452 1023 2489 in
1065 2464 1134 2502 nos
1163 2451 1299 2489 collata
1327 2450 1508 2488 videmus.
1563 2447 1721 2495 Deinde,

185 2522 336 2570 propter
361 2518 614 2569 periculorum
644 2516 944 2567 magnitudinem
970 2516 1010 2554 in
1039 2514 1277 2553 conferendis
1304 2515 1415 2563 (570)
1445 2512 1647 2559 beneficiis,
1674 2524 1720 2550 ex

187 2582 447 2621 observatione
491 2582 745 2626 occasionum,
788 2585 963 2619 autorum
1009 2585 1045 2619 et
1092 2580 1367 2625 conditionum,
1404 2581 1446 2616 ut
1483 2582 1538 2615 est
1566 2577 1722 2616 dictum.

187 2648 392 2691 Postremo,
426 2652 578 2699 propter
605 2646 848 2697 gravissimas
877 2646 947 2684 Dei
976 2646 1300 2690 comminationes,
1331 2644 1470 2695 quibus
1499 2656 1537 2681 se
1562 2642 1627 2681 ille
1655 2656 1721 2681 sua

185 2711 364 2750 beneficia
398 2712 438 2749 in
475 2711 674 2750 horribiles
711 2710 940 2749 calamitates
978 2723 1246 2748 conversurum
1283 2719 1362 2747 esse
1396 2707 1574 2753 minatur,
1610 2707 1639 2744 si
1667 2707 1721 2746 eis

183 2789 248 2829 per
274 2779 443 2814 nostram
470 2775 749 2826 indulgentiam
776 2774 990 2813 abutamur.

236 2840 387 2880 Quibus
413 2839 468 2878 ita
494 2840 670 2878 omnibus
698 2839 897 2884 absolutis,
925 2839 1098 2877 hortatur
1129 2838 1303 2876 Minister
1332 2836 1542 2876 Ecclesiam
1562 2836 1607 2874 ad
1631 2848 1721 2885 gra-

183 2905 317 2944 tiarum
365 2904 552 2944 actionem
598 2917 666 2956 pro
700 2907 852 2955 accepto
891 2903 1084 2949 beneficio,
1122 2903 1228 2942 cuius
1264 2902 1417 2941 nomine
1454 2905 1509 2940 est
1547 2899 1720 2939 instituta
