1830 3147
842 106 910 146 (367
1369 107 1436 153 [A.
1460 107 1507 144 D.
1541 107 1655 155 1551]

114 216 297 262 primum
333 214 552 254 salutem.
579 214 750 250 deinde
789 215 1075 261 dignitatem
1116 218 1160 250 et
1185 215 1586 252 existimationem
1612 221 1657 260 ⁸).

114 277 202 313 llic
239 277 346 313 novi
380 276 503 312 nibil
544 287 665 312 nunc
707 276 1052 323 propemodum
1090 275 1339 319 habemus,
1389 277 1484 313 nisi
1528 277 1655 323 quod

111 337 316 374 classem
363 337 675 378 Caesaream.
725 348 847 384 quae
903 335 1300 373 Maximilianum
1350 337 1655 374 Ferdinandi

114 398 256 444 Regis
297 398 448 434 filium
489 410 539 434 cx
575 398 802 444 Hispania
839 397 1109 438 reducebat,
1146 395 1297 434 denuo
1324 410 1401 444 per
1423 398 1584 434 Gallos
1611 399 1655 434 in

114 460 222 495 mari
259 459 602 495 mediterraneo
628 459 929 506 profligatam
954 472 1053 496 esse
1078 463 1210 498 aiunt
1235 466 1267 502 9)
1304 461 1536 508 ipsumque
1563 460 1657 495 Ma·

113 519 406 556 ximilianum
441 532 574 566 aegre
611 532 656 555 se
692 532 737 555 se
775 520 984 566 periculo
1020 521 1326 562 subduxisse.
1362 521 1548 556 amissis
1585 520 1654 556 in-

114 580 244 616 terim
282 580 491 616 omnibus
535 580 774 616 thesauris
815 592 932 627 quos
981 593 1136 619 secum
1173 582 1393 623 vehebat,
1440 585 1485 617 et
1532 581 1654 617 omni

113 641 228 676 adeo
262 641 568 687 supellectili
603 653 696 677 sua.
757 640 954 677 Videtur
992 643 1157 679 bellum
1195 643 1354 679 indies
1391 642 1537 689 magis
1576 642 1653 677 iu-

114 701 411 737 crudescere.
449 701 548 738 Non
584 701 749 737 desunt
790 705 934 737 tamen
972 703 1047 749 qui
1072 703 1291 740 divinent
1318 703 1446 737 brevi
1472 714 1656 748 compo-

115 762 307 798 nendum
344 774 460 804 csse,
505 766 551 798 ut
584 762 850 798 coniunctis
891 761 1062 799 demum
1096 764 1277 799 viribus
1310 763 1450 809 Papa,
1483 762 1655 798 Caesar

114 827 159 858 et
189 822 352 859 Gallus
386 824 658 860 haereticos
684 823 934 866 invadant,
969 825 1082 871 ipsis
1117 824 1305 860 seilicet
1329 824 1493 860 Turcis
1518 824 1654 859 etiam

119 886 406 921 nocentiors.
455 885 669 921 Venetorum
707 886 854 921 nuncius
880 886 1036 921 narravit
1059 886 1150 933 Regi
1175 886 1338 932 Angliae‚
1366 885 1517 921 'l'urcum
1542 898 1562 920 a
1586 886 1656 920 Ve-

119 947 210 981 netis
247 947 290 982 in
327 947 530 982 suturam
567 951 791 982 aestatem
829 946 1005 993 postulare
1044 950 1178 983 tantum
1218 950 1447 983 commeatum
1484 953 1654 994 quantuni

120 1018 179 1052 per
203 1010 274 1042 tres
301 1018 435 1042 menses
460 1007 620 1043 ducentis
647 1007 820 1042 bominum
847 1006 998 1042 millibus
1022 1007 1179 1042 sufficere
1214 1007 1373 1053 possit.
1421 1006 1553 1046 Quod
1588 1019 1657 1042 re-

117 1066 286 1113 liquum
324 1072 401 1103 est
436 1067 696 1104 commendo
729 1079 791 1102 me
829 1067 1011 1114 gratiae
1053 1071 1096 1103 et
1134 1067 1422 1114 benignitati
1457 1067 1657 1103 celsitu·

118 1126 241 1163 dinis
280 1132 382 1163 tuae
418 1128 794 1170 officiosissime,
829 1131 872 1163 et
910 1127 1046 1164 Deum
1073 1140 1147 1163 oro
1173 1133 1221 1163 ut
1247 1127 1379 1164 nobis
1406 1131 1528 1163 tuam
1554 1128 1657 1164 Cel·

115 1188 368 1224 situdinem
404 1189 482 1224 diu
516 1188 792 1225 incolumem
817 1191 991 1225 servet.
1041 1188 1266 1231 Londini,
1293 1190 1436 1236 prima
1467 1189 1654 1225 Decem·

121 1248 227 1285 bris.
277 1249 408 1285 Anno
435 1251 538 1285 1551.

179 1309 301 1346 Tuae
326 1308 619 1347 Celsitudini
646 1308 1013 1345 Illustrissimae
1037 1308 1390 1345 addictissimus
1416 1309 1631 1351 servitor,

1089 1370 1145 1406 Io.
1173 1370 1195 1406 a
1219 1370 1356 1407 Lisco.
1386 1383 1431 1407 m.
1456 1382 1504 1418 pr.

161 1468 185 1507 ι)
208 1467 275 1498 Aut
297 1466 488 1509 simpliciter
511 1466 550 1498 de
574 1466 712 1498 nummis
735 1467 930 1506 mutuandis,
954 1470 1009 1499 aut
1032 1468 1070 1499 dc
1093 1467 1250 1510 petitione
1274 1467 1413 1510 quadam
1438 1467 1595 1510 intellige,
1621 1471 1657 1500 ut

119 1523 202 1554 Duei
226 1522 374 1554 Prussiae
398 1522 584 1554 Consiliarii
608 1522 743 1564 Angliae
766 1523 863 1565 Regis
885 1523 1000 1555 titulus
1023 1534 1096 1555 cum
1119 1523 1280 1566 stipendio
1304 1523 1495 1561 deferretur,
1520 1527 1555 1555 ut
1570 1524 1654 1556 haud

118 1579 163 1610 ita
185 1589 258 1610 raro
280 1581 357 1609 tuuc
379 1577 449 1609 fieri
470 1577 604 1609 solebat.
637 1578 664 1618 2)
688 1577 736 1610 M.
758 1579 790 1610 S.
813 1578 897 1620 baph
919 1589 948 1610 v.
972 1590 996 1611 S.
1031 1579 1057 1619 ³)
1082 1579 1157 1610 Fuit
1180 1578 1311 1610 nuntius
1340 1578 1394 1609 illc
1425 1579 1529 1609 [ohan
1556 1579 1656 1617 Fides„

121 1635 160 1666 de
194 1645 255 1676 quo
290 1634 354 1665 iam
388 1644 437 1675 ep.
468 1634 506 1664 81
542 1644 573 1664 n.
603 1633 619 1665 l
654 1633 787 1675 egimus.
829 1635 857 1673 ⁴)
882 1635 1159 1665 SOMMERSETHUS
1182 1637 1295 1675 captus
1319 1633 1357 1664 ad
1382 1633 1412 1665 d.
1438 1632 1474 1666 17
1500 1634 1571 1666 Oct.
1594 1635 1654 1667 ³51.

118 1690 273 1728 Rufini-3¹13
297 1701 326 1722 o.
349 1689 369 1721 l.
394 1689 438 1721 ll.
461 1688 532 1721 271.
569 1689 595 1728 ⁵)
621 1689 666 1720 M.
690 1690 721 1720 S.
738 1689 877 1729 paietus.
900 1689 1094 1721 Hauddubie
1118 1689 1206 1720 Lord
1230 1690 1327 1729 Paqet
1350 1689 1463 1727 intell„
1487 1690 1541 1731 qui
1565 1689 1654 1721 brevi

119 1748 193 1788 post
216 1746 247 1776 in
271 1755 389 1777 oarccr.
413 1744 548 1776 conieet.
572 1746 630 1776 est.
653 1744 704 1776 Cf.
731 1745 882 1782 ΒΗΒΝΕΤ,
905 1755 934 1776 o.
958 1744 979 1776 l.
1003 1745 1046 1776 11.
1070 1755 1098 1775 o.
1122 1743 1194 1776 272.
1237 1745 1264 1784 6)
1288 1745 1446 1776 Recenset
1468 1756 1578 1776 eorum
1602 1757 1655 1776 no-

119 1803 206 1833 mina
238 1802 392 1839 BURNET,
416 1812 444 1832 o.
467 1801 488 1832 l.
512 1800 555 1833 ΙΙ.
578 1800 649 1838 271,
673 1801 703 1832 2.
726 1801 752 1840 7)
777 1800 876 1832 Cuius
899 1800 1061 1842 exemplar
1084 1801 1224 1838 miserat,
1248 1811 1276 1833 v.
1301 1811 1351 1842 ep.
1376 1801 1414 1832 68
1439 1806 1471 1832 et
1486 1800 1538 1833 71.
1561 1804 1588 1841 ⁸)
1605 1802 1654 1834 De

117 1858 204 1890 hisee
227 1859 268 1890 cf.
291 1858 396 1895 GRAY,
424 1857 532 1889 Gesch.
554 1868 581 1888 v.
607 1857 770 1888 Preussen.
792 1867 823 1897 p.
848 1856 907 1887 619
931 1866 976 1898 sq.
1001 1856 1042 1887 D.
1066 1856 1106 1888 H.
1130 1858 1307 1895 ARNOLDT‚
1335 1856 1574 1899 Kirclzenyescli.
1600 1858 1652 1889 l’r.

119 1914 157 1947 V.
181 1915 230 1952 12,
253 1914 272 1946 2
295 1925 342 1956 sq.
385 1915 413 1953 ⁹)
437 1913 556 1945 Classis
583 1914 737 1945 Caesarea
768 1923 878 1944 revera
908 1923 951 1944 m.
973 1913 1060 1954 Sept.
1084 1912 1179 1944 huius
1201 1912 1276 1944 anui
1300 1913 1414 1954 gallica
1438 1913 1548 1952 classe,
1573 1913 1652 1946 duce

119 1970 244 2002 Baroue
266 1970 304 2002 de
328 1969 358 2001 la
381 1969 494 2007 Gai-de,
518 1969 550 2000 in
575 1969 654 2000 inari
678 1968 788 2000 mouit.
812 1968 981 2010 profligata
1006 1971 1064 2000 est.

122 2188 183 2225 N⁰.
209 2189 267 2224 83.
1217 2189 1265 2236 [Ex
1282 2193 1351 2226 Arch.
1364 2193 1430 2227 Sur.
1446 2194 1504 2234 neg.
1525 2192 1648 2238 Remum]

329 2323 384 2360 Ad
413 2324 565 2360 MAstcu.
594 2325 900 2360 RuANDcmmnG.
928 2328 964 2360 et
991 2325 1218 2361 Ennc'roneiu
1245 2326 1452 2365 SAxomAe.

169 2457 396 2495 Illustrissimi
421 2462 456 2492 et
481 2457 604 2493 excell.
632 2458 801 2506 principes
827 2463 862 2495 et
888 2460 1039 2500 Domini,
1062 2460 1201 2496 Domini
1227 2461 1292 2496 mei
1318 2459 1564 2496 colendissimi!

167 2519 459 2555 Officiosissimam
493 2523 530 2553 et
562 2519 857 2566 diligentissimam
885 2520 949 2555 mci
973 2521 1323 2557 commendationem!
1374 2522 1504 2567 Accepi
1531 2522 1649 2557 literas

119 2580 298 2627 utriusque
323 2582 458 2615 vestrae
485 2579 708 2615 celsitudinis
734 2585 769 2616 et
795 2580 949 2616 intellexi
974 2593 1013 2617 ca
1039 2582 1166 2622 omnia,
1191 2593 1281 2628 quae
1307 2581 1385 2617 milii
1411 2588 1547 2617 vestrae
1573 2582 1649 2616 (Yei-

117 2640 286 2676 situdines
319 2652 380 2686 pro
412 2652 475 2674 sua
508 2640 542 2675 in
576 2652 628 2675 mc
663 2641 776 2685 gratia
801 2643 930 2688 exponi
955 2641 1140 2677 voluerunt
1166 2645 1208 2684 ¹),
1232 2642 1354 2689 egique
1378 2643 1508 2688 gratias
1533 2643 1650 2678 Domi-

118 2714 162 2736 no
187 2701 262 2736 Deo
286 2705 419 2740 nostro,
446 2701 539 2748 quod
564 2702 696 2737 animos
724 2706 855 2738 vestros
882 2703 923 2738 ad
951 2702 1202 2748 suscipiendam
1219 2715 1336 2739 curam
1356 2715 1454 2739 veruo
1475 2703 1651 2751 religionis

119 2762 154 2797 iu
191 2762 344 2797 Ecclesia
378 2760 634 2797 conservandae
660 2762 725 2796 sub
750 2761 813 2798 hac
839 2762 935 2797 fatali
959 2762 1104 2808 quadam
1130 2773 1241 2797 rerum
1267 2766 1303 2797 et
1329 2761 1522 2798 divinarum
1548 2762 1649 2799 simul

118 2826 155 2857 et
180 2821 406 2858 humanarum
433 2822 692 2869 perturbatione
717 2823 896 2858 excitavit.
944 2823 1091 2858 Oramus
1117 2822 1220 2858 etiam
1245 2822 1394 2858 assiduis
1421 2835 1501 2858 eum
1531 2828 1648 2861 nostra

120 2881 277 2918 Ecclesia
314 2882 482 2929 precibus,
519 2883 590 2918 sine
627 2882 697 2918 ullo
732 2883 866 2918 interim
900 2882 1102 2930 cuiusquam
1129 2882 1277 2924 nomine,
1305 2887 1344 2918 ut
1368 2883 1463 2919 Deus
1489 2884 1649 2930 Optimus
