1830 3147
54 222 229 254 Deuteron.
253 220 303 253 16.

56 266 75 296 2
100 264 246 295 Corinth.
270 263 298 296 1.

61 308 76 337 1
101 307 189 337 Ioan.
213 306 242 338 6.

60 350 149 381 Ioan.
174 349 223 380 14.

63 730 141 761 Gen.
165 728 194 760 1.

59 772 154 803 Deut.
180 771 207 802 5.

61 814 179 846 Matth.
204 814 233 852 3,
255 811 306 844 28.

64 1237 180 1268 Matth.
205 1237 253 1274 16,
279 1236 328 1270 18.

64 1279 156 1310 Rom.
183 1279 230 1316 10,
257 1279 306 1310 15.

63 1322 141 1353 Gen.
166 1322 194 1353 l.

60 1364 123 1395 Ier.
148 1364 198 1395 18.

62 1406 146 1448 Eph.
171 1407 200 1437 5.

62 1448 149 1479 Esai.
171 1448 222 1479 46.

62 1490 180 1522 Matth.
203 1489 252 1520 10.

59 1533 232 1565 Romanor.
256 1531 304 1563 10.

68 2174 86 2205 1
112 2172 209 2204 Petri.
233 2172 262 2204 2.

71 2216 154 2257 Eph.
178 2216 207 2246 2.

69 2258 139 2290 Gal.
163 2258 191 2295 3,
215 2257 245 2289 9.

73 2300 156 2331 Coll.
179 2302 208 2330 5.

71 2343 155 2384 Eph.
178 2343 208 2373 4.

70 2386 87 2416 1
113 2384 187 2416 Cor.
212 2384 261 2421 12,
286 2383 335 2414 13.

70 2477 157 2509 Esai.
181 2476 231 2507 33.

74 2520 188 2551 Ierem.
212 2518 262 2556 23,
287 2517 337 2549 33.

71 2562 154 2603 Eph.
179 2562 207 2592 5.

73 2605 207 2635 Roman.
231 2602 261 2634 3.

74 2646 192 2676 Matth.
218 2645 267 2676 18.

74 2688 88 2718 1
116 2689 204 2718 loan.
228 2687 257 2718 2.

72 2730 165 2759 Rom.
190 2730 218 2766 3,
243 2729 291 2766 lO,
307 2729 337 2760 4.

69 2771 153 2814 Eph.
176 2771 205 2803 2.

73 2814 135 2845 Tit.
160 2813 189 2844 3.

74 2857 90 2889 1
116 2856 189 2888 (for.
213 2856 242 2888 3,

338 90 411 126 520
864 97 956 125 car.
989 97 1097 124 econ.
1129 96 1228 124 EMD.

341 201 588 249 sanctificare,
629 202 742 239 corda
780 203 911 239 nostra
949 200 994 238 ad
1032 201 1144 239 fidem
1180 200 1355 247 excitare,
1384 203 1497 252 atque
1523 200 1575 239 ita
1603 212 1673 239 nos
1700 201 1749 239 ad

341 267 440 305 vitae
477 266 685 305 novitatem
714 270 749 304 et
779 279 881 317 spem
910 265 1074 303 vividam
1104 266 1235 304 salutis
1262 278 1494 314 regenerare,
1523 265 1682 316 denique
1708 266 1749 304 in

344 332 533 377 omnibus,
561 331 701 382 quibus
730 331 937 382 premimur
965 330 1256 368 necessitatibus
1284 343 1353 368 nos
1383 329 1584 375 consolari,
1611 331 1749 368 confir-

344 409 458 442 mare,
486 395 632 442 docere,
659 408 810 433 manere
838 397 873 433 et
901 394 942 432 in
971 407 1122 433 omnem
1150 395 1346 434 veritatem
1374 394 1521 433 ducere.

398 525 481 562 Hae
516 527 591 562 tres
627 537 809 576 personae
844 524 963 573 igitur
999 524 1122 571 Pater,
1159 523 1279 562 Filius
1316 526 1352 562 et
1388 522 1551 575 Spiritus
1580 523 1755 569 Sanctus,

347 594 483 629 suntne
508 603 607 628 unus
635 594 671 628 et
698 603 808 628 verus
835 589 964 627 Deus?

401 719 498 756 Sane
525 718 689 770 quidem.
717 717 764 755 Id
793 717 892 755 enim
922 717 1031 755 docet
1060 716 1235 755 universa
1264 717 1457 769 Scriptura
1483 721 1520 757 et
1537 718 1756 770 Baptismus

349 787 488 825 noster.
515 783 554 820 in
582 795 656 833 quo
684 783 725 819 in
752 782 898 820 nullum
926 782 1054 827 alium,
1082 795 1194 833 quam
1221 782 1260 820 in
1288 795 1405 820 unum
1432 782 1552 820 Deum
1574 787 1610 820 et
1630 786 1756 820 tamen

349 861 394 886 ex
422 847 600 885 mandato
630 846 770 884 Christi
797 846 837 884 in
865 845 1020 884 nomine
1047 846 1170 884 Patris
1197 850 1233 884 et
1261 846 1350 884 Filii
1377 850 1414 884 et
1442 846 1606 897 Spiritus
1627 846 1757 884 Sancti

348 912 595 964 baptizamur.

400 1041 505 1080 Quid
532 1041 572 1078 in
601 1040 774 1091 sequenti
802 1040 964 1078 articulo
995 1040 1115 1078 credis
1144 1040 1189 1077 de
1217 1043 1347 1078 sancta
1376 1039 1569 1089 (Ecclesia
1597 1040 1758 1078 catholi-

350 1119 390 1143 ca
403 1107 438 1154 Ρ)
468 1106 710 1156 [Christiana
740 1107 918 1144 Ecclesia
947 1107 1023 1143 sive
1051 1105 1350 1155 communione?]

402 1237 522 1275 Credo
561 1236 765 1274 Dominum
803 1248 927 1273 meum
964 1235 1093 1273 Iesum
1131 1235 1320 1273 Christum
1359 1248 1404 1273 ex
1442 1235 1513 1272 hoc
1541 1235 1686 1286 perdito
1715 1248 1759 1273 ac

351 1302 555 1353 depravato
592 1300 747 1345 mundo,
784 1299 928 1351 Spiritu
967 1300 1105 1337 Sancto
1144 1304 1180 1338 et
1208 1313 1298 1338 voce
1327 1300 1599 1349 [sacrosancti]
1628 1299 1757 1337 Euan-

349 1367 451 1416 gefii,
478 1367 525 1404 ab
553 1366 663 1403 initio
693 1365 823 1403 mundi
851 1368 1052 1412 aeternam,
1083 1370 1248 1403 sanctam
1278 1369 1313 1402 et
1331 1368 1609 1416 permanentem
1629 1365 1758 1413 (Elec-

349 1436 473 1469 torum
503 1431 730 1478 Ecclesiam)
760 1430 992 1480 [Ecclesiam
1019 1430 1097 1467 cive
1125 1431 1339 1467 Electorum
1367 1430 1665 1478 communionem]
1686 1430 1759 1467 sibi

351 1494 547 1544 collegisse
574 1497 610 1532 et
638 1506 872 1539 conservare,
902 1493 1008 1530 cuius
1037 1493 1230 1530 Ecclesiae
1257 1505 1326 1545 ego
1354 1505 1414 1530 me
1441 1492 1649 1531 membrum
1680 1505 1760 1530 esse

348 1560 540 1612 profiteor.

401 1689 507 1729 Quid
534 1689 628 1728 boni
656 1687 899 1740 consequitur
930 1687 1024 1726 haee
1051 1687 1251 1726 Ecclesia?

402 1819 534 1870 Ipsum
560 1817 668 1863 illud,
695 1816 796 1868 quod
825 1819 1023 1867 sequentes
1051 1815 1201 1854 articuli
1227 1818 1429 1862 testantur,
1447 1815 1637 1862 nimirum,
1657 1828 1760 1854 com·

352 1883 572 1922 munionem
601 1886 831 1927 sanctorum,
858 1881 1117 1919 remissionem
1148 1884 1402 1932 peccatorum,
1431 1881 1554 1919 carnis
1571 1893 1760 1919 resurrec-

353 1948 492 1987 tionem
521 1953 557 1985 et
584 1946 700 1984 vitam
728 1950 931 1985 aeternam.

406 2075 510 2114 Quid
538 2074 612 2113 sibi
639 2074 772 2112 volunt
799 2073 935 2112 verba:
965 2073 1076 2112 credo
1108 2073 1410 2112 communionem
1440 2074 1685 2112 sanctorum?

405 2206 478 2244 Illa
506 2205 560 2243 sic
587 2203 744 2255 accipi0‚
772 2202 885 2255 quod,
913 2202 1228 2254 quemadmodum
1256 2215 1342 2241 vera
1370 2202 1537 2241 membra
1571 2203 1762 2242 Ecclesiae

357 2271 498 2310 Christi
532 2269 798 2308 communione
835 2268 969 2319 capitis
1006 2268 1064 2306 sui
1103 2267 1346 2319 omniumque
1386 2267 1653 2306 beneficiorum
1682 2268 1761 2306 eius

357 2339 454 2375 inter
491 2349 529 2373 se
565 2336 765 2372 fruuntur:
793 2334 845 2371 ita
873 2333 986 2371 etiam
1013 2347 1079 2384 per
1109 2333 1331 2372 charitatem
1362 2332 1461 2371 dona
1493 2346 1558 2371 sua
1585 2333 1631 2371 ad
1660 2333 1761 2371 aedi-

356 2401 571 2439 ficationem
599 2399 763 2437 habeant
792 2398 1016 2437 communia.

412 2530 516 2569 Quid
546 2529 665 2568 credis
692 2528 730 2566 in
759 2527 918 2566 articulo
948 2527 992 2565 de
1021 2527 1241 2565 remissione
1268 2527 1534 2578 peccatorum?

412 2660 531 2698 Credo
560 2659 600 2696 in
627 2658 797 2696 Ecclesia
828 2657 970 2696 Christi
998 2671 1077 2695 esse
1095 2671 1220 2695 veram
1240 2660 1276 2695 et
1295 2660 1481 2695 aeternam
1504 2656 1763 2696 remissionem

359 2728 609 2776 peccatorum,
636 2723 812 2760 omnibus
839 2722 879 2759 in
907 2722 1044 2772 quibus
1074 2725 1128 2759 est
1155 2721 1385 2772 poenitentia
1405 2725 1440 2758 et
1458 2720 1559 2767 fides,
1580 2723 1761 2771 [tantum]

361 2803 402 2827 ex
442 2802 538 2826 mera
578 2788 699 2837 gratia
735 2801 798 2838 per
835 2786 986 2824 unicum
1016 2787 1255 2824 mediatorem
1285 2799 1329 2822 ac
1357 2785 1562 2822 Dominum
1591 2790 1762 2825 nostrum

361 2854 485 2892 Iesum
516 2852 718 2890 Christum.
