1830 3147
812 112 882 146 699
1341 113 1405 158 [A.
1431 112 1472 148 D.
1501 111 1611 158 1554]

87 219 146 258 N⁰.
176 220 253 256 100.
927 219 1008 264 [ltilil.
1026 222 1104 256 litem.
1120 222 1151 255 cl.
1166 222 1210 256 ΠΙ.
1226 222 1277 257 llil.
1295 222 1380 256 terii.
1396 232 1417 256 s,
1433 234 1455 256 a.
1474 224 1518 258 llb.
1536 221 1612 267 ὕψι]

627 339 688 375 Ao
713 340 1068 377 HARDENBERGIUM.

136 460 241 496 Binas
275 459 336 496 abs
373 463 408 495 te
440 459 557 496 literas
591 461 718 507 accepi,
751 462 798 498 mi
831 463 994 499 Alberte!
1020 462 1147 498 alteras
1173 463 1218 498 12
1247 463 1378 505 Martii,
1402 464 1528 500 alteras
1554 476 1614 510 per

89 521 280 557 Martinam
313 524 469 556 nostrum
497 521 718 557 Micronium.
767 523 922 569 Scriptus
948 523 1077 565 literas,
1102 523 1226 570 quibus
1252 527 1287 560 te
1312 524 1393 562 mihi
1416 524 1459 560 de
1494 524 1613 560 libello

88 581 191 617 Gellii
223 581 440 629 respondisse
476 582 611 623 scribis,
651 583 766 618 nullas
798 585 926 630 accepi,
958 596 1069 632 neque
1103 584 1275 631 quomodo
1309 585 1502 621 interierint
1526 585 1612 627 scio,

87 641 149 678 sed
182 641 264 678 mihi
299 642 383 678 satis
420 646 485 684 est,
521 643 552 678 si
587 642 724 679 libellus
763 649 949 690 prematur.
998 644 1190 680 Consilium
1228 658 1339 681 meum
1363 646 1400 681 in
1425 647 1616 683 mutatione

87 703 251 738 editionis
283 702 418 738 nullum
454 707 519 743 est.
555 715 634 740 nam
670 708 709 739 ut
745 704 905 740 ederetur
929 717 1104 753 nunqnam
1129 706 1231 747 suasi,
1257 705 1316 741 sed
1343 706 1402 742 ubi
1426 707 1616 743 intellexis-

86 775 156 798 sem
181 769 287 810 atque
323 764 469 809 ipsemet
495 767 615 810 postea
642 765 744 799 etiam
772 764 942 807 vidissem,
964 777 1074 812 genus
1098 765 1276 802 doctrinae
1301 767 1337 802 in
1361 766 1478 802 libello
1503 774 1613 803 muta-

88 828 163 858 tum
198 835 286 866 esse,
327 827 431 871 atque
473 823 542 860 illic
580 823 682 865 tradi,
718 836 805 871 quae
845 837 898 860 me
943 826 996 861 hic
1030 830 1209 872 praesente
1245 826 1451 873 reprehensa
1481 838 1616 874 semper

88 885 240 926 fuerunt,
263 884 409 933 denique
433 885 590 921 affirmari
617 886 733 927 etiam,
760 885 853 932 quod
879 886 1046 922 eiusmodi
1071 886 1230 923 doctrina
1257 887 1310 923 hic
1334 888 1464 923 dudum
1490 887 1615 924 tradita

86 957 127 982 ac
152 951 291 993 recepta
314 950 418 989 esset,
441 948 550 983 facere
575 958 636 993 pro
660 947 728 982 fide
753 958 794 982 ac
817 947 986 993 dignitate
1013 948 1078 983 mei
1101 948 1280 984 ministerii
1307 960 1375 984 non
1402 949 1511 995 potui,
1531 950 1614 996 quin

88 1007 192 1043 huius
226 1008 373 1044 Gellium
412 1009 501 1043 serio
534 1008 772 1050 admonerem,
811 1020 888 1044 cum
914 1012 1045 1044 eertum
1071 1010 1118 1045 sit
1142 1010 1282 1057 alioqui,
1307 1022 1382 1046 eam
1406 1010 1614 1053 doctrinam,

86 1080 173 1115 quae
198 1068 233 1103 in
257 1080 321 1103 suo
346 1068 463 1104 libello
488 1068 666 1108 habeatur,
704 1080 880 1115 nunquam
917 1068 970 1105 hic
1005 1070 1041 1104 in
1065 1069 1220 1105 Ecclesia
1246 1083 1298 1106 me
1337 1076 1516 1116 praesente
1541 1071 1615 1107 siue

88 1129 347 1175 reprehensione
371 1130 543 1169 traditam,
568 1141 610 1164 ne
634 1129 745 1165 dicam
772 1133 942 1176 receptam
968 1131 1085 1171 fuisse,
1110 1151 1152 1158 —-
1178 1134 1214 1167 et
1237 1144 1290 1167 me
1315 1138 1472 1179 oportere
1494 1133 1616 1167 adver·

88 1201 145 1226 sus
162 1191 273 1237 ipsum
296 1190 458 1231 scribere,
473 1191 501 1226 si
521 1190 658 1225 libellus
681 1189 852 1226 ederetur.
879 1191 998 1226 Habes
1024 1204 1135 1227 meum
1159 1193 1353 1233 consilium,
1380 1194 1424 1228 mi
1449 1193 1615 1230 Alberte!

88 1262 151 1287 cur
185 1252 264 1287 mihi
290 1252 430 1287 ferenda
455 1263 525 1286 non
550 1251 596 1286 sit
621 1251 728 1286 libelli
754 1251 846 1286 illius
873 1251 991 1287 editio.
1040 1252 1147 1290 Quod
1173 1254 1304 1294 scribis,
1329 1253 1394 1290 tibi
1421 1253 1528 1289 videri
1555 1265 1614 1289 ca-

88 1312 292 1348 techismum
330 1312 420 1347 hune
459 1311 605 1347 eundem
639 1311 739 1358 plane
774 1323 853 1346 eum
890 1312 1000 1358 priore
1037 1325 1121 1355 esse,
1154 1313 1277 1348 vellem
1316 1319 1350 1349 te
1375 1314 1409 1349 id
1434 1315 1616 1350 ostendere

89 1384 198 1418 posse.
247 1371 323 1418 Ego
348 1372 437 1406 enim
463 1371 509 1411 id,
539 1375 577 1405 ut
603 1383 719 1406 verum
745 1371 869 1412 fatear,
892 1383 962 1406 non
985 1371 1099 1407 video.
1149 1373 1225 1408 Imo
1252 1385 1330 1408 vero
1355 1374 1390 1409 in
1416 1373 1474 1409 illo
1503 1374 1614 1415 video,

87 1445 174 1480 quae
206 1445 315 1479 neque
341 1433 481 1479 probavi
517 1444 665 1480 uuquam
699 1443 809 1479 neque
835 1432 978 1479 probare
1000 1446 1151 1480 possum.
1200 1435 1322 1481 Neque
1346 1447 1428 1471 vero
1453 1448 1516 1482 ego
1541 1448 1615 1471 mu·

87 1494 161 1530 tavi
185 1494 268 1541 quid
302 1494 346 1539 inj
369 1493 526 1529 doctrina
558 1505 633 1528 mea
657 1493 700 1528 ab
726 1505 777 1533 eo,
799 1493 890 1540 quod
919 1494 972 1529 vel
998 1496 1125 1531 nostris
1151 1495 1206 1531 hic
1221 1496 1384 1532 Ecclesiis
1399 1501 1480 1531 ante
1501 1508 1613 1533 meum

90 1553 170 1590 hinc
193 1553 323 1589 abitum
349 1554 384 1589 in
408 1553 535 1598 scripto
559 1564 634 1587 meo
660 1552 826 1587 traditum
851 1552 1052 1599 reliqueram
1075 1557 1115 1598 ¹),
1147 1554 1203 1590 vel
1230 1554 1273 1590 ad
1300 1560 1433 1591 vestros
1458 1556 1537 1592 istic
1553 1558 1615 1592 mi-

92 1614 221 1650 nistros
259 1617 294 1648 te
318 1617 438 1648 autore
464 1613 666 1658 scripseram
692 1614 733 1654 2).
782 1613 848 1647 Sed
873 1613 955 1655 scio,
980 1626 1148 1662 nusquam
1174 1615 1210 1650 in
1235 1620 1382 1662 utroque
1406 1616 1467 1652 illo
1487 1618 1618 1664 scripto

90 1674 126 1710 id
150 1674 278 1716 haberi,
304 1674 395 1721 quod
420 1674 456 1709 in
481 1673 544 1708 hoc
570 1672 788 1708 Cateehismo
816 1673 972 1709 habetur.

139 1735 370 1772 Exacerbatos
403 1746 478 1770 esse
512 1734 639 1769 multos
665 1733 782 1769 libello
809 1746 883 1769 meo
909 1736 942 1769 in
968 1734 1098 1782 Anglia
1123 1735 1218 1772 edito
1245 1738 1274 1779 3)
1301 1737 1384 1773 nihil
1410 1738 1525 1781 miror,
1549 1739 1615 1776 hoe

89 1797 179 1832 enim
207 1797 241 1832 in
264 1795 482 1843 dogmatibus
507 1795 737 1830 controversis
763 1794 864 1829 vitari
889 1807 1062 1842 nunqnam
1090 1799 1216 1842 potest.
1248 1796 1314 1832 Sed
1339 1809 1403 1844 ego
1427 1799 1501 1834 istis
1526 1799 1612 1835 alios

91 1868 240 1902 oppono,
277 1859 312 1890 et
348 1856 473 1901 pietate
499 1859 534 1890 et
567 1853 759 1890 eruditione
784 1866 881 1900 pares
906 1855 964 1898 (ne
989 1855 1071 1902 quid
1097 1856 1188 1891 aliud
1214 1856 1338 1900 dicam)
1364 1859 1422 1905 qui
1447 1859 1530 1894 mihi
1551 1872 1615 1907 pro

92 1929 167 1953 meo
192 1916 308 1952 libello
333 1917 498 1952 maximas
522 1916 650 1962 gratias
674 1921 828 1962 egerunt,
854 1915 1008 1963 adeoque
1031 1919 1066 1951 et
1091 1929 1182 1954 nunc
1207 1918 1409 1959 sollicitant.
1438 1925 1477 1955 ut
1501 1920 1616 1957 denuo

91 1977 225 2012 edatur.
273 1977 319 2012 Et
355 1980 484 2018 tamen,
525 1976 553 2011 si
589 1987 708 2011 causas
742 1975 872 2022 aliquas
906 1977 1015 2011 iustas
1048 1976 1171 2012 habere
1206 1978 1291 2013 istos
1316 1979 1505 2026 intelligam
1530 1993 1615 2017 suae

86 2036 281 2073 istiusmodi
313 2036 598 2077 exacerbationis,
635 2036 724 2071 dabo
749 2048 888 2082 operam
914 2042 954 2071 ut
977 2037 1046 2072 illis
1072 2038 1288 2085 aliquomodo
1313 2040 1511 2077 satisfacere
1536 2055 1614 2089 pos·

90 2098 164 2134 sim.
213 2097 304 2133 Nam
328 2097 358 2132 si
382 2096 656 2132 exacerbationis
680 2107 763 2131 suae
787 2107 908 2131 causas
933 2096 1048 2132 nullas
1074 2099 1223 2144 proferre
1249 2103 1401 2145 possunt,
1426 2113 1512 2147 quae
1537 2103 1612 2148 qui-

89 2158 166 2194 dem
203 2157 336 2204 pondus
367 2157 506 2204 aliquod
540 2156 702 2199 habeant,
742 2160 778 2191 et
810 2156 1030 2192 nihilominus
1064 2159 1259 2195 exacerbari
1294 2166 1451 2208 pergant,
1472 2161 1506 2198 id
1532 2163 1614 2199 mihi

88 2218 267 2255 ferendum
293 2219 330 2255 in
353 2218 421 2254 illis
445 2219 521 2259 erit,
547 2218 630 2253 dum
653 2218 823 2263 corrigere
848 2230 917 2254 non
945 2231 1097 2264 possum.

137 2278 197 2315 Ad
231 2279 423 2315 tollendum
448 2278 624 2315 doctrinae
650 2277 829 2314 dissidium
854 2279 1152 2327 pacificandasque
1177 2281 1350 2318 Ecclesiae
1376 2283 1426 2319 ita
1463 2296 1538 2320 sum
1563 2286 1615 2320 af-

89 2340 201 2376 fectus
225 2342 262 2374 et
287 2340 335 2375 fui
360 2351 502 2386 semper,
527 2342 566 2375 ut
592 2338 677 2374 nulli
699 2339 760 2374 hac
788 2340 822 2374 in
847 2344 943 2385 parte
969 2341 1033 2376 sim
1058 2352 1226 2383 cessurus,
1259 2342 1318 2377 sed
1342 2344 1405 2385 sic,
1432 2349 1470 2380 ut
1485 2346 1614 2381 veritas

87 2400 256 2442 obtineat,
287 2412 358 2435 non
389 2404 505 2435 autem
539 2400 747 2435 obscuretur
779 2403 841 2435 aut
874 2401 1109 2437 dissimuletur
1139 2414 1275 2450 quoquo
1313 2403 1415 2439 modo
1449 2405 1483 2440 in
1508 2405 1613 2442 homi-

89 2473 172 2498 num
198 2463 358 2507 gratiam.
397 2461 538 2508 Alioqui
563 2462 644 2496 nolo
670 2461 806 2508 placere
829 2460 1034 2504 homiuibus,
1059 2467 1099 2497 ut
1120 2475 1263 2498 numero
1287 2475 1463 2500 servorum
1484 2465 1615 2502 Christi

91 2522 266 2563 excludar,
296 2521 388 2569 quod
420 2522 455 2557 in
490 2534 542 2557 me
565 2522 703 2568 quidem
729 2525 793 2558 est.
842 2524 958 2569 Atque
995 2523 1050 2558 hie
1075 2523 1156 2559 mihi
1182 2524 1266 2559 bene
1291 2526 1450 2561 conscius
1475 2539 1614 2563 succes-

91 2596 167 2618 sum
207 2595 332 2618 causae
369 2584 477 2618 totius
512 2582 660 2618 Domino
693 2582 768 2618 Deo
803 2582 963 2618 alacriter
987 2588 1021 2619 et
1048 2584 1175 2630 optima
1201 2586 1412 2621 conscicntia
1438 2589 1614 2634 permitto.

90 2643 164 2681 Qui
196 2644 237 2679 iis
269 2643 395 2678 finibus
432 2643 622 2678 doctrinam
657 2644 699 2678 de
727 2644 944 2680 Eucharistia
968 2645 1144 2680 includere
1170 2646 1299 2686 volent,
1331 2647 1454 2694 quibus
1480 2649 1514 2684 in
1541 2661 1615 2684 meo

89 2705 231 2751 scripto,
260 2705 312 2740 vel
338 2705 411 2740 istis
437 2704 490 2740 hic
516 2704 678 2740 Ecclesiis
705 2717 764 2751 per
788 2717 841 2741 me
866 2706 945 2741 olim
972 2706 1093 2742 relicto
1119 2706 1172 2741 vel
1198 2708 1320 2742 vestris
1346 2708 1423 2744 istic
1448 2710 1615 2746 ministris

90 2763 184 2805 dato,
222 2765 355 2802 inclusa
380 2768 443 2806 est,
481 2768 601 2811 parata
635 2769 688 2800 est
724 2765 917 2804 concordia.
954 2765 1062 2801 donee
1099 2765 1269 2802 Dominus
1307 2768 1445 2804 meliora
1468 2769 1613 2807 dederit.

91 2823 233 2872 Alioqui
264 2838 375 2873 neque
409 2825 578 2873 Anglicus
611 2825 695 2860 liber
719 2838 816 2861 meus
841 2826 942 2862 aliam
979 2826 1168 2862 doctrinam
1205 2826 1320 2870 habet,
1358 2829 1416 2864 sed
1441 2828 1614 2865 diversam

92 2884 281 2921 doctrinam
319 2888 460 2933 gravius
501 2890 690 2933 oppugnat.
740 2887 785 2923 Et
820 2891 934 2923 lamen
970 2890 1028 2923 vix
1060 2888 1227 2924 decimam
1265 2901 1379 2925 eorum
1409 2893 1537 2935 partem
1563 2893 1614 2926 at·
