1830 3147
54 2669 67 2699 l
94 2670 166 2701 (lor.
192 2672 241 2703 IQ.

351 151 422 186 396
858 162 970 190 CONF.
999 163 1108 192 Ech.
1137 163 1252 192 LOND.

349 276 421 301 usu
458 263 607 301 Coenae
634 262 870 311 Dominicae,
896 267 960 303 aut
987 264 1068 316 ipsa
1097 266 1329 304 ceremoniae
1355 267 1609 316 institutione,
1634 273 1677 308 ut
1704 270 1760 308 fe·

348 327 472 365 minae
508 327 555 365 ab
592 341 664 366 usu
702 328 1015 376 circumcisionis,
1051 331 1363 380 mysteriorumve
1396 331 1516 383 ipsius
1544 334 1760 372 considera-

347 391 465 435 tione,
491 396 532 429 ut
559 393 681 443 palam
708 393 827 444 impii,
854 393 1116 433 excludantur.
1171 395 1503 434 Quemadmodum
1529 399 1631 436 enim
1658 399 1757 450 quod

349 457 460 494 corde
488 457 663 504 creditur,
692 470 755 495 ore
782 457 895 496 etiam
922 457 974 503 id,
1002 459 1068 510 qui
1094 459 1207 497 modo
1235 465 1405 511 possunt,
1433 462 1601 512 profiteri
1629 476 1758 501 omnes

348 520 497 568 debent,
534 522 586 560 ita
622 535 704 560 cum
739 522 934 560 institutae
971 537 992 561 a
1030 523 1182 562 Christo
1216 524 1382 564 Domino
1419 526 1459 564 in
1496 540 1563 565 sua
1590 527 1759 566 Ecclesia

348 585 579 624 ceremoniae
629 587 705 625 sint
741 587 856 625 veluti
892 587 1040 626 visibile
1076 589 1231 628 verbum
1274 590 1477 641 quoddam,
1513 592 1686 643 equidem
1723 598 1759 631 et

346 650 489 688 visibili
525 651 637 689 verbo
674 652 843 703 profiteri
879 665 1008 691 omnes
1049 653 1226 692 debemus
1262 656 1374 693 fidem
1410 660 1579 695 nostram
1609 657 1649 695 in
1677 662 1756 696 tota

345 715 515 753 Ecclesia
553 720 588 754 et
624 716 801 755 omnibus
836 717 1015 755 membris
1052 717 1143 764 eius,
1182 722 1365 770 quatenus
1402 720 1441 758 id
1478 722 1630 772 quidem
1669 723 1758 761 licet

346 781 480 825 facere,
516 781 592 819 nisi
629 781 660 819 si
696 782 735 819 id
772 782 884 820 nobis
925 787 989 820 aut
1017 787 1175 821 naturae
1203 789 1354 823 nostrae
1381 786 1518 825 adnata
1545 788 1761 833 infirmitas,

345 849 410 882 aut
444 846 643 896 peculiaris
680 846 864 897 quaedam
899 848 1166 898 mysteriorum
1202 850 1454 897 adumbratim
1489 856 1553 890 aut
1588 853 1669 903 ipsa
1696 853 1756 891 in-

345 909 491 948 stitutio
521 910 643 948 verbis
673 911 821 949 disertis
850 925 926 950 non
954 913 1158 963 permittat.

396 1102 525 1140 Quare
563 1103 623 1140 hic
658 1116 877 1142 accusamus
916 1118 1044 1143 omnes
1083 1119 1156 1153 eos,
1194 1106 1259 1158 qui
1296 1121 1317 1145 a
1346 1108 1639 1146 ceremoniarum
1667 1122 1756 1160 pro-

344 1167 508 1205 fessione
545 1181 671 1206 arcere
702 1169 789 1206 illos
825 1169 864 1206 in
901 1169 1073 1208 Ecclesia
1103 1175 1301 1218 conantur,
1328 1175 1441 1222 atque
1468 1173 1652 1211 unitatem
1681 1174 1755 1211 Ee-

344 1230 477 1269 clesiae
515 1232 585 1268 hoc
621 1232 786 1276 nomine,
823 1234 924 1284 quod
953 1234 992 1271 in
1020 1234 1112 1285 ipsis
1142 1240 1210 1282 cst,
1239 1236 1428 1282 scindunt,
1456 1237 1518 1287 qui
1548 1251 1668 1289 neque
1694 1237 1755 1275 in·

341 1297 519 1334 firmitate
555 1299 640 1346 (31)
670 1302 837 1343 naturae,
866 1313 987 1350 neque
1014 1301 1195 1350 peculiari
1223 1302 1298 1339 ulla
1327 1303 1593 1352 mysteriorum
1621 1303 1753 1341 adum-

340 1361 526 1407 bratione,
563 1376 683 1413 neque
719 1364 807 1401 ullis
845 1365 932 1402 item
971 1366 1224 1404 institutionis
1261 1367 1384 1405 verbis
1422 1368 1688 1415 excluduntur,
1714 1369 1753 1407 id

340 1427 439 1477 quod
479 1427 517 1464 in
558 1427 733 1478 baptismi
771 1441 839 1466 usu
868 1429 914 1466 ab
944 1430 1208 1481 Anabaptistis
1236 1431 1318 1469 fieri
1349 1432 1544 1469 manifeste
1572 1432 1755 1480 videmus,

340 1505 412 1542 qua
442 1491 486 1529 de
513 1505 552 1529 re
580 1496 705 1542 postea
737 1506 803 1530 suo
831 1494 914 1530 loco
944 1495 1063 1545 plura.

391 1625 488 1662 Sunt
522 1628 646 1662 autem
684 1626 916 1663 ceremoniae
954 1640 974 1663 a
1013 1627 1164 1665 Christo
1202 1627 1368 1666 Domino
1414 1629 1450 1666 in
1490 1643 1552 1667 sua
1582 1630 1754 1668 Ecclesia

339 1689 533 1727 institutae
571 1690 669 1727 circa
708 1690 902 1741 publicum
930 1691 1168 1741 potissimum
1199 1693 1302 1730 verbi
1330 1699 1367 1731 et
1396 1694 1591 1743 signorum
1618 1695 1752 1745 mysti-

341 1768 468 1792 corum
498 1755 761 1795 ministerium.
790 1770 886 1807 quae
913 1758 1155 1795 Sacramenta
1184 1771 1374 1796 vocamus.
1412 1759 1459 1796 In
1482 1759 1612 1797 harum
1634 1760 1752 1810 igitur

339 1819 604 1857 observatione
631 1820 798 1869 legitima
826 1821 950 1871 posita
978 1826 1032 1859 est
1061 1822 1152 1859 haec
1181 1822 1225 1860 de
1252 1836 1325 1873 qua
1358 1823 1547 1873 loquimur
1565 1825 1749 1874 professio

341 1883 647 1927 ceremoniarum,
685 1884 728 1922 de
765 1898 836 1935 qua
873 1888 1003 1936 postea
1039 1886 1149 1924 etiam
1183 1887 1331 1937 plenius
1369 1900 1437 1924 suo
1476 1888 1559 1925 loco
1598 1888 1752 1934 dicetur,

341 1949 405 1986 ubi
435 1948 479 1986 de
507 1950 627 1986 forma
656 1953 768 2000 atque
796 1964 868 1987 usu
897 1955 1219 1989 sacramentorum
1247 1965 1410 2000 agemus.

392 2077 580 2115 Professio
617 2091 741 2129 porro,
778 2093 872 2129 quae
900 2081 939 2117 in
968 2081 1204 2130 praestandis
1234 2081 1364 2119 officiis
1394 2082 1579 2128 consistit,
1606 2083 1750 2133 privata

337 2143 487 2193 quidem
524 2142 568 2179 ad
607 2146 725 2180 totam
760 2144 870 2181 etiam
907 2143 1117 2183 Ecclesiam
1155 2145 1357 2197 omniaque
1390 2160 1433 2183 ac
1472 2147 1620 2196 singula
1647 2147 1751 2185 illius

339 2207 507 2244 membra
546 2220 653 2244 usum
690 2208 851 2246 rationis
879 2208 1060 2247 habentia
1086 2211 1260 2261 pertinet,
1288 2210 1443 2261 perinde
1469 2216 1582 2262 atque
1610 2211 1686 2249 oris
1714 2216 1751 2250 et

339 2272 634 2309 ceremoniarum
672 2273 871 2322 professiO.
927 2275 1022 2311 Cum
1058 2275 1157 2312 enim
1191 2288 1333 2321 omnes,
1362 2275 1578 2327 quicunque
1607 2276 1646 2314 in
1674 2276 1750 2314 Ec·

338 2337 446 2374 clesia
485 2350 626 2380 sumus,
662 2338 773 2374 unius
810 2351 879 2375 nos
918 2339 1085 2389 corporis
1122 2340 1290 2377 membra
1318 2354 1398 2378 esse
1424 2341 1640 2379 indubitato
1670 2354 1749 2378 cre-

337 2400 481 2446 damus,
522 2401 693 2451 equidem
731 2402 991 2452 intelligimus,
1028 2403 1140 2441 fidem
1169 2403 1266 2442 hanc
1303 2409 1472 2442 nostram
1500 2405 1539 2442 id
1566 2405 1749 2454 flagitare,

336 2470 375 2502 ut
412 2465 522 2502 nobis
557 2465 716 2503 invicem
745 2480 874 2504 omnes
903 2467 1013 2504 etiam
1044 2468 1147 2505 omni
1176 2468 1381 2506 officiorum
1409 2482 1545 2519 genere
1573 2482 1620 2507 ne
1648 2469 1747 2507 desi-

336 2543 430 2567 mus.
471 2530 602 2579 Neque
631 2530 730 2568 enim
756 2535 880 2581 potest
907 2531 1118 2569 membrum
1145 2533 1315 2572 membro
1335 2533 1469 2575 dicere,
1487 2533 1524 2570 in
1545 2546 1621 2570 uno
1637 2547 1746 2584 prae-

336 2594 460 2631 sertim
500 2596 582 2642 (32)
618 2599 730 2645 atquc
766 2596 910 2641 eodem,
946 2597 1183 2647 potissimum
1213 2611 1299 2636 vero
1327 2599 1367 2636 in
1397 2597 1537 2636 Christi
1566 2611 1743 2650 corpore:

335 2659 424 2695 Non
453 2664 508 2696 est
540 2658 634 2696 mihi
660 2664 696 2697 te
724 2673 831 2711 opus,
859 2661 1174 2711 quemadmodum
1202 2661 1340 2700 Paulus
1368 2662 1490 2700 docet.
1546 2662 1743 2702 Caeterum

334 2724 485 2774 publica
511 2725 550 2762 in
578 2725 814 2776 praestandis
843 2725 972 2762 officiis
1000 2726 1088 2763 fidei
1115 2727 1297 2777 professio
1326 2726 1365 2764 in
1393 2726 1468 2763 illis
1500 2727 1743 2778 potissimum

335 2789 463 2826 officiis
502 2790 688 2834 consistit,
724 2803 819 2840 quae
855 2794 919 2826 aut
954 2790 1097 2840 publici
1125 2791 1329 2829 Ecclesiae,
1344 2791 1508 2829 ministri
1536 2792 1648 2842 plebi,
1678 2797 1741 2832 aut

333 2853 438 2899 plebs
467 2853 579 2890 simul
607 2858 684 2891 tota
713 2854 879 2891 vicissim
906 2855 1090 2892 ministris
1119 2855 1266 2906 publice
1293 2860 1482 2905 praestare
1510 2856 1636 2896 debet.
