1830 3147
220 137 281 184 [A.
307 135 352 172 D.
379 135 488 182 1550]
946 133 1013 167 638

216 244 381 284 Bucerus.
418 244 566 289 Martyr,
592 239 826 276 Bernardinus
851 240 1013 277 Senensis
1039 242 1068 285 ¹²)
1092 243 1128 276 ct
1155 240 1284 276 Paulus
1308 240 1438 287 Faginus
1454 242 1511 283 ἔ),
1537 252 1605 276 nna
1630 252 1748 277 omnes

212 306 254 341 ad
282 305 380 341 illum
406 304 570 344 scribant.
592 301 760 349 siquidem
788 304 910 348 pergat.
936 304 1086 337 nostram
1115 313 1258 337 messem
1286 300 1460 337 invadere.

260 366 304 401 D.
331 364 484 401 Jacobus
521 364 716 399 Bremensis
739 366 767 408 G)
802 365 951 398 testatus
983 366 1049 402 est.
1086 362 1177 408 apud
1206 375 1269 405 me,
1304 362 1369 398 sibi
1406 363 1586 399 consilium
1613 363 1750 400 Nieolai

213 427 275 462 bac
309 427 344 461 in
379 429 475 472 parte
508 436 578 459 non
612 424 758 470 placere,
785 435 897 471 neque
922 425 984 458 aut
1010 435 1046 458 se
1072 426 1133 458 aut
1157 428 1364 471 symmystas
1389 436 1484 466 suos,
1508 424 1573 460 hoe
1597 436 1747 472 unquam

213 486 360 523 Nicolao
385 486 548 526 suasisse,
572 496 676 532 seque
701 497 769 520 nou
797 484 881 519 bene
907 484 957 519 illi
985 486 1019 519 in
1043 483 1106 519 hac
1131 496 1238 519 causa
1261 485 1419 521 ominari.

258 548 304 584 Et
338 559 416 594 ego,
457 547 486 581 si
511 558 630 581 verum
655 547 766 581 fatear
791 546 929 580 credere
955 544 1068 580 adhuc
1094 545 1194 590 plano
1219 558 1288 581 non
1314 558 1465 593 possum,
1489 546 1674 582 Nicolaum
1700 547 1771 583 ita-

212 621 286 644 esse
319 608 373 643 vel
400 608 540 654 impium
567 607 620 643 vel
649 608 884 654 impudentem
913 610 951 641 ut
974 607 1114 642 ita‘iani
1140 619 1198 653 per
1224 620 1286 643 vos
1311 614 1347 642 et.
1373 619 1430 654 per
1455 620 1507 643 me
1532 608 1746 648 admonitus,

212 667 438 703 ministerium
478 680 590 703 meum
626 666 780 703 invadat.
830 667 887 709 Et,
919 667 948 702 si
981 667 1098 709 faeiat,
1138 666 1307 704 Dominus
1332 668 1430 704 illum
1457 669 1591 715 puniet,
1627 672 1668 704 ut
1690 669 1747 704 alii

213 732 369 766 timorem
395 729 556 765 habeant.

258 791 366 827 Plura
405 803 498 827 nunc
535 790 579 826 ad
604 803 679 832 vos,
716 792 837 826 fratres
863 789 1098 827 dilectissimi!
1134 790 1283 826 scribere
1309 802 1377 825 non
1400 802 1550 836 possum.
1603 790 1749 825 Oremus

218 854 414 894 Dominum,
438 858 479 889 ut
504 853 705 888 misereatur
730 851 907 887 Ecclesiae
933 863 1028 893 suae,
1054 851 1103 886 ita
1130 855 1168 886 ut
1193 851 1349 886 videmus
1368 851 1599 897 perturbatae,
1614 862 1747 897 nosque

213 917 245 951 iu
272 915 364 950 illius
391 914 580 950 ministerio
601 914 727 960 spiritu
753 917 874 948 sancto
900 924 963 947 suo
990 915 1086 958 regat
1110 923 1150 946 ac
1165 911 1345 958 gubernet,
1363 911 1508 952 molini,
1527 923 1603 946 cum
1628 915 1747 946 nosti-a

215 974 366 1010 Ecclesia
398 974 588 1021 acgregati,
623 972 743 1008 audire
778 972 949 1018 possimus
974 971 1224 1019 optatissimam
1253 982 1369 1006 vocem
1397 970 1510 1006 illam:
1541 970 1663 1006 Venite
1692 971 1746 1004 bc-

213 1035 340 1070 nedieti
375 1034 489 1069 Patris
515 1033 598 1069 mei!
636 1034 749 1079 gratia
775 1037 811 1067 et
837 1032 1052 1079 benignitate
1082 1032 1220 1067 Domini
1247 1032 1368 1078 Regis,
1406 1032 1567 1068 Doctozis
1591 1044 1630 1068 ac
1658 1032 1745 1067 Pon-

214 1094 315 1130 tilicis
341 1094 451 1129 nostri
475 1094 560 1129 Jesu
586 1093 717 1128 Christi
743 1091 906 1128 laudandi
931 1093 964 1128 in
990 1093 1120 1128 secula.
1173 1092 1298 1127 Amen.

259 1155 398 1190 Salvere
424 1154 525 1190 iubeo
550 1166 608 1201 per
634 1166 695 1189 vos
721 1157 828 1188 totam
855 1158 1008 1188 nostram
1037 1152 1227 1188 Ecclesiam
1255 1153 1289 1188 in
1317 1152 1482 1198 Domino,
1509 1164 1630 1201 meque
1654 1153 1748 1189 illius

214 1228 254 1252 ac
287 1217 413 1252 vestris
437 1216 539 1251 simul
566 1214 725 1262 precibus
751 1214 1018 1261 diligentissime
1042 1215 1255 1250 commendo.
1305 1213 1517 1249 Commendo
1543 1214 1624 1249 item
1652 1214 1748 1249 vobis

204 1290 354 1313 uxorem
389 1278 469 1313 istic
503 1289 611 1312 meam
645 1288 723 1312 cum
756 1276 882 1311 uostris
909 1276 1024 1311 liberis
1060 1280 1096 1310 et
1117 1287 1178 1311 oro
1203 1278 1243 1310 ut
1269 1275 1300 1310 ei
1325 1275 1444 1310 officiis
1470 1275 1593 1311 vestris
1618 1287 1661 1311 ne
1688 1275 1747 1310 dc-

215 1338 306 1374 sitis.
358 1337 493 1374 valete.
543 1336 768 1384 Humburgae
795 1336 912 1372 triduo
937 1341 1016 1372 ante
1042 1335 1221 1372 Paschatis
1246 1336 1342 1371 Anni
1370 1336 1460 1371 1550
1486 1336 1526 1382 [4
1553 1336 1718 1383 Aprilis}

259 1451 284 1489 ¹)
308 1449 366 1482 Th.
394 1448 554 1486 Bramius,
587 1433 712 1479 'Gellius
735 1447 846 1485 Faber,
871 1447 1023 1478 Herman.
1049 1446 1197 1478 Brassius
1220 1446 1361 1478 ministri
1385 1448 1485 1485 eraut,
1509 1446 1548 1477 ad
1572 1456 1650 1487 quos
1675 1446 1748 1478 data

214 1505 291 1536 haee
316 1516 376 1546 ep.³
401 1507 436 1535 ut
459 1505 490 1535 et
513 1503 552 1535 ad
577 1504 650 1535 Ger.
672 1506 740 1535 tom
764 1504 877 1545 Camp,
901 1503 989 1535 Eccl.
1013 1503 1182 1535 seniorem.
1207 1502 1310 1534 Docet
1332 1502 1409 1533 haec
1426 1502 1607 1544 inscriptio.
1631 1503 1657 1542 2)
1671 1502 1748 1534 Eius

215 1572 264 1603 ep.
286 1561 484 1592 mentionem
508 1560 586 1592 facit
614 1561 830 1598 HARCKENR„
855 1560 939 1592 Bibl.
963 1560 1069 1591 Brem.
1093 1560 1142 1591 Cl.
1166 1559 1239 1590 VII.
1264 1559 1335 1596 330,
1360 1559 1413 1590 ubi
1436 1559 1514 1590 hacc
1537 1558 1628 1590 Lasci
1653 1560 1749 1590 verba

215 1618 309 1649 citat:
334 1643 350 1656 ,‚
365 1627 403 1647 ne
425 1617 558 1647 invadas
580 1627 677 1647 meam
700 1615 877 1654 stationem,
901 1615 935 1645 m'
957 1615 1034 1646 velis
1056 1626 1074 1646 a
1100 1615 1168 1646 Deo
1184 1615 1328 1655 puniri.''
1357 1615 1477 1645 Mirum
1494 1617 1542 1646 cst
1559 1626 1627 1646 eum
1647 1615 1749 1656 ipsam

216 1685 266 1715 ep.
296 1684 360 1704 uon
384 1672 532 1704 edidisse.
579 1672 648 1703 Nic.
672 1671 814 1702 Buscud.
837 1672 937 1702 frater
961 1674 1030 1702 erat
1052 1671 1153 1703 Hem.
1177 1670 1317 1702 Buscml.
1340 1669 1463 1701 Daniae
1487 1670 1569 1711 regis
1594 1670 1750 1702 Conciou.

217 1729 266 1760 Cf.
291 1729 470 1765 ΒΕιὶΤΙῑΑΜ,
493 1727 535 1759 H.
560 1728 662 1759 Lasci.
687 1738 718 1769 p.
742 1728 780 1758 25
804 1729 837 1758 et
860 1726 932 1760 273.
957 1727 1138 1764 GABBEMA,
1163 1737 1212 1768 cp.
1236 1726 1285 1764 31,
1309 1727 1359 1763 44,
1383 1727 1434 1757 45.
1459 1726 1651 1764 ΗΑΜΜΕΙΑῙ,
1676 1738 1705 1758 o.
1729 1727 1750 1760 l.

216 1794 247 1826 p.
272 1783 364 1815 1016.
402 1784 508 1821 BERG,
541 1783 616 1824 Res.
646 1783 678 1814 cl.
708 1782 744 1815 L.
775 1783 840 1814 Iul.
871 1793 902 1813 u.
937 1782 981 1813 ΟΖ.
1012 1793 1044 1823 p.
1068 1782 1138 1813 110.
1171 1782 1321 1819 θοΕΒΕΙ,,
1344 1793 1373 1813 0.
1397 1781 1417 1813 1.
1443 1781 1470 1813 1.
1493 1782 1748 1820 404.1A1ssssim‚

215 1839 286 1871 Iac.
317 1838 429 1878 Ps-aep.
459 1848 490 1879 p.
519 1837 590 1870 237.
625 1838 651 1877 ³)
676 1837 723 1868 De
753 1836 780 1868 I.
804 1839 937 1868 Ammo
962 1836 1208 1877 (latim—1553).
1238 1835 1288 1867 Cf.
1312 1836 1505 1873 Fnssiimws,
1529 1847 1558 1867 o.
1581 1835 1603 1867 l.
1627 1836 1653 1867 I.
1678 1836 1750 1869 160.

216 1894 332 1931 ADAM,
364 1893 395 1926 V.
423 1893 525 1925 Germ.
549 1893 643 1925 theol.
666 1904 698 1935 p.
721 1892 793 1931 243,
818 1895 849 1923 et
871 1893 908 1924 A.
933 1892 1062 1930 GREVE‚
1086 1891 1180 1924 Mem.
1196 1891 1274 1932 ΑΕΖ).
1290 1891 1403 1922 [lamb.
1422 1890 1512 1932 1736.
1534 1893 1561 1931 4)
1576 1891 1625 1923 Sc.
1638 1892 1748 1924 BERN.

217 1949 357 1981 Ocuim.
387 1949 413 1989 5)
438 1949 474 1981 P.
498 1949 627 1979 FAGms
651 1947 854 1988 (irioni—50),
878 1957 907 1979 v.
930 1946 1126 1984 Fauni-:noa
1150 1957 1180 1977 0.
1202 1944 1223 1978 l.
1246 1945 1273 1977 I.
1297 1945 1369 1977 160.
1393 1946 1507 1983 Bneer,
1531 1945 1668 1987 Mai-tyr,
1691 1946 1748 1977 Fa-

217 2002 287 2043 gins
311 2005 342 2034 et
365 2003 508 2034 Ochinus
532 2004 608 2033 tunc
632 2002 664 2033 in
689 2001 805 2042 Anglia
827 2003 930 2034 erant.
952 2000 979 2041 6)
1003 2000 1075 2033 Lac.
1099 2000 1344 2039 PRAEPosrrus,
1368 1999 1458 2032 cuius
1475 2000 1573 2032 vitam
1598 2000 1643 2033 a⁰.
1666 2000 1748 2033 1862

217 2059 258 2092 Η.
281 2059 321 2101 Q.
344 2059 493 2091 IANSSEN
516 2058 628 2090 edidit.

215 2266 279 2303 ΝΟ.
301 2267 358 2304 64.
1305 2267 1352 2313 [Ex
1374 2272 1442 2304 Arcti.
1458 2272 1524 2306 Secr,
1541 2271 1600 2311 ling.
1620 2268 1744 2314 nogion]

757 2389 814 2426 Ad
841 2389 979 2426 Ducem
1004 2388 1202 2427 Paussnn.

262 2511 356 2548 Iam
393 2515 496 2548 ante
535 2515 626 2548 tres
666 2511 970 2548 hebdomadas
1008 2512 1115 2548 hinc
1149 2513 1401 2554 solveram,
1437 2511 1514 2546 sed
1549 2514 1617 2546 ter
1649 2521 1745 2546 rur·

215 2584 310 2609 sum
364 2574 659 2620 gravissimis
713 2573 1083 2620 tempestatibus
1135 2571 1371 2619 repulsus,
1413 2572 1580 2608 adhaec
1621 2572 1744 2608 febre

214 2633 349 2668 etiam
383 2638 646 2680 correptus.
680 2637 870 2669 coactus
907 2633 991 2669 huc
1017 2646 1107 2669 sum
1134 2633 1283 2669 redire
1307 2644 1532 2680 cogorque
1559 2633 1744 2668 haerere

214 2693 358 2728 adhuc
405 2694 635 2736 nonnihil,
680 2694 821 2730 donec
858 2694 980 2729 vires
1023 2706 1199 2730 rursum
1239 2698 1474 2740 utcunque
1512 2692 1742 2740 colligam.

216 2753 364 2788 Video
400 2759 567 2795 autem,
611 2755 751 2790 Deum
786 2755 892 2790 haec
925 2755 988 2790 ita
1020 2756 1171 2801 egisse
1198 2754 1350 2806 ‘omnia
1383 2752 1462 2800 pro
1495 2764 1574 2788 sua
1613 2753 1743 2789 mise-

216 2813 428 2849 ricordia.
481 2815 587 2850 Nam
626 2816 942 2863 simulatque
979 2815 1061 2851 huc
1099 2816 1218 2852 redii
1255 2816 1413 2862 accepi
1439 2814 1628 2850 litteras
1656 2818 1744 2850 eta

215 2876 290 2909 tua
325 2873 614 2911 celsitudine
652 2875 980 2912 illustrissima
1014 2879 1121 2911 etex
1156 2876 1285 2923 Anglia
1318 2880 1354 2911 et
1387 2875 1430 2910 ab
1457 2875 1553 2922 Rege
1579 2875 1744 2910 Poloniae

212 2946 320 2983 quas
356 2934 522 2971 dudum
562 2936 738 2983 alioqui
775 2936 1089 2984 expectabam,
1125 2949 1238 2984 quae
1273 2936 1377 2972 mihi
1411 2936 1546 2972 etiam
1579 2948 1748 2984 suppe-
