1830 3147
229 182 303 218 210

231 293 323 329 riam
352 291 480 329 Divini
509 291 673 329 nominis
701 305 880 343 suamque
908 291 1025 343 ipsius
1054 293 1209 332 salntem
1238 299 1272 333 et
1308 296 1496 335 Ecclesiae
1532 298 1761 336 aedificatio·

232 370 329 402 nem,
365 360 401 394 et
438 356 534 393 alius
569 355 626 393 illi
661 370 808 394 rursum
838 357 914 395 dies
944 358 1195 406 constituitur,
1220 363 1262 398 ut
1291 361 1411 399 denuo
1446 361 1494 399 ad
1514 366 1666 409 ,coetum
1694 364 1761 401 Se-

232 421 377 458 niorum
416 421 553 465 veniat,
590 421 771 472 siquidem
809 422 842 459 ei
877 422 1048 472 protinus
1084 436 1160 461 non
1196 425 1320 463 omnia
1357 414 1574 477 persuaderi
1599 428 1759 478 possint,

229 486 348 523 donec
382 487 504 523 omnis
540 485 702 536 suspicio
737 486 976 536 hypocriseos
1012 500 1076 537 per
1114 490 1383 541 suprascriptas
1420 491 1496 528 iam
1531 491 1624 529 alias
1652 505 1760 531 verae

230 549 507 599 resipiscentiae
534 554 642 587 notas
671 550 806 587 animis
835 550 1098 588 Ministrorum
1126 565 1169 589 ac
1197 554 1394 593 Senior-um
1423 556 1589 593 omnium
1619 557 1762 598 exima—

227 618 300 652 tur.
356 614 396 651 Si
434 627 518 652 vero
544 615 583 653 in
611 615 732 666 primo
762 615 888 653 statim
916 628 999 653 cum
1031 615 1217 655 Ministris
1247 632 1290 656 ac
1318 620 1540 658 Senioribus
1569 622 1759 672 colloquio

226 680 571 717 excommunicatus
607 680 792 717 eiusmodi
827 681 934 730 signa
971 680 1113 719 dederit
1149 696 1235 721 snae
1267 685 1558 736 resipiscentiae,
1593 690 1636 724 ut
1663 687 1761 724 nihil

228 745 267 781 in
294 745 359 781 illa
386 758 449 796 per
476 758 605 783 omnes
636 744 832 783 Ministros
860 759 903 783 ac
930 746 1104 785 Seniores
1133 749 1287 786 omnino
1314 750 1535 801 requiratur,
1565 756 1643 789 tum
1672 764 1762 789 mox

227 809 328 846 illius
364 810 576 847 institutum
614 809 787 847 laudatur
816 824 836 847 a
866 809 1053 848 Ministris
1082 818 1118 849 et
1146 813 1366 851 Senioribus
1395 815 1570 853 omnibus
1612 815 1760 853 addun-

228 880 361 925 turque
387 875 443 912 illi
469 875 673 925 peculiares
702 888 721 913 e
749 876 1076 926 scrip-(371)turis
1104 878 1241 928 petitae
1270 879 1546 917 consolationes
1564 883 1600 917 et
1619 880 1760 918 adhor-

227 941 400 984 tationes,
452 940 603 989 diesque
657 940 804 977 demum
858 940 994 990 aliquis
1040 940 1260 980 Dominicus
1308 944 1549 981 constituitur
1590 944 1763 995 publicae

228 1005 344 1055 ipsius
378 1005 630 1055 poenitentiae
657 1009 691 1042 et
730 1018 813 1042 curn
850 1005 1020 1043 Ecclesia
1057 1008 1367 1053 reconciliationi,
1403 1009 1466 1059 qui
1505 1009 1656 1047 interim
1692 1011 1763 1048 toti

225 1070 338 1107 etiam
374 1069 563 1107 Ecclesiae
590 1075 675 1107 octo
704 1074 812 1107 antea
841 1070 972 1107 diebus
999 1072 1149 1122 publice
1177 1072 1440 1119 denunciatur,
1466 1078 1509 1111 ut
1537 1075 1694 1126 quisque
1721 1075 1761 1113 in

228 1133 408 1179 Ecclesia,
443 1138 682 1184 peccatorum
718 1134 830 1171 etiam
869 1148 1020 1172 suorum
1047 1149 1201 1181 memor,
1239 1151 1317 1175 sese
1356 1143 1555 1189 componat
1593 1139 1640 1176 ad
1676 1153 1760 1190 pre-

229 1199 413 1236 cationem
448 1212 514 1249 pro
553 1199 627 1236 suis
656 1203 691 1237 et
718 1199 830 1237 etiam
857 1202 1171 1239 excommunicati
1198 1202 1300 1240 illius
1328 1204 1501 1253 peccatis,
1529 1208 1564 1241 et
1592 1205 1639 1242 ad
1666 1205 1759 1242 reci·

224 1263 402 1314 piendum
436 1277 563 1301 rursus
598 1264 637 1301 in
673 1264 834 1313 gratiam
862 1277 905 1301 ac
932 1265 1145 1303 societatem
1176 1267 1477 1306 Ecclesiasticam
1505 1269 1758 1320 poenitentem

225 1328 332 1365 illum
361 1341 442 1365 cum
473 1328 575 1365 omni
602 1328 794 1366 alacritate
822 1333 857 1366 et
884 1330 1148 1378 gratulatione,
1177 1344 1287 1381 quem
1316 1345 1399 1369 curn
1427 1334 1530 1370 luctu
1558 1333 1710 1384 publico
1739 1347 1759 1370 e

227 1397 352 1430 coetus
389 1393 447 1430 sni
481 1394 713 1431 fraternitate
748 1406 876 1431 omnes
912 1395 1142 1433 unanimiter
1177 1400 1331 1447 propter
1358 1397 1435 1434 eins
1463 1397 1757 1436 obstinationem

228 1459 433 1504 eiecissent‚
479 1459 744 1510 publicumque
788 1459 968 1508 gaudium
1015 1473 1121 1498 suum
1159 1473 1289 1499 omnes
1328 1475 1437 1513 super
1472 1467 1627 1514 reperta,
1666 1476 1761 1514 quae

226 1524 394 1573 perierat,
422 1524 568 1561 ovicula
596 1523 822 1561 unanimiter
851 1527 1116 1563 contestentur.

278 1652 411 1690 Quae
446 1653 552 1703 ipso
582 1652 657 1690 die
684 1652 918 1703 publicae
947 1653 1475 1692 excommunicatorum
1503 1655 1761 1705 poeniten-

226 1716 325 1752 tiae
353 1719 396 1752 et
424 1715 867 1757 reconciliationis
896 1727 996 1752 cum
1026 1714 1252 1752 Ecclesia
1282 1715 1423 1754 fiant.
1603 1715 1607 1717 ’

280 1844 369 1881 Non
399 1843 640 1881 constituitur
670 1843 746 1880 dies
774 1843 875 1880 ullus
903 1843 950 1880 ad
976 1845 1166 1894 publicam
1195 1845 1602 1886 excommunicatorum
1630 1847 1759 1897 poeni·

227 1910 381 1947 tentiam
417 1914 452 1946 et
487 1908 843 1954 reconciliationem,
872 1908 946 1946 nisi
973 1908 1051 1946 dies
1079 1909 1311 1956 Dominicus,
1339 1912 1451 1959 (372)
1479 1915 1514 1948 et
1541 1911 1692 1961 quidem
1719 1913 1758 1950 in

228 1975 388 2012 maxime
426 1974 560 2011 celebri
598 1973 788 2011 Ecclesiae
826 1977 943 2019 coetu,
972 1988 1103 2025 nempe
1129 1975 1167 2012 in
1197 1976 1271 2013 fine
1299 1976 1534 2013 solemnioris
1562 1978 1759 2014 antemeri-

229 2039 360 2076 dianae
397 2038 600 2076 concionis.
655 2038 742 2075 Quo
781 2037 838 2075 die
876 2051 962 2076 vero
998 2039 1128 2090 peragi
1165 2039 1284 2086 debet,
1323 2040 1558 2078 contrahitur
1585 2041 1760 2079 nonnihil

228 2104 415 2141 ordinaria
452 2103 595 2149 concio,
631 2108 669 2140 ut
704 2103 751 2140 sit
787 2104 892 2141 locus
930 2103 1252 2142 admonitionibus
1281 2105 1325 2143 de
1352 2106 1582 2156 poenitentia
1608 2106 1758 2158 publica

226 2175 261 2206 et
297 2169 602 2206 reconciliatione
639 2169 967 2213 excommunicati,
1006 2182 1086 2206 cum
1116 2170 1161 2207 ad
1201 2170 1420 2216 Ecclesiam,
1456 2175 1534 2208 tum
1572 2172 1683 2209 etiam
1711 2171 1756 2209 ad

226 2233 345 2282 ipsum
374 2232 749 2271 excommunicatum.
778 2232 905 2270 Finita
932 2233 1049 2282 igitur
1078 2234 1267 2272 ordinaria
1298 2235 1479 2273 concione
1507 2235 1756 2273 Ecclesiastes

228 2298 373 2335 orditur
409 2298 703 2335 admonitionem
740 2298 785 2334 ad
824 2297 1031 2335 Ecclesiam
1061 2299 1104 2336 de
1131 2300 1361 2349 poenitentia
1389 2305 1424 2338 et
1451 2300 1756 2338 reconciliatione

226 2362 536 2399 excommunicati
573 2361 689 2412 deque
725 2361 843 2399 officio
881 2362 949 2399 hac
985 2362 1023 2399 in
1059 2368 1164 2413 parte
1190 2364 1380 2402 Ecclesiae
1407 2365 1536 2411 totius,
1565 2365 1610 2402 ad
1652 2365 1752 2402 hunc

228 2429 290 2462 aut
319 2426 478 2463 similem
505 2426 668 2464 modum.

279 2557 631 2604 Argumentum
677 2555 1038 2593 admonitionis
1076 2556 1132 2593 ad
1170 2556 1444 2594 Ecclesiam
1483 2556 1534 2593 de
1571 2569 1754 2594 excom-

230 2622 589 2659 municatorum
617 2620 926 2671 poenitentia
953 2625 994 2657 et
1022 2620 1461 2658 reconciliatione.

277 2750 362 2787 Duo
399 2750 594 2800 praecipua
632 2749 751 2800 capita
784 2752 1008 2794 tractantur,
1044 2752 1086 2786 ut
1122 2748 1297 2794 diximus,
1339 2730 1379 2785 in
1415 2760 1456 2784 ea
1485 2747 1754 2786 admonitione.

229 2816 409 2859 Alterum,
456 2813 499 2850 de
541 2812 853 2851 excommunicati
890 2825 932 2849 ac
966 2812 1123 2862 proinde
1163 2812 1329 2849 omnium
1367 2812 1479 2848 etiam
1516 2816 1753 2862 peecatorum

225 2877 453 2929 poenitentia
480 2889 523 2914 ac
549 2876 853 2914 reconciliatione
882 2888 964 2912 cum
992 2875 1050 2919 iis,
1077 2888 1169 2926 quos
1190 2875 1433 2913 offenderunt.
1463 2876 1633 2913 Alterum
1659 2888 1760 2921 verO,

228 2944 271 2980 de
299 2941 486 2979 Ecclesiae
512 2941 627 2978 totius
659 2941 725 2978 hac
752 2941 791 2978 in
821 2943 924 2990 parte
951 2941 1062 2987 (373)
1091 2939 1210 2977 officio
1238 2939 1339 2976 iuxta
1371 2939 1523 2976 verbum
1556 2939 1634 2977 Dei.
