1830 3147
203 128 270 178 [A.
296 128 340 163 D.
367 126 477 174 1554]
935 125 1002 164 708

207 247 343 278 moveo,
367 236 411 270 ut
435 234 472 270 in
497 232 736 270 ventriculum
763 233 975 280 regurgitet.
1016 233 1105 269 Inde
1130 233 1262 271 icterus
1288 235 1462 283 sequitur,
1487 237 1566 272 toto
1592 234 1740 270 diffusus

205 309 363 344 corpore,
397 308 476 331 011111
510 295 604 332 febre
637 294 894 338 ardentissima,
928 307 1019 342 quae
1053 308 1109 332 me
1143 295 1211 332 iam
1246 297 1385 344 quidem
1422 296 1580 344 reliquit,
1607 296 1666 332 sed
1692 296 1743 331 ita

207 358 342 395 viribus
368 357 583 394 destitutum
609 359 651 392 ut
678 357 921 404 memetipsum
958 357 1121 394 admirer.
1170 358 1286 404 Quare
1311 359 1408 395 dabit
1433 358 1569 395 veniam
1596 357 1742 393 Pellica-

210 432 288 464 nus,
322 421 422 468 pater
458 432 556 455 meus
590 418 851 462 dilectissimus,
878 422 914 456 et
939 418 1069 466 reliqui
1093 419 1247 467 collegae
1271 420 1393 464 vestri,
1419 421 1449 457 si
1475 432 1568 456 nunc
1593 419 1635 455 ad
1660 419 1742 455 illos

211 494 282 518 non
307 481 465 517 scribam.
515 480 594 516 Imo
619 492 702 516 vero
729 482 772 515 tu
797 492 942 527 quoque
968 479 1137 527 ignosces,
1164 480 1217 516 vir
1241 480 1486 529 integerrime!
1514 480 1607 527 quod
1626 479 1741 515 brevis

213 556 288 579 esse
313 555 429 590 cogor.
456 542 644 590 Coeperam
668 542 706 577 in
733 541 979 590 Westphalum
1004 542 1173 579 adornare
1198 543 1378 589 quaedam,
1404 543 1462 579 sed
1480 555 1535 579 me
1552 541 1743 578 domestica

213 603 268 639 hic
302 605 492 650 tempestas
525 602 693 650 quaedam
725 601 863 639 interea'
892 603 1030 650 excepit
1069 606 1207 650 praeter
1232 616 1368 640 omnem
1392 616 1503 640 meam
1529 602 1741 651 expectatio-

212 677 305 709 nem,
338 677 410 712 qua
444 664 486 701 de
512 677 549 700 re
575 676 669 700 1111110
695 664 808 700 11111113
833 677 904 701 11011
929 677 1083 712 possum.
1132 665 1235 701 Edidi
1260 667 1378 702 tamen
1401 665 1541 702 brevem
1567 663 1743 701 Confessi-

214 725 382 762 unculam
417 725 598 762 doctrinae
622 737 729 769 meae,
755 737 846 772 quae
871 725 1054 761 calumniis
1078 725 1324 773 impetebatur,
1350 726 1451 764 cuius
1477 725 1651 773 exemplar
1676 724 1741 760 tibi

212 787 318 824 mitto
347 788 386 834 ¹).
420 786 516 822 Haec
541 798 663 822 rursus
688 799 708 822 a
733 785 915 822 nonnullis
940 787 1135 834 oppugnari
1161 789 1294 834 coepta,
1318 787 1357 823 111
1382 788 1488 824 coetu
1512 786 1651 822 demum
1676 797 1739 832 pu-

210 847 301 884 blico
333 847 576 883 ministrorum
609 847 713 883 huius
746 846 878 894 patriae
916 859 936 882 a
962 860 1017 883 me
1043 847 1184 883 defensa
1210 850 1276 884 est.
1325 847 1481 884 Collecta
1506 847 1625 890 habeo,
1651 858 1741 893 quae

209 910 289 944 acta
314 911 399 944 sunt
424 908 551 952 omnia,
577 908 638 944 sed
662 921 733 944 non
760 909 929 944 videntur
954 908 1060 955 digna
1085 908 1164 945 luce
1188 909 1338 956 publiea.
1365 910 1425 945 Me
1451 911 1566 945 tamen
1592 908 1643 943 ita
1656 911 1740 943 sunt

211 972 395 1013 remorata,
420 972 462 1006 ut
488 970 523 1005 in
551 969 797 1018 Westphalum
823 969 908 1006 nihil
935 982 1037 1017 agere
1061 970 1175 1007 adhuc
1200 970 1386 1018 potuerim.
1422 970 1482 1006 Ita
1506 970 1619 1006 adhuc
1644 981 1739 1005 exer-

212 1043 343 1075 cemur,
368 1031 422 1067 vir
448 1031 685 1068 sanctissime!
714 1031 761 1067 sit
787 1031 940 1067 Domino
966 1031 1090 1078 gratia,
1115 1044 1186 1068 non
1213 1034 1330 1068 tamen
1356 1031 1431 1068 sine
1457 1031 1578 1068 fructu
1612 1034 1647 1067 et
1664 1042 1740 1066 meo

208 1093 246 1127 et
279 1090 482 1127 multorum.
532 1090 623 1127 Nam
658 1091 720 1127 hac
752 1090 960 1127 velitatione
996 1091 1157 1127 doctrina
1182 1094 1305 1128 nostra
1337 1091 1451 1128 multo
1485 1092 1539 1128 hic
1566 1104 1660 1128 nunc
1686 1092 1740 1127 est

212 1152 320 1199 magis
345 1153 557 1196 confirmata,
583 1165 685 1199 quam
712 1165 868 1199 unquam
892 1155 1007 1196 antea,
1033 1155 1068 1189 et
1093 1153 1272 1200 pudefacti
1310 1154 1371 1201 qui
1396 1153 1449 1189 illi
1474 1153 1658 1190 reclamare
1682 1165 1738 1188 co-

214 1213 399 1250 nabantur.
424 1214 529 1250 Nune
555 1213 619 1249 sub
645 1213 763 1261 proelo
790 1220 844 1250 est
872 1214 1011 1253 „Ratio
1036 1214 1252 1261 gubernandi
1277 1216 1433 1251 nostram
1459 1214 1496 1250 in
1520 1214 1650 1261 Anglia
1673 1214 1742 1250 Ec-

213 1275 353 1311 clesiam
379 1287 458 1311 cum
484 1275 559 1311 eius
586 1275 716 1310 ritibus
741 1287 781 1311 ac
806 1275 1034 1311 ceremoniis''
1060 1277 1103 1322 ²).

260 1338 338 1373 lter
363 1340 524 1373 nostrum
543 1337 717 1373 Danicum
736 1337 846 1372 exibit
864 1336 985 1383 lingua
1003 1337 1207 1373 Germanica
1224 1338 1348 1372 autore
1365 1336 1540 1372 Micronio
1558 1338 1681 1372 nostro
1697 1337 1741 1382 ³).

214 1399 323 1436 Plura
347 1412 440 1435 nunc
465 1399 566 1447 plane
592 1412 660 1435 non
688 1412 842 1447 possum.
878 1399 1008 1446 Itaque
1033 1399 1110 1435 vale
1136 1403 1172 1435 et
1197 1412 1251 1437 1110
1277 1402 1421 1436 tuorum
1448 1399 1602 1436 omnium
1629 1399 1739 1447 preci-

214 1459 280 1495 bus
314 1460 501 1507 diligenter
528 1460 740 1504 commenda‚
767 1472 897 1508 eosque
923 1473 1042 1497 omnes
1067 1460 1183 1497 verbis
1208 1460 1293 1496 meis
1319 1460 1452 1497 salvere
1477 1460 1594 1510 iubeas
1621 1459 1738 1496 velim.

213 1520 369 1569 Raptim.
417 1521 571 1558 Embdae
597 1525 615 1557 5
644 1521 808 1558 Octobris
834 1523 937 1559 1554.

1231 1569 1342 1614 Tuus,
1360 1571 1516 1617 quantus
1534 1573 1599 1614 est,

1225 1630 1395 1668 Ioannes
1420 1631 1441 1667 3
1465 1631 1600 1668 111500.

259 1712 284 1751 ¹)
308 1712 358 1743 De
384 1712 500 1744 Christi
524 1712 743 1752 communione,
767 1712 816 1744 ed.
838 1714 937 1745 nostr.
961 1713 997 1745 T.
1020 1713 1131 1746 1.235.
1153 1716 1180 1754 Ξ)
1203 1739 1220 1753 ,,
1235 1715 1348 1746 Forma
1364 1725 1402 1746 ac
1416 1715 1520 1747 ratio''
1535 1715 1653 1757 partim
1668 1714 1743 1745 Em-

216 1768 283 1806 dae,
306 1770 426 1810 partim
449 1769 531 1800 Frfti
555 1769 640 1811 typis
664 1780 847 1811 expressum
870 1779 947 1807 esse,
971 1770 1099 1802 aliunde
1123 1781 1249 1812 quoque
1272 1774 1382 1803 notum
1405 1773 1463 1803 est.
1488 1771 1515 1811 3)
1539 1772 1739 1802 Mmasmus

220 1825 268 1857 ed.
293 1826 336 1856 a0.
360 1825 409 1855 ’56
433 1828 503 1856 3013
527 1825 754 1866 disputationis
777 1836 851 1856 suae
873 1825 906 1856 in
928 1817 1041 1857 itinere
1065 1837 1137 1857 cum
1159 1827 1318 1858 Mennone
1334 1826 1470 1864 habitae,
1487 1826 1520 1857 in
1539 1826 1651 1868 quibus
1665 1836 1739 1856 1011-

211 1881 292 1912 nihil
315 1881 351 1913 de
376 1881 489 1912 itinere
512 1881 544 1912 in
568 1882 716 1912 universo
740 1881 902 1922 praefatus
925 1884 981 1913 est.
1009 1882 1074 1913 Een
1090 1882 1279 1924 waerachliq
1295 1883 1424 1914 verhaal
1436 1883 1493 1914 der
1507 1883 1738 1924 t'sa7nen53nek.

213 1937 356 1968 tussehen
381 1937 496 1968 Menno
519 1936 640 1967 Simone
662 1939 700 1967 eu
722 1937 769 1968 M.
793 1936 933 1970 Dlikron.
954 1937 1077 1969 Eodem
1100 1949 1182 1969 anno
1206 1939 1337 1970 MENNO
1360 1939 1526 1980 respondit
1547 1939 1656 1970 libello
1680 1949 1737 1970 suo

219 1991 284 2022 Een
304 1994 375 2033 qatz
398 1991 556 2033 duytliche
577 1992 655 2022 ende
667 1992 831 2034 bescheyde
845 1994 1000 2024 antwoort
1011 1996 1067 2025 cet.
1080 1994 1127 2025 αθ.
1151 1993 1241 2032 1556,
1259 1994 1308 2025 cui
1325 1995 1477 2036 opposuit
1491 1995 1608 2026 iterum
1623 1995 1738 2027 MART.

218 2047 322 2078 an.
347 2058 439 2079 suum
461 2048 613 2089 Apoloqie
634 2048 702 2089 oste
723 2048 972 2081 verandtwoord.
995 2049 1041 2080 M.
1067 2049 1208 2081 Micwen
1231 2060 1268 2091 op
1291 2050 1357 2081 XX
1373 2050 1556 2093 versckeyde
1576 2050 1744 2082 arcz'kelen.

217 2102 310 2135 Emd.
334 2102 415 2134 Gell.
439 2103 540 2135 Ctem.
565 2104 655 2134 1558.

216 2296 279 2333 ΝΟ.
306 2297 386 2334 105.
1443 2299 1477 2344 [Ε
1495 2299 1636 2332 catechismo
1653 2298 1734 2343 Emd.]
1754 2327 1758 2329 1

724 2371 781 2408 Ad
807 2372 905 2408 Mm.
931 2372 1036 2408 Fms.
1063 2372 1227 2408 ORIENT.

360 2491 456 2528 Haec
482 2504 533 2539 ep.
559 2491 745 2539 praemissa
771 2492 848 2527 Cat.
875 2491 976 2528 Emd.
1005 2490 1137 2538 legitur
1162 2491 1215 2528 ed.
1242 2493 1352 2527 nostr.
1376 2490 1417 2528 T.
1443 2490 1496 2527 Π.
1521 2490 1600 2526 496.

213 2690 278 2726 N0.
304 2691 383 2727 106.
1068 2689 1411 2736 [11111.11ωω.0.1[.11;5.
1428 2689 1511 2723 nera,
1532 2699 1555 2723 0.
1572 2690 1587 2720 ι.
1605 2684 1735 2733 11117111]

755 2812 812 2848 Ad
840 2812 1190 2848 HARDENBeRcmM.

255 2933 332 2982 Ago
365 2931 430 2968 tibi
455 2934 491 2968 et
516 2931 586 2968 illis
611 2932 782 2975 omnibus,
808 2942 959 2978 quorum
986 2931 1021 2966 in
1049 2930 1121 2966 tuis
1151 2929 1264 2966 literis
1295 2927 1499 2972 meministi,
1524 2927 1669 2975 gratias,
1694 2926 1741 2963 mi
