1830 3147
189 113 236 152 74

191 223 239 261 ad
275 222 312 260 id
348 219 561 259 faciendum
590 217 694 256 omni
723 219 845 255 vestro
882 213 1006 254 studio
1034 214 1294 253 exhortemini.
1348 214 1396 251 In
1424 227 1567 252 summa
1594 214 1724 252 memi-

190 287 320 327 neritis
354 286 582 324 talentorum
612 282 719 322 vobis
760 282 799 320 in
835 281 908 319 hoc
944 279 1183 325 creditorum,
1210 282 1253 317 ut
1278 292 1320 317 ca
1347 278 1495 317 foenori
1522 278 1726 330 exponatis,

190 366 268 392 non
303 355 427 390 autem
462 353 505 388 ut
540 349 581 387 in
614 352 753 387 terram
790 347 953 390 sudario,
989 344 1197 396 quamlibet
1232 344 1271 381 in
1299 344 1458 395 speciem
1487 344 1641 388 mundo,
1665 343 1727 382 in-

190 418 317 456 voluta
346 413 545 453 defodiatis
566 413 611 462 ¹).
637 413 684 450 ln
714 412 786 449 hoc
812 411 883 450 toti
908 409 1128 454 incumbite,
1153 412 1196 447 ut
1223 408 1348 447 studio
1377 421 1420 446 ac
1448 413 1585 446 conatu
1605 413 1727 446 vestro

190 484 298 534 plura
325 480 397 519 alia
423 480 566 519 talenta
594 477 783 516 communi
810 479 942 515 nostro
968 474 1136 512 omnium
1172 473 1336 512 Domino
1371 487 1435 525 per
1462 473 1542 512 eius
1568 473 1728 524 gratiam

192 546 410 585 lucrifacere
444 543 718 596 possi-(40)tis.
772 543 833 580 Ita
870 542 934 579 fiet
969 541 1080 586 enim,
1118 542 1171 585 nt,
1212 539 1393 590 superatis
1419 539 1569 577 tandem
1599 539 1732 577 vestris

191 611 388 650 laboribus
414 609 604 654 omnibus,
630 607 826 660 reportetis
861 605 1125 658 proculdubio,
1151 604 1218 642 ubi
1244 605 1421 656 Princeps
1448 605 1511 642 ille
1538 610 1731 656 pastorum

192 676 363 716 omnium
400 688 567 713 summus
602 678 712 724 atque
738 676 910 711 aeternus
938 669 1160 722 apparuerit,
1196 682 1374 707 coronam
1408 669 1551 719 gloriae
1577 669 1731 707 immar-

194 740 404 779 cessibilem
424 742 469 790 2),
502 738 738 789 audiatisque
774 737 814 775 in
854 736 1002 774 theatro
1029 733 1162 772 mundi
1189 734 1305 772 totius
1334 747 1461 772 vocem
1487 734 1592 772 illam
1617 734 1731 784 longe

194 805 474 845 suavissimam:
527 803 634 853 Euge
674 815 777 840 serve
805 802 903 839 bone
939 803 975 838 et
1009 799 1148 837 fidelis!
1176 799 1276 837 intra
1304 799 1343 837 in
1370 799 1549 848 gaudium
1577 798 1733 836 Domini

193 870 263 910 tui.
293 870 395 908 Deus
422 873 459 907 et
485 869 596 907 Pater
623 872 751 907 noster
779 865 949 904 coelestis
991 863 1172 902 concedat
1197 877 1263 915 per
1290 864 1509 901 immensam
1537 875 1641 900 suam
1660 862 1731 899 mi-

196 934 451 980 sericordiam,
493 937 536 972 ut
579 945 708 971 omnes
752 931 891 983 pariter
935 942 1065 967 vocem
1110 928 1207 966 hanc
1243 927 1333 965 olim
1369 927 1498 965 audire
1532 925 1734 978 possimus,

195 1005 347 1053 propter
373 999 494 1038 filium
520 1011 630 1037 suum
658 997 847 1043 dilectum,
875 995 1081 1033 Dominum
1109 997 1295 1038 nostrum.
1326 995 1446 1031 Amen
1465 992 1538 1042 ³)''.

249 1130 376 1169 Finita
411 1129 481 1167 hac
507 1127 778 1168 admonitione,
805 1127 1025 1165 decantatur
1053 1125 1222 1163 Psalmus
1250 1124 1387 1175 aliquis
1413 1124 1686 1174 gratulatorius
1713 1139 1734 1162 a

197 1199 277 1234 tota
312 1194 493 1240 Ecclesia,
529 1206 601 1245 quo
639 1192 826 1238 absoluto,
854 1190 1036 1235 Ecclesia,
1063 1194 1215 1241 accepta
1243 1203 1264 1227 a
1294 1189 1473 1228 Ministro
1502 1189 1734 1228 benedictio-

199 1272 258 1305 ne,
285 1257 489 1296 dimittitur
515 1256 555 1294 in
583 1268 684 1307 pace.

472 1384 693 1424 Peculiaria
719 1384 759 1423 in
788 1383 1137 1434 Super-intendentis
1164 1383 1464 1434 inauyuratione.

252 1513 442 1552 EODEM
468 1513 580 1565 plane
606 1512 719 1550 modo
746 1512 993 1561 inauguratur
1021 1511 1354 1563 Super-intendens,
1382 1525 1456 1564 quo
1481 1513 1617 1564 reliqui
1636 1514 1739 1552 verbi

202 1578 372 1617 Ministri
398 1590 540 1622 omnes,
568 1577 641 1615 nisi
669 1576 770 1627 quod
798 1576 855 1614 illi
880 1576 920 1614 in
949 1589 989 1614 ea
1016 1576 1279 1615 tantummodo
1309 1577 1478 1615 Ecclesia
1506 1578 1738 1628 inauguran-

200 1648 274 1689 tur,
318 1643 357 1680 in
404 1643 507 1680 cuius
543 1641 860 1690 mini·(41)sterio
899 1645 1107 1687 versantur,
1143 1662 1195 1671 —
1222 1641 1542 1693 superintendens
1577 1656 1663 1681 vero
1700 1643 1740 1681 iu

201 1707 379 1746 omnibus
415 1706 702 1756 Peregrinorum
740 1705 920 1743 Ecclesiis
955 1719 1021 1757 per
1057 1706 1253 1744 intervalla
1287 1706 1548 1755 inauguratur,
1583 1721 1650 1758 pro
1694 1721 1740 1746 eo

201 1786 245 1812 ac
271 1777 438 1824 tempora
465 1772 545 1823 ipsa
573 1771 610 1808 id
639 1770 807 1808 omnium
837 1770 1138 1808 commodissime
1164 1771 1400 1822 permittunt.

202 1901 339 1941 Forma
373 1899 626 1949 inauyurandi
661 1898 834 1936 Seniores
869 1898 1132 1945 subsidiarios,
1169 1912 1231 1938 seu
1258 1901 1507 1950 Presbyteros
1535 1901 1743 1946 Ecclesiae,

680 1963 747 2012 qui
773 1963 814 2001 in
840 1965 947 2002 verbo
975 1977 1048 2002 non
1076 1966 1265 2003 laborant.

255 2090 625 2130 POSTEAQUAM
661 2090 834 2128 Seniores
871 2102 935 2127 seu
962 2089 1177 2140 Presbyteri
1208 2090 1395 2129 Ecclesiae
1427 2092 1536 2130 electi
1571 2093 1742 2144 publico·

204 2170 275 2208 que
303 2156 493 2194 Ecclesiae
520 2155 668 2194 silentio
697 2155 894 2206 approbati
921 2158 1022 2200 sunt,
1049 2159 1090 2193 ut
1117 2155 1373 2207 supradictum
1408 2161 1475 2203 est,
1504 2159 1745 2198 constituitur

205 2226 326 2260 certus
365 2221 442 2259 dies
480 2220 702 2258 Dominicus
739 2219 786 2258 ad
821 2219 990 2271 ipsorum
1019 2219 1358 2269 inaugurationem.
1411 2223 1538 2273 Atque
1572 2222 1627 2260 ibi
1661 2227 1740 2261 tum

205 2287 247 2325 in
278 2286 430 2339 publica
467 2285 648 2323 concione
683 2284 761 2323 sive
797 2284 983 2323 matutina
1020 2285 1098 2323 sive
1131 2285 1401 2336 pomeridiana,
1434 2291 1477 2325 ut
1512 2288 1744 2327 commodius

206 2366 287 2391 esse
314 2352 491 2400 videtur),
517 2350 703 2389 absolutis
730 2350 891 2402 publicis
918 2350 1108 2388 Ecclesiae
1135 2351 1320 2402 precibus,
1339 2352 1555 2403 priusquam
1572 2353 1743 2391 Psalmus

208 2421 395 2455 extremus
432 2416 661 2462 decantetur,
688 2415 933 2453 Ecclesiastes
959 2415 1064 2453 iubet
1098 2415 1320 2454 nominatim
1357 2416 1506 2467 prodire
1533 2417 1670 2455 electos
1697 2419 1744 2455 il-

208 2482 266 2519 los
300 2480 340 2518 in
374 2480 491 2518 totius
518 2479 710 2518 Ecclesiae
736 2483 976 2531 prospectum
1015 2479 1111 2528 (sive
1139 2493 1234 2518 unus
1263 2480 1324 2525 sit,
1351 2481 1428 2519 sive
1453 2481 1595 2532 plures)
1623 2482 1677 2520 sic
1706 2488 1744 2522 ut

209 2560 232 2584 a
265 2549 346 2584 tota
383 2545 550 2582 Ecclesia
589 2544 881 2595 conspiciantur.
937 2544 1236 2597 Constitutisque
1273 2545 1325 2583 eis
1361 2545 1409 2583 ad
1446 2545 1547 2583 hunc
1573 2547 1741 2595 modum,

212 2610 310 2649 dicet
335 2609 465 2660 paucis
495 2609 538 2647 de
565 2610 732 2660 ipsorum
771 2609 964 2655 electione,
991 2622 1064 2660 quo
1093 2615 1200 2661 pacto
1230 2624 1309 2648 sese
1336 2610 1521 2671 habuerit,
1549 2611 1668 2662 deque
1685 2613 1743 2650 of-

211 2673 298 2712 ficio
334 2674 501 2725 ipsorum
528 2672 569 2711 in
596 2673 779 2719 Ecclesia,
807 2673 1120 2725 quemadmodum
1149 2689 1259 2726 supra
1286 2675 1326 2713 in
1355 2676 1535 2714 concione
1563 2677 1660 2715 circa
1686 2679 1743 2730 ip-

213 2752 339 2777 sorum
375 2737 593 2776 electionem
630 2740 715 2786 (42)
752 2738 930 2777 habetur:
966 2752 1086 2790 neque
1127 2740 1287 2791 amplius
1329 2739 1405 2778 iam
1447 2744 1597 2787 restare,
1632 2755 1742 2793 quam

259 2865 285 2905 ι)
307 2864 425 2898 Matth.
447 2865 497 2898 25.
540 2865 645 2897 Lucae
670 2866 718 2898 19.
846 2866 873 2905 2)
900 2867 916 2897 1
939 2866 1007 2898 Pet.
1032 2868 1060 2899 5.
1187 2867 1214 2908 ³)
1237 2868 1354 2902 Matth.
1377 2869 1428 2903 25.
1475 2868 1580 2902 Lucae
1605 2871 1653 2904 19.
