1830 3147
231 111 297 157 [A.
324 111 372 146 D.
401 111 511 157 1554]
969 109 1036 144 698

273 219 471 266 Hamburgi
495 221 613 265 pastor
637 217 776 266 quidam
802 217 999 253 Ioachimus
1022 216 1248 263 Westphalus
1281 217 1316 252 iu
1350 228 1412 252 nos
1437 228 1553 252 omnes
1574 217 1610 253 in
1634 228 1758 264 genere

227 282 367 330 scripsit
390 280 544 317 libellum
562 279 748 316 mendaciis
763 282 799 314 et
820 278 1011 315 maledictis
1030 279 1194 313 refertum
1211 280 1254 322 ⁸),
1273 279 1307 314 in
1321 289 1391 325 quo
1405 278 1541 313 interim
1557 278 1640 313 nihil
1658 278 1761 314 habe·

230 350 301 385 tur,
324 342 417 390 quod
441 355 512 377 non
536 341 581 377 ab
605 341 682 377 aliis
708 341 840 376 dictum
856 340 903 376 sit
928 340 1022 387 prius
1048 344 1082 375 et
1097 338 1232 386 quidem
1256 339 1389 376 felicius
1409 340 1525 375 etiam.
1559 339 1648 375 Eum
1665 339 1763 375 vobis

228 415 365 451 quoqne
383 402 498 444 mitto,
518 401 547 437 si
563 402 652 437 forte
669 404 824 436 vestrum
844 401 968 448 aliquis
985 401 1063 436 istic
1086 400 1117 435 ei
1137 399 1344 447 respondere
1359 400 1454 442 velit,
1472 413 1547 436 nam
1572 401 1654 436 mihi
1669 411 1762 436 nunc

228 475 265 499 re
290 475 369 498 vera
394 475 462 498 non
487 466 599 498 vacat.
625 461 763 496 Vellem
788 463 906 496 tamen
929 461 991 502 illi,
1017 473 1086 495 non
1113 464 1182 496 tam
1200 465 1338 508 propter
1355 461 1479 508 ipsum,
1500 473 1601 508 quam
1622 465 1761 508 propter

228 523 315 559 alios
339 523 399 570 qui
437 522 481 558 ab
506 523 581 569 ipso
607 521 771 573 pendent,
806 520 1017 567 re÷pondert
1069 521 1194 556 Emisit
1219 524 1397 568 praeterea
1422 522 1524 557 etiam
1550 522 1758 567 farraginem

229 583 555 629 interpretationum
579 594 682 627 super
700 581 813 616 verbis
834 593 959 616 coenae
982 580 1164 616 collectam
1185 593 1225 617 ex
1245 575 1381 628 scriptis
1404 581 1642 623 Carolostadii‚
1659 582 1762 617 Zuin-

228 643 302 691 glii,
328 642 597 689 Oecolampadii,
621 643 719 678 Petri
740 641 920 689 Martyris,
941 641 1078 682 Buceri,
1097 640 1246 676 Vestrae
1270 642 1497 678 confessionis
1515 641 1680 678 adversus
1692 643 1764 677 Lu-

229 705 375 746 theram,
391 704 597 751 Bullingeri,
618 702 756 738 Calvini
782 706 817 737 et
841 715 882 738 ex
907 715 983 738 meo
1009 714 1146 749 quoque
1170 701 1212 737 ad
1239 706 1430 738 extremum
1455 703 1584 744 libello,
1609 703 1667 739 sed
1682 703 1762 739 huic

229 778 294 813 ego
314 766 431 812 cogito
448 764 666 812 respondere,
684 764 712 799 si
732 763 901 799 Dominus
918 763 1065 809 gratiam
1085 762 1231 799 dederit.
1281 763 1401 802 Quid?
1423 763 1516 811 quod
1541 768 1576 800 et
1600 764 1655 801 hic
1681 766 1761 810 post

230 840 343 864 meum
361 826 494 863 abitum
519 825 700 861 admisceri
714 825 883 872 quaedam
909 825 1013 860 etiam
1037 828 1227 869 coeperunt
1249 837 1308 870 per
1333 825 1510 872 quosdam,
1531 837 1619 873 quae
1644 829 1761 860 tamen

230 889 343 931 facile,
371 899 486 934 spero,
513 887 743 933 corrigentur.
779 886 916 932 Urgent
941 886 1155 921 Buceranam
1173 885 1434 927 exhibitionem,
1461 897 1549 932 quae
1569 898 1613 921 ne
1629 886 1671 921 ab
1687 885 1763 932 ipso

226 949 364 997 quidem
383 947 518 983 Bucero
541 946 692 993 intelligi
718 946 845 993 potuit.
870 945 997 981 nedum
1019 949 1060 980 ut
1084 944 1203 980 solidis
1227 944 1306 981 ullis
1327 946 1382 981 vel
1405 946 1614 981 testimoniis
1636 946 1690 981 vel
1711 958 1766 981 ra-

226 1009 381 1046 tionibus
406 1007 623 1054 comprobari
647 1007 767 1054 possit,
792 1006 852 1042 sed
878 1006 921 1042 de
947 1006 1010 1042 hoe
1036 1010 1157 1053 postea
1184 1005 1291 1052 plura.
1321 1006 1452 1042 Tantae
1476 1010 1529 1042 est
1553 1006 1653 1042 molis
1670 1006 1765 1042 vide-

228 1071 322 1112 lieet,
355 1069 477 1105 tollere
503 1068 736 1116 prodigiosam
771 1067 876 1110 illam,
909 1068 1090 1114 omnisque
1117 1067 1312 1114 Papisticae
1336 1067 1551 1103 idololatriae
1574 1070 1764 1114 parentem,

227 1132 505 1178 imaginationem
543 1130 756 1177 praesentiae
790 1129 942 1175 corporis
976 1128 1105 1164 Christi
1131 1129 1166 1164 in
1191 1129 1385 1164 ceremonia
1409 1129 1484 1175 ipsa
1508 1133 1544 1164 et
1585 1128 1765 1164 elementis

229 1193 378 1228 Coenae.
419 1192 524 1238 Spero
550 1195 666 1226 tamen
692 1189 787 1225 brevi
813 1190 978 1231 futurum,
1006 1193 1045 1224 ut
1070 1201 1112 1224 ex
1137 1189 1258 1225 animis
1283 1190 1416 1235 piorum
1442 1190 1594 1225 omnium
1619 1189 1765 1225 tollatur

229 1254 380 1290 omnino.
429 1252 521 1287 Sunt
557 1263 705 1292 rursum,
740 1251 798 1297 qui
834 1262 887 1285 me
911 1263 932 1285 a
958 1249 1054 1285 vobis
1080 1249 1264 1285 dissentire
1289 1254 1423 1297 putant,
1459 1262 1499 1285 eo
1524 1249 1615 1297 quod
1642 1262 1764 1296 panem

229 1318 267 1351 et
291 1315 406 1350 vinum
431 1314 467 1349 in
492 1325 599 1348 coena
624 1312 723 1359 signa
760 1323 886 1347 coenae
912 1323 988 1346 esse
1014 1323 1147 1358 negem,
1173 1322 1260 1358 quae
1280 1324 1341 1347 vos
1364 1311 1522 1359 symbola
1539 1323 1614 1347 esse
1634 1311 1766 1347 docetis

228 1377 381 1424 corporis
414 1378 450 1411 et
480 1375 656 1422 sanguinis
694 1373 846 1409 Christi:
886 1373 984 1420 quasi
1018 1386 1101 1408 vero
1139 1386 1208 1408 non
1234 1373 1330 1409 aliud
1355 1374 1401 1409 sit
1424 1386 1533 1410 coena
1557 1374 1643 1421 ipsa,
1670 1373 1765 1409 aliud

229 1449 312 1474 vero
337 1449 461 1482 corpus
498 1439 534 1471 et
569 1436 708 1482 sanguis
744 1434 885 1476 Christi,
918 1438 970 1476 ut,
1005 1434 1069 1470 etsi
1097 1435 1193 1481 panis
1219 1438 1255 1470 et
1280 1434 1396 1470 vinum
1421 1446 1548 1470 coenae
1574 1434 1672 1482 signa
1696 1446 1767 1469 non

231 1499 313 1541 sint,
349 1496 505 1544 symbola
530 1499 646 1531 tamen
671 1495 823 1541 corporis
850 1498 884 1529 et
909 1494 1087 1541 sanguinis
1112 1494 1244 1530 Christi
1268 1506 1344 1530 esse
1369 1494 1593 1530 nihilominus
1619 1494 1768 1541 possint.

230 1559 308 1595 Imo
335 1570 428 1598 ver0‚
470 1569 549 1592 eum
585 1568 649 1602 ego
681 1554 802 1595 doceo,
836 1554 1114 1590 distributionem
1140 1555 1251 1600 ipsam
1276 1566 1315 1590 ac
1341 1554 1638 1601 participationem
1668 1553 1766 1600 panis

229 1621 266 1656 in
300 1631 407 1655 coena
443 1629 516 1654 esse
550 1617 688 1662 signum
720 1627 858 1657 coenae,
895 1615 998 1651 simul
1032 1626 1168 1662 quoque
1207 1615 1324 1656 doceo,
1361 1627 1484 1661 panem
1521 1617 1557 1650 et
1582 1615 1698 1651 vinum
1728 1615 1765 1650 in

229 1693 337 1716 coena
372 1691 445 1714 esse
478 1677 636 1726 symbola
660 1677 814 1723 corporis
842 1678 878 1711 et
903 1676 1081 1722 sanguinis
1108 1675 1251 1711 Christi.
1301 1675 1444 1723 Alioqui
1469 1675 1668 1712 distributio
1693 1676 1770 1722 ipsa

232 1742 329 1789 panis
354 1752 393 1776 ae
420 1740 534 1786 poculi
558 1739 594 1774 in
618 1750 725 1773 coena
749 1738 885 1784 signum
912 1748 988 1771 esse
1014 1748 1083 1771 non
1109 1740 1224 1782 posset
1248 1737 1498 1772 communionis
1523 1741 1660 1772 nostrae
1687 1748 1765 1772 cum

231 1801 368 1836 Christo
404 1800 439 1836 in
476 1811 618 1846 corpore
642 1802 677 1834 et
702 1798 870 1844 sangnine
895 1797 1016 1843 ipsius,
1059 1797 1088 1831 si
1111 1797 1208 1842 panis
1235 1799 1270 1832 et
1295 1797 1414 1832 vinum
1439 1796 1593 1843 symbola
1618 1810 1687 1832 non
1711 1809 1765 1832 es-

230 1864 311 1898 sent
335 1861 488 1907 corporis
513 1864 549 1895 et
577 1858 755 1905 sanguinis
781 1856 926 1893 Christi.
958 1856 1025 1892 Sed
1050 1862 1167 1892 amant
1193 1858 1310 1892 venari
1333 1869 1373 1893 ac
1399 1869 1509 1893 serere
1533 1857 1684 1899 dissidia,
1709 1857 1768 1892 ubi

231 1923 328 1959 nulla
351 1925 446 1962 sunt,
475 1933 554 1957 cum
581 1920 646 1967 ipsi
671 1919 738 1954 sibi
762 1930 933 1965 nusquam
959 1921 1122 1953 constent
1146 1920 1191 1962 ⁹).

279 1982 385 2018 Plura
421 1983 488 2017 iam
527 1993 597 2016 non
633 1991 786 2026 possum.
833 1978 1046 2014 Commendo
1073 1990 1125 2013 me
1151 1981 1186 2013 et
1211 1977 1414 2024 dissipatam
1440 1989 1549 2013 meam
1575 1977 1767 2013 Ecclesiam

231 2043 358 2079 vestris
395 2043 554 2089 precibus
588 2043 625 2076 et
656 2040 730 2076 Vos
771 2040 900 2087 pariter
935 2051 1054 2074 omnes
1093 2041 1177 2086 opto
1201 2039 1236 2074 in
1263 2038 1414 2074 Domino
1439 2041 1532 2075 recte
1560 2041 1596 2074 et
1619 2037 1769 2074 feliciter

231 2103 355 2139 valere.
390 2101 547 2138 Aemdae
572 2101 761 2137 Frisiorum
787 2101 807 2134 3
835 2100 957 2135 Martii
976 2098 1022 2143 1ο)
1047 2100 1154 2135 1554.

281 2163 409 2199 Vester
433 2175 476 2198 ex
500 2161 616 2198 animo
640 2165 792 2208 quantus
817 2163 871 2195 est

1206 2219 1376 2255 IoANan
1401 2219 1422 2255 a
1447 2219 1581 2260 hisco,
1606 2231 1651 2255 m.
1676 2223 1751 2265 prs

279 2321 304 2360 ¹)
327 2319 459 2351 Excidit
481 2318 567 2360 apud
591 2317 691 2350 Gerd.
715 2318 741 2357 2)
766 2317 865 2348 Initio
889 2316 957 2358 ipse
981 2316 1042 2347 sibi
1065 2315 1084 2348 Ξι
1105 2315 1206 2348 Lasco
1229 2318 1443 2358 proposuerat
1466 2315 1661 2347 infortunias
1683 2314 1772 2348 Eccl-

236 2378 311 2409 suae
334 2386 491 2413 enarrare,
517 2385 577 2416 quo
600 2374 663 2405 fine
683 2375 803 2416 sylvam
820 2372 945 2404 itineris
960 2373 1023 2404 iam
1037 2372 1140 2404 obiter
1153 2372 1411 2404 concinnaverat.
1432 2373 1526 2403 Hanc
1543 2372 1657 2403 silvam
1671 2371 1773 2403 misit.

237 2434 402 2476 Quantum
424 2432 543 2463 scimus
565 2430 674 2472 periit.
697 2429 816 2462 Utenh.
840 2440 876 2460 ea
899 2429 1082 2460 hauddubie
1106 2439 1180 2459 usus
1210 2431 1257 2460 est
1281 2429 1313 2460 in
1337 2428 1523 2459 narratione
1552 2439 1608 2460 sua
1635 2427 1772 2460 conseri-

235 2488 349 2519 benda.
393 2488 420 2528 3)
446 2487 495 2518 Cf.
519 2498 549 2517 n.
573 2486 603 2516 9.
647 2486 675 2525 4)
699 2484 882 2516 UTENHOV.
903 2495 929 2515 3.
951 2485 1031 2525 a.f.
1055 2495 1144 2516 narr.
1166 2495 1198 2525 p.
1216 2484 1276 2514 120
1300 2495 1345 2525 sq.
1390 2485 1416 2524 5)
1441 2483 1488 2515 Ib.
1504 2495 1536 2525 p.
1554 2484 1625 2515 165.
1669 2483 1696 2523 6)
1720 2483 1770 2516 lb.

237 2556 268 2586 p.
293 2545 351 2575 191
373 2546 405 2575 et
435 2543 596 2579 GREvius,
621 2541 714 2572 Mem.
739 2541 768 2572 I.
806 2540 937 2580 Westplz.
960 2551 992 2581 p.
1015 2539 1065 2572 75.
1109 2540 1136 2579 ⁷)
1161 2539 1256 2581 Quod
1279 2539 1395 2580 Belgae
1418 2539 1502 2570 inter
1532 2538 1637 2570 exules
1658 2549 1770 2580 reapse

237 2599 357 2640 partim
379 2599 534 2634 fecerunt,
559 2597 614 2638 qui
636 2607 711 2627 vcro
735 2595 850 2637 gallico
875 2595 941 2626 sive
959 2595 1083 2635 anglico
1099 2594 1251 2625 idiomate
1267 2595 1439 2639 utebantur
1455 2605 1517 2625 non
1535 2594 1590 2624 ita..
1623 2593 1649 2632 S)
1676 2594 1773 2625 Recta

228 2654 315 2694 fides
338 2654 376 2684 de
403 2654 503 2684 Coena
527 2652 658 2683 Domini
691 2662 729 2682 ea:
761 2651 859 2682 verbis
888 2650 1037 2690 Apostoli
1066 2650 1160 2680 Paula·
1190 2652 1220 2680 et
1248 2649 1527 2690 Ezaaw'qelistarum
1556 2648 1771 2679 demonstrata

239 2721 277 2740 ae
305 2709 504 2740 communita.
527 2708 637 2748 Magri.
660 2709 706 2739 M.
729 2707 858 2738 Lother.
882 2707 974 2739 1553.
998 2706 1140 2737 Authore
1175 2706 1203 2737 1.
1226 2706 1453 2737 WESTPHALO.
1497 2705 1524 2743 9)
1549 2704 1598 2735 Cf.
1622 2704 1659 2735 de
1682 2704 1770 2736 hisce

240 2766 274 2796 in
295 2765 384 2797 Ecel.
406 2765 488 2796 Fris.
514 2765 639 2796 Orient.
663 2764 773 2796 dissid.
797 2764 977 2800 BERTRAM,
1006 2763 1050 2793 H.
1080 2762 1183 2793 Lusci.
1217 2773 1247 2803 p.
1272 2761 1332 2792 230
1356 2771 1401 2802 sq.
1453 2761 1496 2799 ⁵⁰)
1520 2761 1619 2791 HESs.
1644 2761 1676 2791 in
1704 2761 1772 2792 Cat.

242 2822 303 2854 Ms.
332 2821 396 2863 Tiq.
430 2821 474 2851 ΙΙ.
497 2820 548 2854 77.
584 2822 661 2860 (non
685 2820 747 2859 ed.)
781 2830 851 2851 eam
880 2819 978 2850 latam
1008 2829 1076 2850 esse
1106 2818 1186 2850 dicit
1208 2818 1260 2849 III
1282 2817 1406 2849 Martii.
1439 2816 1488 2848 Cf.
1512 2817 1675 2855 GORHAM,
1699 2828 1727 2850 o.
1750 2817 1772 2848 l.

242 2890 273 2920 p.
298 2879 369 2909 314.
415 2877 539 2909 Genu:
564 2877 609 2907 VI
633 2876 759 2908 Martii.
