1830 3147
86 281 96 309 1
125 278 199 309 Cor.
223 278 251 315 3,
276 278 304 310 6.

80 320 115 351 Π
139 321 233 351 Thes
258 321 303 352 ΙΙ.

81 362 193 394 Roma.
216 363 245 394 8.

84 408 96 435 1
124 405 212 435 Ioan.
237 405 265 442 3,
288 406 317 434 4.

82 446 170 477 Ioan.
198 449 244 483 14,
273 448 318 478 16.

83 489 184 519 Galla.
208 490 236 521 5.

81 531 169 562 Ioan.
192 531 220 562 3.

81 573 193 603 Ezech.
218 573 268 604 36.

80 614 140 646 Ier.
165 615 279 647 XXXI.

80 1254 112 1286 II
136 1255 218 1287 Tim.
242 1254 286 1287 II.

80 1297 114 1328 II
138 1298 210 1328 Per.
235 1299 261 1329 Ι.

79 1339 167 1371 Ioan.
192 1341 241 1378 14,
268 1341 314 1372 16.

79 1382 197 1414 Hebre.
226 1387 251 1414 l.

81 1424 171 1456 Gala.
194 1425 223 1457 I.

84 1470 94 1496 1
123 1466 197 1498 Cor.
221 1469 252 1498 4.

77 1508 166 1540 Ioan.
191 1509 299 1542 XIIII.

78 1550 140 1583 Ier.
164 1551 279 1584 XXXI.

79 1593 193 1626 Ezech.
217 1594 267 1625 36.

83 2368 154 2399 Act.
179 2367 230 2399 10.

83 2410 163 2440 Mat.
187 2409 269 2441 XVI.

85 2452 162 2483 Luc.
189 2454 217 2482 1.

82 2494 144 2524 Ier.
168 2492 318 2526 XXVIII.

81 2535 183 2576 Ephe.
210 2539 235 2569 l.
261 2536 289 2567 5.

84 2577 178 2609 Rom.
196 2577 276 2616 XII.

89 2623 97 2650 l
127 2620 200 2653 Cor.
224 2619 299 2651 XII.

86 2661 209 2693 Coloss.
236 2664 262 2692 l.

84 2703 186 2744 Ephe.
214 2707 239 2740 Ι,
263 2703 293 2734 4.

88 2748 100 2776 1
127 2745 196 2776 Pet.
220 2746 249 2777 2.

86 2787 205 2828 Ephes.
227 2787 270 2818 II.

87 2829 189 2861 Galla.
213 2830 242 2866 3,
266 2831 295 2861 ἵ).

86 2870 192 2905 Colos.
214 2870 278 2905 ΙΙΙ.

362 97 437 133 4534
837 107 1012 135 cArECH.
1044 107 1150 136 neon.
1180 106 1298 135 LoNn.

1006 211 1121 263 Resp.

415 274 557 312 Omnes
586 274 769 322 homines,
798 279 983 327 quotquot
1011 276 1057 313 ad
1093 276 1249 315 Domini
1277 277 1316 315 in
1346 276 1498 315 Christo
1527 277 1659 314 foedus
1686 290 1771 327 pcr-

362 338 522 382 tineant,
557 340 795 378 sanctificare
831 340 872 378 in
911 353 1017 378 sacra
1054 340 1211 379 Domini
1246 341 1398 392 templa,
1424 345 1466 379 ut
1492 341 1697 392 aliquando
1731 341 1771 379 in

362 404 589 442 mortalibus
635 405 712 442 suis
759 405 983 456 corporibus
1019 405 1067 443 ad
1109 405 1226 443 vitam
1262 410 1454 444 aeternam
1488 409 1702 455 resurgant,
1737 410 1772 444 et

364 482 466 506 nunc
502 469 613 507 etiam
651 469 773 507 Deum
802 469 966 507 habeant
993 469 1033 507 in
1062 482 1101 507 se
1128 469 1377 516 habitantem,
1403 493 1454 501 -
1481 475 1518 508 et
1552 483 1617 508 cor
1644 483 1772 508 eorum

366 533 583 582 cognitione
609 533 732 571 Patris
758 538 796 571 et
823 533 912 571 Filii
939 534 1164 580 illuminare,
1184 534 1226 572 in
1245 546 1393 573 omnem
1413 535 1548 573 ducere
1567 535 1774 581 veritatem,

364 598 403 635 in
440 598 618 649 periculis
651 602 688 636 et
722 598 991 637 vexationibus
1028 599 1135 647 (611²)
1164 599 1365 646 consolari,
1390 600 1437 637 ad
1466 601 1582 638 vitam
1609 599 1774 638 vividam

365 676 599 714 praeparare,
626 662 673 700 ad
701 676 813 701 omne
842 663 986 701 bonum
1016 664 1255 709 confirmare,
1281 663 1452 715 adeoque
1481 665 1650 702 omnium
1676 665 1775 702 elec-

365 729 488 762 torum
518 738 582 763 cor
611 725 664 763 sic
693 738 887 772 renovare,
914 730 957 764 ut
985 726 1050 764 alii
1079 726 1244 777 novique
1272 725 1444 765 homines
1470 740 1551 765 esse
1569 726 1775 778 coeperint.

943 921 1083 961 Interr.
1113 924 1201 964 167.

417 988 513 1026 Sunt
541 990 668 1025 autem
696 986 808 1025 multi
836 986 1005 1038 spiritus,
1031 1009 1082 1016 —
1109 987 1301 1038 quomodo
1330 987 1449 1037 igitur
1477 988 1660 1025 Sanctum
1690 986 1775 1037 Spi-

364 1052 479 1090 ritum
516 1052 564 1090 ab
603 1052 793 1098 humanis,
818 1052 1035 1097 mundanis,
1063 1051 1264 1091 diabolicis
1292 1052 1452 1103 aliisque
1477 1051 1604 1103 pravis
1631 1051 1775 1103 spiriti-

365 1117 435 1155 bus
465 1117 747 1155 discernemus?

1008 1181 1121 1231 Resp.

414 1246 445 1284 E
474 1245 680 1297 praedictis
709 1246 812 1283 hisce
840 1245 1029 1282 fructibus
1057 1246 1137 1282 eius
1166 1248 1280 1295 atque
1309 1245 1540 1296 operatione,
1567 1244 1632 1282 sed
1656 1243 1776 1294 inpri-

364 1311 435 1348 mis
470 1324 491 1348 e
528 1312 641 1348 Sacra
669 1310 878 1361 Scriptura.
933 1309 1047 1347 Hanc
1076 1309 1177 1348 enim
1207 1311 1348 1348 Sancto
1377 1310 1521 1361 Spiritu
1553 1308 1775 1360 inspiratam

363 1386 445 1414 esse
484 1379 585 1413 certo
623 1376 762 1413 certius
796 1376 900 1423 (62³)
937 1378 1100 1414 constat.
1156 1374 1416 1425 Quaecunque
1449 1374 1566 1424 igitur
1602 1373 1774 1411 doctrina

365 1454 448 1478 cum
486 1440 552 1477 illa
595 1453 673 1477 non
712 1439 899 1488 congruit,
928 1439 1025 1476 alius
1054 1439 1208 1489 spiritus
1238 1438 1286 1476 sit
1313 1451 1464 1476 necesse
1491 1441 1561 1477 est.
1615 1438 1775 1480 Sanctus

364 1506 464 1543 enim
495 1504 657 1555 Spiritus
686 1517 806 1554 neque
834 1503 985 1540 sibimet
1020 1503 1100 1553 ipse
1137 1503 1293 1553 obloqui
1322 1506 1459 1553 potest,
1487 1515 1608 1553 neque
1636 1515 1774 1539 novam

364 1569 479 1608 ullam
507 1568 721 1605 doctrinam
748 1568 788 1604 in
817 1566 957 1604 divinis
985 1566 1164 1617 proferre,
1185 1565 1493 1618 quandoquidem
1521 1579 1540 1603 a
1568 1565 1648 1603 Deo
1678 1565 1774 1603 hanc

364 1633 576 1671 doctrinam
622 1633 703 1670 fore
748 1631 919 1678 ultimam
965 1631 1178 1681 accepimus
1223 1631 1527 1681 promissionem,
1567 1630 1633 1680 qui
1672 1642 1773 1667 nunc

363 1699 479 1748 igitur
509 1697 689 1748 Spiritum
718 1709 826 1734 suum
855 1695 967 1733 nobis
994 1695 1166 1745 largitur,
1194 1699 1235 1734 ut
1257 1695 1354 1733 hanc
1373 1694 1583 1733 doctrinam
1601 1694 1642 1732 in
1660 1693 1771 1732 nobis

363 1764 628 1815 interpretetur
654 1766 691 1800 et
717 1760 865 1812 operari
893 1761 933 1798 in
961 1760 1072 1798 nobis
1100 1760 1228 1799 faciat.

939 1890 1079 1929 Interr.
1110 1891 1195 1928 168.

418 1957 522 1997 Quid
549 1970 662 2009 porro
689 1955 883 2007 sequitur?

1012 2017 1126 2068 Resp.

417 2087 538 2126 Credo
567 2089 736 2124 sanctam
767 2083 1020 2122 Christianam
1048 2081 1272 2128 Ecclesiam,
1302 2080 1604 2118 communionem
1621 2082 1772 2118 sancto-

365 2164 461 2191 rum.

943 2210 1082 2249 Iuterr.
1111 2211 1197 2248 169.

419 2280 524 2319 Quid
553 2279 653 2317 hoc?

947 2338 1059 2388 Resp.
1089 2335 1195 2385 (62¹³)

417 2408 538 2447 Credo
559 2411 671 2457 atque
692 2405 875 2442 confiteor
894 2406 1041 2443 coetum
1062 2400 1203 2439 Christi
1219 2399 1386 2438 fidelium
1405 2399 1444 2438 in
1458 2403 1566 2444 terra,
1578 2398 1622 2435 ab
1636 2396 1771 2435 Adami

367 2474 642 2525 inde'tempore
664 2472 856 2520 hucusque
877 2469 1102 2507 incolumem
1122 2472 1158 2505 et
1177 2480 1297 2518 usque
1313 2466 1359 2503 ad
1380 2467 1490 2504 finem
1512 2464 1641 2503 mundi
1660 2464 1771 2501 dura-

366 2544 505 2583 turum,
533 2537 854 2576 sanctificatorum
883 2534 1022 2571 Sancto
1052 2531 1196 2582 Spiritu
1224 2535 1259 2568 et
1278 2531 1392 2568 veluti
1412 2529 1579 2567 membra
1598 2528 1638 2565 in
1656 2541 1772 2565 unum

369 2617 503 2654 corpus
532 2602 601 2640 sub
630 2613 705 2638 uno
737 2600 856 2650 capite
883 2597 1185 2642 coniunctorum,
1213 2595 1261 2633 ad
1289 2608 1393 2633 suam
1421 2594 1460 2630 in
1487 2593 1559 2629 fide
1586 2595 1622 2629 et
1650 2591 1773 2628 omni-

370 2669 440 2706 bus
478 2667 589 2705 bonis
625 2664 800 2716 operibus
838 2660 1151 2706 aedificationem,
1179 2659 1307 2697 onmia
1335 2659 1373 2703 in
1403 2657 1555 2694 Christo
1585 2660 1620 2693 et
1648 2656 1772 2694 onmia
