1830 3147
877 44 884 59 Δ

159 120 224 170 [A.
249 118 296 159 D.
323 119 434 169 1551]
893 118 963 156 656

159 229 273 278 emplo
304 231 415 278 atque
446 228 689 274 institutione,
722 228 837 276 utque
861 227 898 265 id
923 227 1025 265 nobis
1050 240 1112 277 per
1137 239 1201 266 vos
1225 227 1332 266 liceat
1367 240 1503 266 summa
1526 241 1607 267 cum
1632 229 1692 267 ob-

157 292 335 330 servantia
359 290 591 340 postulamus.

206 354 281 391 Abs
318 355 355 390 te
391 365 476 390 vero
509 351 692 400 imprimis,
729 350 777 387 mi
811 349 984 387 Domine!
1019 350 1210 399 petendum
1245 350 1281 388 id
1313 351 1415 389 nobis
1440 362 1516 388 esse
1540 350 1695 394 videtur,

160 428 265 464 quem
290 414 406 452 nostri
430 413 565 462 alioqui
589 412 780 449 ministerii
805 424 980 448 summum
1005 412 1205 449 antistitem
1229 412 1408 457 habemus,
1433 412 1530 460 quod
1560 412 1596 449 id
1621 424 1694 448 non

157 478 274 515 minus
308 480 371 514 tua
403 482 510 521 certe,
543 488 648 524 quam
681 477 803 511 nostra
835 474 1006 511 interesse
1038 477 1214 523 putemus,
1246 478 1290 512 ut
1321 476 1437 524 pleno,
1470 488 1543 513 non
1573 480 1692 512 autem

158 539 272 576 lacero
304 538 501 575 ministerio
541 537 578 574 in
611 536 813 574 concredita
848 535 949 573 nobis
983 536 1056 573 tuis
1098 536 1263 585 auspiciis
1300 537 1458 575 Ecclesia
1492 537 1693 584 fungamur,

158 600 229 637 imo
255 612 339 637 vero
365 599 461 648 quod
486 601 523 636 te
548 611 686 636 omnem
712 600 855 635 nostrae
880 597 943 634 hac
967 597 1004 634 in
1029 599 1129 646 parte
1155 599 1392 646 negligentiae
1423 598 1562 648 culpam
1587 598 1694 634 susti-

157 673 241 697 nere
281 660 406 697 debere
444 659 656 695 arbitremur
696 658 734 694 in
765 657 898 695 iudicio
933 657 1012 703 Dei,
1056 659 1085 695 si
1118 670 1179 707 per
1211 671 1276 696 nos
1308 659 1510 697 admonitus
1542 658 1693 696 officium

158 722 260 760 nobis
284 724 388 758 tuum
412 720 663 770 praestandum
688 733 759 757 non
785 732 859 758 esse
883 722 1000 768 putes.

208 784 358 821 Ostendi
393 785 513 820 autem
546 784 669 819 nostra
702 782 765 819 hac
790 781 1032 830 postulatione
1057 781 1190 818 nullam
1222 782 1298 819 dari
1329 782 1547 820 occasionem
1580 793 1696 829 neque

158 845 342 882 varietatis
376 845 414 882 in
446 844 567 881 cultus
600 843 724 880 Divini
752 843 998 880 observatione
1034 856 1150 891 neque
1190 843 1276 880 item
1310 842 1601 881 offendiculorum
1632 845 1695 879 aut

158 906 385 944 dissidiorum
417 908 481 942 aut
514 904 823 954 praeiudiciorum,
858 904 918 941 sed
952 905 1045 942 viam
1078 905 1348 942 commonstrari
1387 905 1508 954 potius
1538 905 1695 941 omnium

160 968 390 1006 certissimam
427 966 469 1003 ad
505 966 698 1003 tollendam
732 979 872 1003 omnem
917 966 1126 1003 varietatem
1164 966 1352 1014 omniaque
1398 965 1620 1010 offendicula,
1661 967 1697 1002 et

163 1043 254 1078 quae
279 1029 362 1066 inde
387 1029 528 1066 demum
554 1028 699 1065 dissidia
723 1028 1009 1076 praeiudiciaque
1032 1031 1239 1072 nascuntur,
1264 1028 1333 1065 nisi
1357 1028 1388 1065 si
1413 1029 1594 1065 Christum
1626 1027 1699 1064 Do-

161 1092 297 1128 minum
338 1090 522 1128 varietatis
566 1089 859 1127 offendiculorum
899 1089 1124 1126 dissidiorum
1154 1102 1195 1127 ac
1220 1090 1513 1138 praeiudiciorum
1536 1091 1697 1126 autorem

161 1154 197 1190 in
231 1153 393 1190 doctrina
425 1151 583 1201 exemplo
617 1154 653 1189 et
687 1151 917 1189 institutione
942 1164 1006 1188 sua
1031 1152 1144 1189 facere
1168 1151 1330 1197 velimus,
1362 1164 1468 1200 quam
1510 1164 1574 1188 nos
1615 1152 1699 1187 ante

162 1215 278 1252 omnia
311 1214 413 1262 sequi
445 1214 618 1263 cupimus,
645 1216 682 1250 et
714 1215 757 1250 ut
792 1213 894 1250 nobis
935 1213 972 1250 id
1003 1213 1119 1258 liceat,
1153 1213 1249 1251 omni
1281 1217 1404 1251 nostro
1430 1212 1549 1250 studio
1573 1214 1696 1261 postu-

158 1276 284 1313 lamus.
333 1276 482 1323 Alioqui
522 1277 748 1324 praepostera
788 1277 844 1312 est
869 1275 1014 1312 offensio
1039 1275 1077 1311 iu
1103 1275 1246 1312 Christo
1272 1275 1507 1323 doctrinaque
1532 1277 1569 1311 et
1593 1274 1696 1310 insti-

161 1337 363 1374 tutionibus
404 1337 516 1385 ipsius
559 1339 596 1374 et
637 1336 784 1385 proinde
825 1336 861 1373 in
904 1339 1027 1374 nostra
1069 1350 1213 1385 quoque
1245 1337 1430 1385 petitione,
1463 1349 1554 1385 quae
1600 1336 1698 1373 aliud

160 1412 231 1437 non
265 1399 438 1443 continet,
473 1411 579 1447 quam
612 1401 655 1435 ut
689 1399 823 1435 Christi
848 1398 995 1447 eiusque
1019 1399 1272 1447 Apostolorum
1298 1399 1493 1437 doctrinam
1519 1402 1557 1435 et
1582 1398 1699 1436 obser·

162 1461 340 1498 vationem
374 1461 411 1497 in
446 1463 569 1497 nostro
603 1460 800 1497 ministerio
833 1460 934 1508 sequi
966 1461 1152 1509 possimus,
1200 1461 1329 1508 Neque
1361 1472 1446 1497 vero
1480 1460 1574 1497 tanti
1615 1462 1701 1496 sunt

163 1522 320 1559 facienda
345 1534 479 1570 semper
503 1524 729 1570 praepostera
753 1522 837 1559 haec
863 1521 1084 1566 offendicula,
1110 1524 1154 1558 ut
1178 1524 1323 1571 propter
1347 1521 1409 1558 illa
1426 1520 1560 1558 Christi
1577 1520 1699 1558 Eccle-

162 1583 248 1620 siam
274 1582 340 1620 sub
365 1584 468 1619 tanta
492 1582 566 1620 illic
591 1595 696 1620 cruce
720 1583 926 1631 praesertim
952 1582 1150 1619 ministerio
1176 1594 1241 1619 suo
1267 1581 1430 1618 fraudare
1454 1581 1653 1619 debeamus.

209 1645 342 1682 Videor
368 1647 548 1694 praeterea
572 1644 657 1681 mihi
682 1645 789 1681 etiam
815 1644 1022 1689 ostendisse,
1047 1657 1112 1682 nos
1138 1645 1250 1680 iustas
1275 1644 1401 1681 habere
1425 1656 1558 1689 causas,
1583 1656 1647 1681 cur
1665 1645 1702 1680 et

164 1707 347 1756 publicum
380 1707 558 1744 Ecclesiae
590 1720 793 1744 consessum
818 1707 855 1744 in
881 1707 1000 1744 Coena
1024 1706 1332 1744 administratione
1364 1708 1528 1755 optemus
1560 1708 1597 1743 et
1630 1705 1701 1743 Ve-

163 1769 273 1806 stium
297 1769 383 1806 item
408 1769 549 1805 illarum
574 1781 679 1805 usum
704 1768 954 1812 detrectemus,
980 1767 1111 1816 quibus
1135 1768 1170 1804 in
1197 1767 1327 1805 vestris
1350 1767 1463 1805 adhuc
1488 1766 1629 1815 templis
1646 1766 1703 1802 uti

165 1830 299 1874 soletiS,
332 1834 442 1878 atque
478 1830 565 1867 item
599 1843 730 1867 vanum
763 1843 838 1867 esse
862 1843 983 1867 eorum
1007 1833 1153 1874 metum,
1179 1829 1242 1877 qm·
1267 1842 1310 1866 ex
1335 1831 1458 1866 nostra
1481 1840 1564 1876 erga
1587 1828 1703 1864 Deum

166 1892 367 1930 obedientia
403 1892 559 1941 pericula
590 1892 710 1930 nescio
743 1905 833 1940 quae
866 1892 1083 1929 ominantur.
1131 1892 1234 1928 Vana
1267 1891 1354 1928 item
1378 1891 1521 1928 illorum
1546 1889 1704 1934 consilia,

167 1951 232 1999 qui
266 1964 329 1987 sua
363 1963 399 1987 se
433 1951 622 1999 prudentia
652 1963 795 1987 manum
829 1951 910 1995 Dei,
944 1963 1051 1998 quam
1082 1953 1228 1999 propter
1267 1948 1366 1986 verbi
1405 1948 1606 1985 hauddubie
1647 1948 1704 1984 sui

169 2013 416 2060 contemptum
440 2032 488 2040 —
521 2011 618 2060 quod
642 2011 680 2048 in
706 2024 742 2049 se
768 2011 1075 2049 Sacramentorum
1099 2010 1235 2058 alioqui
1258 2022 1363 2046 usum
1380 2009 1487 2047 etiam
1504 2008 1704 2057 complecti-

166 2077 227 2111 tur
252 2095 299 2104 —-
337 2076 518 2111 extentam
544 2087 620 2111 esse
645 2073 817 2119 videmus,
843 2074 979 2110 evitare
1002 2086 1106 2122 posse
1131 2074 1274 2122 putant,

215 2136 286 2173 Hic
318 2148 403 2173 vero
438 2138 492 2180 tu,
524 2135 574 2172 mi
607 2135 778 2172 Domine!
804 2148 921 2182 neque
953 2134 992 2171 in
1024 2147 1209 2172 consessus
1242 2132 1496 2183 postulatione,
1528 2143 1645 2179 neque
1670 2130 1707 2167 in

166 2198 322 2236 vestium
355 2197 617 2235 detrectatione
650 2197 717 2234 tibi
743 2197 967 2234 satisfactum
992 2209 1067 2234 esse
1091 2196 1191 2242 dicis,
1225 2198 1273 2240 et,
1314 2197 1543 2244 posteaquam
1569 2195 1705 2231 certum

167 2273 240 2297 non
273 2262 338 2304 est,
371 2259 416 2297 ad
450 2272 637 2308 quemnam
672 2259 816 2296 modum
851 2259 1017 2296 Christus
1050 2258 1228 2295 Dominus
1254 2259 1333 2294 turn
1358 2256 1403 2293 ad
1427 2268 1582 2293 mensam
1609 2266 1707 2291 suam

167 2321 374 2360 accubuerit
407 2334 487 2360 cum
519 2321 593 2358 suis
618 2321 814 2370 ApostoliS,
847 2333 914 2358 nos
940 2321 1048 2358 etiam
1070 2320 1114 2357 de
1140 2320 1207 2357 hoc
1231 2332 1400 2357 consessu
1429 2318 1469 2355 in
1494 2329 1623 2354 coenae
1649 2315 1707 2352 ad-

168 2384 434 2422 ministratione
458 2383 632 2421 sollicitos
656 2396 730 2421 esse
757 2396 829 2420 non
853 2387 1030 2432 oportere.
1062 2383 1231 2427 Rursum,
1250 2381 1347 2430 quod
1364 2381 1408 2418 ad
1424 2382 1541 2418 vestes
1565 2378 1708 2421 attinet,

167 2458 248 2483 cum
281 2445 421 2482 nullum
452 2445 500 2482 sit
535 2445 677 2482 illarum
707 2445 938 2482 interdictum
975 2447 1013 2482 et
1045 2444 1186 2493 publica
1218 2444 1273 2481 hic
1306 2443 1526 2480 authoritate
1557 2441 1630 2478 sint
1655 2452 1709 2476 re-

168 2509 301 2556 ceptae,
327 2519 480 2555 aequum
508 2507 575 2544 tibi
600 2507 723 2552 videri,
750 2509 793 2543 ut
818 2507 890 2544 illis
916 2509 1060 2543 utamur
1086 2507 1218 2556 potius,
1243 2518 1350 2554 quam
1382 2506 1426 2541 ut
1441 2504 1520 2541 illas
1537 2503 1708 2540 detrecte-

168 2580 258 2604 mus.
295 2568 375 2605 Tibi
401 2568 494 2605 enim
516 2580 722 2616 persuasum
747 2580 819 2605 non
846 2580 931 2612 esse,
958 2570 1001 2604 ut
1026 2581 1116 2616 quae
1141 2568 1178 2604 in
1204 2567 1280 2615 ipso
1306 2566 1411 2604 cultu
1437 2564 1517 2610 Dei,
1543 2563 1649 2601 etiam
1665 2561 1709 2599 ab

169 2628 320 2677 ipsomet
352 2629 486 2678 alioqui
517 2629 594 2666 Deo
626 2629 810 2674 instituto,
835 2631 1021 2678 praecepta
1045 2641 1117 2666 non
1140 2631 1227 2666 sunt
1260 2641 1324 2677 pro
1364 2624 1567 2664 interdictis
1589 2621 1710 2659 haberi

170 2690 331 2728 debeant.
379 2691 428 2728 Et
463 2704 544 2728 cum
576 2704 633 2728 res
667 2691 831 2728 videatur
868 2691 944 2728 fore
970 2690 1055 2727 mali
1081 2690 1263 2728 cuiusdam
1289 2688 1450 2737 exempli,
1477 2687 1506 2723 si
1532 2684 1634 2722 nobis
1658 2683 1710 2720 di-

170 2764 293 2790 versae
318 2764 338 2789 a
364 2753 492 2790 vestris
517 2753 733 2791 ceremoniae
758 2752 1063 2802 permitterentur,
1094 2754 1132 2790 te
1157 2752 1270 2790 adhuc
1294 2752 1433 2788 haerere
1449 2749 1486 2786 in
1503 2749 1626 2785 nostra
1642 2746 1713 2784 ista

174 2814 430 2863 postulatione.

219 2875 317 2911 Haec
343 2878 397 2920 tu,
425 2875 581 2923 inquam,
612 2876 662 2914 ita
689 2888 837 2921 mecum,
861 2876 911 2913 mi
936 2875 1105 2913 Domine!
1133 2876 1171 2912 et
1198 2873 1340 2923 quidem
1368 2872 1421 2909 ita
1445 2873 1604 2908 amanter
1623 2872 1713 2918 (quo

173 2936 318 2987 quidem
344 2937 485 2980 nomine
509 2950 669 2986 magnam
687 2938 754 2976 tibi
771 2938 879 2977 habeo
895 2937 1062 2986 gratiam)
1080 2939 1123 2975 ut
1139 2949 1195 2975 me
1212 2933 1469 2986 quodammodo
1486 2933 1530 2971 ad
1547 2933 1713 2971 maiorem
