1830 3147
188 71 262 107 290

192 179 301 218 edere
337 183 424 218 ante
457 180 584 217 omnia
619 179 822 224 voluimus,
848 179 961 218 breve
988 179 1140 231 quidem
1174 179 1282 227 illud,
1309 180 1374 219 sed
1401 181 1501 232 quod
1528 181 1727 233 praecipua

193 245 347 284 interim
385 244 516 282 salutis
553 249 704 282 nostrae
742 244 863 295 capita
899 244 1159 295 complectitur
1195 245 1334 290 omnia,
1359 248 1402 283 ut
1430 259 1560 284 omnes
1586 245 1728 284 intelli-

193 315 286 361 gant
323 323 399 348 non
427 309 538 347 aliam
567 310 681 347 ullam
711 323 732 347 a
761 309 872 348 nobis
900 309 1090 358 Eccle-(A
1117 310 1306 359 iiii³)siam
1334 310 1462 360 colligi
1489 315 1574 350 tuae
1607 311 1728 349 Maie-

196 372 304 411 statis
343 372 540 418 beneficio,
574 385 684 422 qnam
722 384 816 422 quae
851 371 1085 409 Catholicam
1120 371 1225 409 illam
1261 373 1532 423 Apostolorum
1560 373 1729 411 omnium

196 438 321 484 fidem,
356 450 420 475 ore
455 436 556 475 Petri
583 436 779 488 prolatam,
808 436 959 487 publice
986 437 1216 487 profiteatur,
1245 437 1350 474 cuius
1378 450 1448 474 nos
1475 437 1590 475 solius
1618 438 1730 475 etiam

194 502 391 540 ministros
427 514 508 539 esse
541 501 588 539 in'
618 500 747 538 eadem
782 500 864 551 ipsa
901 504 1030 538 nostra
1066 500 1237 553 Ecclesia
1271 505 1466 545 testamur,
1501 506 1537 540 et
1574 501 1620 539 ad
1648 516 1730 540 eam

194 567 326 604 referri
362 571 537 618 oportere
571 571 746 618 putamus
782 565 923 613 omnia,
956 578 1200 617 quaecunque
1225 566 1266 604 in
1301 566 1471 605 Ecclesia
1507 565 1635 605 doceri
1669 566 1732 616 agi

196 631 420 682 instituique
456 631 607 670 debent.
660 631 721 669 Ita
750 630 899 668 demum
926 631 1028 668 enim
1055 630 1178 682 palam
1207 632 1272 669 fiet
1299 632 1489 679 omnibus,
1515 646 1559 671 ac
1585 646 1632 671 116
1658 633 1731 684 ipsi

194 695 346 747 quidem
390 695 595 734 adversarii
640 708 776 745 negare
820 696 898 733 ullo
942 695 1055 733 modo
1092 700 1282 748 poterunt,
1317 710 1441 735 veram
1477 698 1730 749 proculdubio

195 761 340 800 Christi
376 761 585 799 Ecclesiam
624 761 686 798 hic
721 773 786 811 per
822 774 892 799 1105
919 765 985 799 tua
1013 762 1215 800 autoritate
1241 761 1403 810 institui,
1430 763 1496 801 ubi
1521 763 1626 801 illam
1652 777 1732 802 non

194 826 266 864 alia
303 826 392 872 ulla,
429 839 540 876 quam
579 826 658 863 sola
686 826 752 863 illa
779 826 869 864 fidei
897 826 1069 865 doctrina
1097 832 1133 864 et
1161 827 1395 878 professione
1421 827 1573 878 publica
1602 828 1732 878 colligi

195 890 373 928 sustineri
409 895 445 928 et
481 890 688 939 gubernari
717 895 875 937 constet,
902 904 1013 942 quam
1041 891 1198 942 ipsemet
1226 891 1399 930 Christus
1427 891 1613 931 Dominus
1641 893 1730 931 uni-

195 969 273 993 cam
303 956 421 994 totius
450 969 537 993 suae
565 956 757 994 Ecclesiae
786 956 909 994 sedem
938 960 1118 1008 perpetuo
1147 957 1228 994 fore
1255 957 1453 1008 promittit.
1502 958 1589 996 Hoc
1614 958 1734 1008 igitur

195 1019 446 1058 confessionis
479 1020 724 1071 Apostolicae
762 1021 1025 1072 compendium
1056 1035 1201 1059 summa
1230 1034 1314 1059 cum
1342 1022 1582 1061 observantia
1609 1022 1731 1061 offeri-

193 1099 275 1123 mus
311 1090 396 1123 tuae
433 1085 645 1124 Maiestatis
681 1086 835 1136 Regiae,
870 1091 912 1124 ut
949 1090 1117 1125 nostram
1153 1100 1240 1136 erga
1277 1091 1313 1125 te
1349 1087 1633 1139 Ecclesiamque
1659 1101 1731 1126 110-

197 1156 312 1190 stram
348 1151 460 1189 fidem
499 1151 666 1189 studium
694 1156 806 1202 atque
834 1152 1114 1190 observantiam
1150 1156 1340 1197 testemur,
1378 1152 1562 1203 simulque
1597 1157 1633 1191 et
1671 1166 1732 1191 ca-

194 1217 347 1255 lumniis
384 1216 615 1254 aemulorum
654 1221 872 1254 nostrorum
910 1230 1164 1263 occurramus,
1199 1217 1230 1255 si
1257 1218 1324 1268 qui
1351 1219 1448 1256 forte
1475 1223 1604 1256 nostra
1632 1218 1732 1269 apud

193 1289 242 1328 te,
279 1281 602 1332 clarissimumque
639 1283 821 1320 Senatum
860 1288 979 1328 tuum,
1014 1286 1078 1320 aut
1116 1282 1208 1320 alibi
1244 1283 1383 1327 ubivis,
1418 1283 1574 1329 invidia,
1599 1288 1642 1321 ut
1671 1284 1732 1331 sit,

194 1350 259 1384 aut
295 1346 576 1398 suspicionibus
611 1360 770 1396 gravare
797 1347 930 1398 quovis
958 1348 1071 1385 modo
1100 1348 1228 1386 velint.
1284 1347 1332 1386 Et
1360 1352 1461 1386 tuam
1493 1348 1732 1386 Maiestatem

196 1425 359 1456 oramus,
396 1416 436 1449 ut
472 1425 623 1461 gregem
661 1412 816 1459 Christi,
851 1426 961 1463 quem
998 1413 1061 1451 ille
1097 1413 1250 1451 aliunde
1284 1414 1505 1465 propulsum
1531 1414 1571 1451 in
1600 1414 1733 1463 Regno

194 1481 260 1515 tuo
290 1477 466 1526 colligere
494 1491 594 1514 nunc
623 1478 782 1523 videtur,
811 1478 1008 1529 ipsumque
1037 1478 1127 1516 adeo
1158 1479 1351 1516 Christum
1381 1479 1420 1515 in
1449 1479 1622 1527 afflic-(A
1640 1479 1734 1528 iiiib)

194 1542 254 1588 tis,
294 1547 332 1580 ut
369 1556 563 1594 nunquam
601 1546 723 1588 antea,
758 1544 937 1581 membris
967 1544 1042 1582 suis
1071 1544 1339 1582 malevolarum
1370 1544 1564 1582 hominum
1593 1545 1735 1582 calum-

198 1608 273 1646 niis
308 1621 466 1657 gravare
493 1608 593 1659 apud
622 1613 660 1646 te
687 1622 734 1646 ne
761 1609 928 1659 patiaris,
958 1609 1021 1647 sed
1051 1610 1277 1656 memineris,
1304 1613 1342 1648 te
1368 1609 1408 1647 in
1445 1610 1552 1659 regni
1588 1610 1650 1647 hic
1677 1610 1734 1648 tui

199 1671 295 1710 solio
331 1672 488 1710 altorem
528 1672 720 1711 Ecclesiae
747 1673 866 1724 ipsius
894 1687 988 1720 esse,
1014 1678 1057 1711 ut
1083 1674 1188 1712 illam
1216 1674 1293 1712 alas
1321 1674 1503 1725 provehas
1531 1687 1574 1712 ac
1602 1675 1733 1712 defen-

197 1736 277 1782 das,
303 1758 355 1766 —
381 1737 596 1775 memineris
634 1737 827 1775 Christum
862 1737 1065 1788 ipsummet
1092 1738 1131 1776 in
1160 1738 1338 1776 membris
1366 1738 1443 1777 suis
1471 1752 1572 1776 nunc
1599 1739 1736 1788 algere,

194 1802 334 1840 esurire
361 1807 397 1840 et
425 1802 539 1849 sitire,
569 1803 775 1854 beatosque
803 1803 884 1840 fore
902 1803 1002 1848 illos,
1022 1803 1086 1854 qui
1105 1803 1228 1854 ipsum
1249 1816 1352 1841 nunc
1372 1803 1548 1847 vestiunt.
1574 1808 1736 1854 pascunt

196 1879 238 1904 ac
259 1868 399 1905 fovent.
430 1867 521 1904 Non
540 1870 663 1918 potest
681 1867 746 1905 ille
764 1867 914 1918 quidem
935 1867 998 1905 hic
1016 1880 1092 1905 11011
1113 1871 1291 1919 perpetuo
1311 1881 1390 1905 esse
1409 1871 1732 1919 ἐπιλεγόμενος.

198 1932 313 1970 Venit
341 1932 439 1970 enim
468 1936 511 1970 ut
539 1932 677 1970 excitet
703 1932 870 1970 invisum
897 1933 1038 1970 mundo
1065 1933 1295 1979 incendium,
1323 1933 1426 1971 venit
1451 1937 1493 1971 ut
1512 1947 1574 1972 eos
1593 1933 1657 1985 qui
1679 1934 1735 1972 vi-

196 1997 285 2035 dent
321 2002 492 2036 excaecet
528 2002 564 2036 et
600 1998 756 2036 nonnisi
793 2011 925 2036 coecos
959 1998 1160 2037 illuminet.
1214 2002 1340 2050 Atque
1366 1999 1417 2036 ita
1448 2012 1531 2037 cum
1560 2013 1599 2038 se
1625 2013 1735 2038 nemo

198 2063 389 2101 coecitatis
428 2062 600 2101 damnari
637 2063 677 2100 in
705 2063 864 2101 rationis
893 2068 1044 2102 nostrae
1071 2064 1225 2108 iudicio,
1253 2064 1371 2102 multo
1399 2064 1525 2102 minus
1552 2078 1640 2102 vero
1669 2078 1738 2104 ex-

198 2127 342 2165 coecari
370 2141 488 2178 aequo
516 2127 643 2166 animo
673 2128 782 2175 ferat,
809 2128 908 2166 nihil
936 2128 1074 2166 mirum
1103 2128 1135 2166 si
1161 2128 1269 2166 illum
1297 2128 1456 2166 oderunt
1483 2141 1613 2167 omnes
1643 2129 1734 2167 doc-

197 2191 409 2243 trinamque
437 2205 480 2229 ac
506 2192 762 2230 ministerium
789 2193 869 2230 eius
889 2192 928 2230 in
952 2193 1072 2230 varias
1089 2206 1222 2243 easque
1241 2193 1482 2243 gravissimas
1503 2193 1735 2245 suspiciones

197 2269 323 2306 rapere
359 2269 503 2308 semper
540 2260 741 2296 conantur.
778 2257 850 2295 Sed
886 2257 950 2295 ille
987 2257 1118 2295 beatos
1155 2259 1235 2295 fore
1270 2258 1474 2309 praedicat,
1511 2272 1604 2309 quos
1634 2272 1736 2305 crux,

197 2321 326 2372 inopia
354 2322 591 2373 abiectioque
619 2323 697 2361 eius
725 2335 803 2361 non
831 2322 999 2362 offendit.
1037 2323 1182 2361 Durum
1211 2327 1266 2361 est
1294 2325 1382 2361 item
1411 2323 1566 2368 mundo,
1603 2328 1641 2361 ut
1675 2324 1733 2361 ta-

197 2385 270 2422 lem
306 2385 579 2424 incendiarium
607 2387 712 2425 orbis
739 2387 855 2425 totius
882 2388 1070 2438 talemque
1098 2388 1284 2426 humanae
1325 2388 1529 2439 sapientiae
1555 2401 1733 2426 excoeca-

198 2455 316 2487 torem
356 2463 464 2501 super
492 2464 530 2488 se
557 2465 715 2501 regnare
743 2452 920 2503 patiatur.
978 2454 1103 2503 Atque
1130 2452 1192 2489 1116
1219 2452 1295 2498 alii,
1323 2453 1488 2490 Herodis
1516 2456 1552 2490 et
1579 2465 1733 2490 suorum

199 2514 379 2564 exemplo,
420 2528 599 2565 magnum
636 2516 813 2567 politicae
842 2516 1111 2565 gubernationi
1138 2531 1159 2554 a
1197 2517 1350 2555 Christo
1376 2517 1580 2567 periculum
1608 2517 1733 2554 immi-

198 2591 284 2616 nere
312 2578 489 2624 clamant,
517 2580 548 2617 si
576 2580 749 2618 doctrina
777 2593 820 2617 ac
849 2580 1097 2619 ministerium
1126 2582 1246 2633 ipsius
1272 2582 1313 2619 in
1340 2582 1509 2619 Ecclesia
1535 2581 1644 2631 plene
1663 2582 1733 2619 ob-

197 2642 309 2680 tineri
336 2642 562 2694 retinerique
591 2644 742 2689 debent,
769 2645 917 2683 etiamsi
945 2645 1116 2694 Regnum
1149 2646 1288 2683 Christi
1316 2659 1398 2682 cum
1426 2645 1580 2696 poli-(A
1601 2646 1735 2694 v³)tioa

198 2706 424 2758 reipublicae
468 2708 743 2756 gubernatione
788 2709 883 2747 nihil
928 2711 1200 2761 propemodum
1246 2722 1443 2748 commune
1482 2709 1620 2747 habere
1656 2724 1734 2748 non

199 2771 388 2821 ignorent.
448 2772 527 2809 Alii
554 2786 641 2811 vero
670 2774 775 2811 illum
803 2774 898 2823 legis
934 2773 1153 2812 violatorem
1189 2775 1380 2825 avitaeque
1405 2777 1554 2825 patrum
1584 2779 1734 2813 nostro-

200 2850 285 2877 rum
319 2836 514 2887 religionis
551 2842 860 2890 contemptorem,
895 2839 1211 2890 prophanatorem
1249 2843 1285 2877 et
1322 2844 1542 2878 novatorem
1577 2839 1616 2878 in
1646 2840 1734 2878 ‹loc-
