1830 3147
40 472 206 514 Ephesios.
230 473 259 504 6.

41 515 163 546 Coloss.
186 517 214 548 4.

41 558 59 588 2
83 557 191 589 Thess.
215 557 233 588 3

39 600 158 631 Psalm.
182 600 232 630 86.

46 641 187 674 Ioannis.
212 641 261 674 17.

41 925 131 956 Ioan.
157 924 206 955 14.

41 968 175 998 Roman.
198 967 227 999 8.

41 1008 162 1040 Psalm.
184 1009 233 1039 51.

42 1052 62 1083 2
85 1050 159 1082 Cor.
186 1054 210 1088 1,
234 1052 263 1082 5.

44 1094 61 1125 1
85 1093 184 1125 Petri.
210 1093 237 1124 l.

48 1441 63 1471 1
88 1440 177 1471 Ioan.
201 1440 230 1471 3.

48 1483 64 1513 1
89 1481 236 1514 Corinth.
259 1482 288 1516 7.

45 1524 145 1556 Hebr.
171 1523 199 1555 1.

52 2199 69 2230 1
93 2197 218 2230 eorint.
242 2200 290 2232 13.

327 94 398 131 538
850 102 941 131 cA'r.
970 101 1077 129 Boot,
1110 101 1206 130 mu).

960 202 1010 241 Q.
1040 204 1101 242 82,

382 265 479 304 Quis
506 269 561 303 est
587 265 699 316 primi
726 266 908 317 postulati
936 280 1080 310 sensus,
1108 280 1192 305 oum
1220 266 1336 305 diois:
1367 266 1632 305 Sanctificetur
1660 280 1728 305 no-

325 343 409 368 men
436 331 570 368 tuum?

380 459 515 496 Precor
543 463 582 497 ut
610 459 759 497 Nomen
791 459 860 497 Dei
888 473 952 510 per
981 473 1174 508 synceram
1203 460 1321 497 divini
1351 460 1453 498 verbi
1480 460 1730 510 praedicatio-

328 536 411 560 nem
440 523 478 560 in
507 528 588 561 toto
617 529 801 560 terrarum
832 524 922 561 orbo
949 525 1018 561 rite
1045 528 1272 573 agnoscatur
1300 530 1412 575 atquo
1439 524 1527 562 indo
1553 538 1731 574 magnum

325 592 358 624 et
397 593 569 625 sanetum
605 588 646 625 in
675 588 867 637 [omnium]
899 588 1093 626 hominum
1125 588 1263 626 animis
1291 589 1441 631 existat,
1467 594 1503 628 et
1530 589 1610 627 eius
1640 602 1730 628 con-

325 652 524 691 fessionem
553 665 680 690 coram
707 652 850 690 mundo
880 666 990 691 nemo
1020 653 1216 692 detrectet.

340 821 344 826 .
378 781 480 820 Quid
512 781 753 833 sequentibus
783 782 906 819 verbis
935 783 1051 833 petis:
1083 781 1275 821 Adveniat
1304 782 1475 831 Regnum
1503 784 1638 821 tuum?

379 909 431 948 Ut
461 910 623 961 Spiritus
653 909 722 948 Dei
751 923 834 947 oum
864 909 973 947 donis
1002 909 1081 947 suis
1109 916 1145 947 et
1172 910 1383 947 ministerio
1413 910 1551 948 affatim
1581 923 1664 947 cum
1692 910 1729 947 in

327 975 451 1017 nobis,
486 980 565 1012 tum
602 975 699 1012 inter
737 988 804 1012 nos
843 975 999 1018 habitet,
1039 988 1108 1012 nos
1145 980 1250 1022 rogat
1286 979 1320 1011 et
1349 975 1387 1011 in
1417 974 1547 1022 Regno
1577 988 1644 1012 suo
1673 975 1733 1012 hic

328 1042 534 1083 conservet,
556 1038 674 1076 donec
703 1051 857 1089 corpore
885 1044 921 1076 et
944 1038 1068 1076 anima
1097 1038 1237 1076 aeterni
1266 1038 1386 1086 Regni
1417 1038 1617 1076 sortiamur
1646 1038 1731 1075 hue-

327 1102 535 1140 reditatum.

964 1166 1015 1204 Q..
1044 1169 1105 1204 84.

381 1231 490 1268 Quae
524 1234 580 1268 est
615 1230 716 1268 tertii
755 1231 935 1281 postulati
970 1230 1176 1273 sententia:
1214 1231 1300 1268 Fiat
1330 1231 1505 1269 voluntas
1533 1237 1608 1275 tua,
1637 1231 1734 1268 siout

329 1294 367 1333 in
398 1295 501 1332 coelo
530 1300 566 1332 ot
594 1295 632 1332 in
664 1296 787 1332 terra?

382 1422 455 1459 Illo
492 1422 663 1473 potimus,
700 1426 740 1460 ut
769 1422 928 1470 (domitu
959 1422 1248 1472 subiugataque)
1287 1422 1426 1471 [victa]
1457 1435 1565 1459 earne
1595 1425 1734 1468 nostra,

334 1485 561 1523 desiderium
597 1486 636 1523 in
674 1486 784 1524 nobis
820 1499 999 1536 amorque
1036 1486 1220 1533 (divinae)
1260 1487 1392 1534 [honae
1418 1486 1509 1534 Dei]
1541 1485 1738 1530 voluntati,

333 1563 427 1600 quae
463 1549 502 1586 in
542 1549 641 1598 Lege
680 1555 715 1587 et
752 1550 962 1598 Euangelio
1001 1562 1175 1600 expressa
1213 1556 1281 1594 est,
1316 1550 1472 1599 parendi
1501 1549 1648 1595 existat,
1678 1554 1735 1586 ut-

333 1627 402 1664 que
430 1614 467 1650 in
497 1613 575 1651 Deo
604 1620 754 1664 accepta
783 1613 979 1650 vocatione
1007 1619 1135 1650 nostra
1165 1613 1362 1662 [perfecta
1390 1614 1595 1650 obedientia
1614 1614 1735 1650 deam-

333 1680 504 1721 bulemas,
533 1679 829 1726 quemadmodum
868 1677 1006 1726 Anqelc'
1033 1677 1072 1715 z'n
1102 1677 1220 1725 coelo]
1250 1677 1499 1726 (Angelorum
1519 1677 1650 1722 instar,
1673 1676 1737 1727 qui

334 1743 371 1779 in
410 1743 522 1779 coelis
560 1746 660 1788 sunt,
696 1742 884 1790 integram
925 1746 961 1779 et
997 1741 1174 1778 omnibus
1211 1740 1288 1778 suis
1324 1741 1490 1778 numeris
1525 1740 1736 1778 absolutam

333 1804 584 1843 obedientiam
612 1810 801 1855 praestare
828 1804 1046 1855 possimus).

383 1933 506 1982 Igitur
546 1933 602 1971 his
629 1933 751 1971 tribus
787 1933 987 1983 postulatis
1026 1931 1258 1969 coniunctim
1298 1931 1403 1982 petiS,
1441 1931 1619 1982 quicquid
1658 1936 1734 1967 tum

333 1998 379 2035 nd
401 1999 560 2047 gloriam
588 1998 672 2040 Dei,
699 2004 777 2035 tum
807 1997 851 2034 ud
881 2000 1066 2045 (nostram
1096 2010 1245 2048 quoque
1274 1997 1448 2043 salutem)
1478 1996 1646 2044 [felicem
1675 2008 1736 2032 sa-

333 2064 426 2101 lutis
454 2068 608 2101 nostrae
636 2063 859 2111 successam]
890 2062 1075 2113 pertinet?

385 2193 448 2230 Sic
485 2197 552 2230 est.
607 2193 696 2230 Non
735 2192 833 2229 enim
872 2204 1069 2241 possumus
1107 2191 1264 2242 precari,
1291 2195 1333 2228 ut
1361 2190 1430 2227 Dei
1460 2190 1579 2226 honor
1607 2188 1735 2226 autin

335 2258 457 2302 nobis,
483 2266 548 2295 aut
574 2257 708 2305 (inter)
739 2257 839 2306 [per]
869 2269 936 2293 nos
965 2261 1241 2306 promoveatur,
1278 2260 1320 2292 ut
1348 2268 1423 2292 non
1462 2255 1588 2291 eadem
1626 2266 1737 2303 opera
1788 2285 1791 2287 μ

334 2328 517 2372 petamus,
537 2321 715 2372 quicquid
735 2321 846 2358 nobis
874 2320 917 2356 atl
950 2321 1106 2357 salutem
1136 2326 1190 2357 est
1218 2333 1324 2370 opus,
1351 2319 1474 2370 qualia
1497 2324 1596 2359 sunt,
1614 2317 1737 2359 Fides.

335 2388 426 2436 Spes
447 2392 482 2422 et
502 2385 686 2428 Charitas,
714 2385 853 2435 quibus
881 2390 916 2421 ct
934 2384 1002 2421 Dei
1027 2384 1148 2433 gloria
1169 2383 1301 2434 (apud)
1320 2383 1418 2432 [per]
1448 2395 1529 2427 nos,
1557 2386 1592 2418 ot
1610 2386 1734 2418 nostra

335 2463 484 2501 quoquo
522 2450 621 2487 salus
650 2448 854 2499 quaeritur.
1141 2495 1144 2501 Δ

387 2577 489 2615 Quid
520 2577 592 2614 sibi
621 2577 701 2614 vult
728 2580 901 2627 quartum
933 2580 1081 2613 votum:
1110 2575 1248 2612 Panem
1277 2580 1445 2612 nostrum
1475 2571 1738 2623 quotidianum

336 2642 381 2680 da
411 2642 523 2679 nobis
552 2641 691 2679 hodie?

389 2770 571 2814 Petimus,
606 2774 648 2808 ut
685 2768 864 2821 quicquid
900 2768 946 2806 ad
974 2767 1223 2806 necessariam
1249 2765 1466 2817 temporalis
1503 2764 1613 2803 huius
1641 2764 1739 2803 vitae
