1830 3147
1531 111 1605 151 201

75 226 261 262 sectarum
297 222 466 261 omnium
502 235 619 272 seges.
672 221 791 272 Digni
826 235 955 261 sumus
991 222 1174 268 videlicet,
1201 222 1266 275 qui
1293 226 1329 262 et
1356 226 1542 261 sectarum
1568 230 1604 261 et

76 287 289 338 tyrannidis
326 287 543 325 carnificina
578 287 789 338 puniamur.
816 288 906 326 dum
932 292 1088 339 paterna
1115 289 1220 327 iuxta
1246 302 1355 327 usum
1382 288 1603 340 disciplinae

80 351 366 391 Ecclesiasticae
393 352 498 402 virga
525 352 664 402 corrigi
692 366 769 391 non
798 353 1038 392 sustinemus.

131 417 238 456 Haec
272 418 323 456 ita
360 416 406 455 de
437 417 826 456 excommunicatione
863 418 1040 456 dicuntur
1076 419 1122 456 ad
1160 423 1279 457 totam
1316 419 1536 466 Ecclesiam,
1572 423 1609 457 et

80 483 251 534 impietas
292 495 420 520 eorum
464 487 674 529 accusatur,
716 483 780 534 qui
825 496 933 521 usum
969 483 1190 534 disciplinae
1225 484 1509 523 Ecclesiasticae
1544 489 1610 522 aut

80 547 293 594 traducunt,
330 552 396 585 aut
431 547 471 585 in
505 548 669 596 gratiam
705 548 902 586 hominum
929 550 1040 597 (345)
1077 548 1275 598 negligunt
1301 563 1365 588 seu
1391 551 1608 600 profanant.

81 612 225 651 Deinde
260 612 506 650 Ecclesiastes
542 612 601 650 ad*
625 613 871 652 exercendam
904 613 1024 665 ipsam
1061 615 1486 653 excommunicationem
1522 627 1610 667 pro·

77 678 246 727 greditur
273 677 313 715 in
342 678 440 715 hunc
468 677 634 717 modum.

133 741 272 779 Sedent
306 741 346 778 in
381 747 583 793 prospectu
610 742 728 780 totius
757 742 946 781 Ecclesiae
975 742 1154 788 Ministri‚
1181 743 1355 782 Seniores
1381 757 1426 781 ac
1453 744 1612 782 Diaconi

82 819 223 850 omnes,
259 818 353 857 quos
390 806 437 843 ad
473 805 672 856 diligenter
709 807 997 845 auscultandum
1033 808 1160 845 omnia
1198 808 1445 847 Ecclesiastes
1472 809 1610 847 adhor-

79 876 192 916 tatur,
220 874 260 907 ut
288 870 333 908 de
359 870 549 915 omnibus,
576 883 671 922 quae
694 872 744 910 ,ad
771 871 940 922 ipsorum
967 872 1216 911 ministerium
1246 873 1316 911 hac
1341 874 1381 911 in
1408 878 1514 924 parte
1531 887 1614 922 per·

81 936 215 982 tinent,
251 937 290 973 in
328 942 530 987 conspectu
566 937 681 974 totius
715 937 910 975 Ecclesiae
936 938 1161 988 respondere
1188 944 1340 990 possent
1366 939 1471 977 iuxta
1498 940 1616 991 ipsius

83 1000 409 1051 interrogationes.
451 1001 632 1046 Tandem,
658 1002 706 1039 ad
733 1002 940 1040 Ecclesiam
971 1016 1186 1049 conversuS‚
1213 1004 1314 1042 illam
1345 1005 1549 1056 alloquitur
1576 1005 1615 1044 in

82 1066 183 1104 hunc
211 1066 382 1105 modum:

135 1130 258 1168 'Non
285 1131 482 1180 ignoratis,
508 1131 660 1170 fratres!
688 1131 923 1170 admonitum
951 1133 1026 1170 iam
1055 1132 1194 1184 pluries
1222 1133 1336 1171 fuisse
1363 1134 1518 1172 fratrem
1547 1147 1617 1173 no-

83 1199 202 1233 strum
230 1195 280 1235 N.
310 1200 345 1234 et
371 1196 548 1247 privatim
577 1202 612 1234 et
638 1197 789 1248 publice
814 1197 920 1235 iuxta
948 1211 1056 1235 usum
1085 1198 1306 1249 disciplinae
1319 1199 1620 1243 Ecclesiasticae.

86 1264 160 1298 tam
196 1259 240 1298 de
275 1266 428 1311 peccato
465 1274 548 1307 suo,
574 1274 688 1312 quam
715 1261 829 1303 etiam
857 1262 902 1300 de
929 1266 1148 1313 contemptu
1175 1263 1344 1300 omnium
1371 1264 1470 1315 apud
1497 1265 1616 1315 ipsum

85 1326 267 1364 factarum
294 1326 611 1371 admonitionum,
639 1331 715 1363 tam
742 1327 782 1364 in
812 1332 920 1364 coetu
951 1327 1210 1366 Ministroruin
1241 1341 1284 1366 ac
1312 1329 1512 1367 seniorum
1539 1343 1620 1367 om-

86 1393 202 1438 nium,
229 1405 342 1443 quam
370 1392 431 1430 hic
456 1393 568 1431 etiam
596 1393 709 1430 semel
736 1397 850 1444 atque
876 1393 1009 1431 iterum
1038 1393 1078 1431 in
1104 1394 1258 1445 publico
1287 1395 1404 1433 totius
1433 1395 1622 1434 Ecclesiae

88 1462 208 1504 coetu,
242 1471 289 1496 ue
324 1458 412 1509 quid
452 1457 497 1496 de
524 1457 679 1509 privatis
707 1458 867 1496 aliorum
895 1459 1052 1496 fratrum
1081 1459 1405 1498 admonitionibus
1433 1460 1622 1500 dicamus:

87 1528 200 1574 atque
237 1523 327 1561 haec
362 1523 489 1560 omnia
523 1523 634 1561 toties
669 1524 769 1561 facta
806 1537 898 1570 esse,
934 1537 979 1561 ne
1006 1524 1054 1561 ad
1081 1525 1280 1574 lugubrem
1309 1526 1420 1564 nobis
1449 1527 1622 1565 omnibus

91 1588 189 1625 hanc
223 1587 342 1638 ipsius
377 1587 804 1625 excommunicationem
839 1588 1106 1639 perveniretur.
1163 1589 1236 1627 Sed
1265 1603 1348 1628 cum
1379 1590 1469 1628 haec
1496 1592 1623 1630 omnia

89 1652 228 1690 frustra
264 1652 362 1703 apud
404 1665 488 1690 eum
524 1652 623 1690 facta
659 1665 740 1690 esse
776 1665 861 1690 cum
888 1654 1000 1701 (349)
1036 1667 1174 1703 magno
1202 1654 1319 1692 animi
1346 1656 1466 1693 nostri
1494 1655 1624 1694 dolore

89 1715 293 1761 videamus,
337 1715 490 1767 ipseque
525 1717 629 1753 nulla
666 1716 789 1754 adhuc
826 1717 888 1754 det
925 1717 1064 1755 indicia
1103 1731 1208 1756 verae
1245 1720 1523 1770 resipiscentiae
1559 1734 1622 1772 per

93 1780 206 1819 ullam
251 1780 381 1831 culpae
417 1793 505 1818 suae
542 1781 748 1830 legitimam
785 1781 1018 1831 agnitionem
1055 1794 1098 1819 ac
1134 1782 1448 1833 deprecationem,
1484 1797 1624 1836 vosque

88 1849 275 1897 praeterea
313 1845 462 1883 silentio
501 1852 623 1884 vestro
653 1846 852 1884 consilium
884 1846 1158 1890 Ministrorum,
1187 1848 1386 1887 Seniorum
1413 1862 1457 1887 ac
1484 1849 1623 1888 Diaco-

89 1924 225 1949 norum
261 1919 469 1949 vestrorum
506 1910 674 1948 omnium
709 1910 754 1949 (le
788 1912 996 1950 exercenda
1024 1912 1205 1950 adversus
1233 1913 1331 1951 hanc
1358 1913 1475 1965 ipsius
1503 1915 1623 1952 obsti-

91 1975 281 2013 nationem
306 1975 695 2013 excommunicatione
713 1976 943 2026 approbatis,
962 1997 1012 2005 —-
1031 1989 1208 2026 cogemur
1226 1978 1302 2014 iam
1321 1978 1485 2024 tandem,
1503 1992 1624 2029 quan·

91 2052 203 2090 quam
238 2038 348 2076 inviti
386 2051 454 2076 nec
490 2039 570 2077 sine
604 2040 758 2090 publico
785 2040 890 2078 luctu
919 2046 1087 2079 nostrum
1116 2042 1298 2085 omnium,
1325 2042 1548 2080 descendere
1575 2043 1622 2080 ad

91 2104 169 2143 eius
205 2104 643 2142 excommunicationem.
697 2104 759 2151 Et,
786 2110 827 2142 ut
855 2105 1031 2143 omnibus
1061 2107 1168 2144 vobis
1195 2106 1340 2158 liquido
1371 2112 1527 2154 constet,
1556 2122 1624 2146 nos

92 2181 222 2207 omnes
249 2168 390 2206 invitos
416 2168 466 2205 ad
492 2167 596 2205 illam
622 2170 734 2219 plane
761 2169 948 2219 compelli,
974 2174 1171 2220 peccatum
1198 2170 1328 2220 ipsius,
1356 2182 1430 2222 quo
1447 2171 1625 2209 adversus

90 2234 212 2284 legem
238 2232 309 2271 Dei
334 2233 469 2270 fratres
496 2245 582 2270 suos
609 2233 806 2284 imprimis,
835 2233 968 2272 deinde
996 2247 1080 2272 vero
1110 2235 1320 2273 universam
1340 2240 1508 2274 nostram
1528 2236 1626 2275 hanc

92 2297 299 2336 Ecclesiam
327 2296 493 2345 offendit,
519 2297 788 2348 exponemus''.

144 2367 266 2413 Atque
295 2362 356 2399 hic
384 2362 628 2400 Ecclesiastes
656 2368 821 2400 recenset
848 2363 973 2402 omnia
1001 2363 1145 2410 ordine,
1171 2378 1268 2415 quae
1295 2367 1624 2406 excommunican-

94 2427 175 2466 dus·
198 2428 263 2465 ille
298 2427 412 2465 frater
452 2427 675 2477 designavit,
711 2434 786 2466 tam
815 2434 913 2474 ante,
940 2442 1052 2479 quam
1081 2434 1166 2480 post
1193 2429 1469 2470 admonitiones
1496 2445 1625 2471 omnes

94 2492 133 2531 et
167 2492 332 2544 privatas
369 2491 406 2529 et
443 2491 633 2542 publicas:
672 2492 818 2542 quoties
855 2492 944 2530 item
980 2498 1015 2530 et
1043 2506 1107 2543 per
1134 2506 1228 2543 quos
1257 2493 1370 2532 fuerit
1396 2495 1627 2540 admonitus.

92 2563 170 2596 tam
208 2556 383 2608 privatim
419 2569 533 2607 quam
569 2555 718 2606 publice
753 2557 906 2594 nomine
945 2556 1208 2595 Ministrorum
1242 2559 1517 2598 acJSeniorum
1543 2573 1624 2598 om-

95 2621 213 2667 nium,
246 2625 282 2658 et
317 2620 428 2658 etiam
466 2633 590 2658 coram
617 2624 700 2658 toto
727 2620 918 2659 Ecclesiae
948 2628 1077 2668 coetu3
1119 2622 1208 2659 haec
1235 2626 1359 2661 tamen
1389 2625 1516 2662 omnia
1544 2625 1625 2663 fru-

96 2692 172 2724 stra
198 2685 297 2737 apud
325 2687 436 2734 (350)
462 2685 584 2736 ipsum
615 2684 794 2723 hactenus
822 2691 905 2724 acta
932 2686 1059 2725 fuisse.

148 2751 317 2789 Tandem
345 2763 431 2791 vero
459 2750 506 2788 ad
533 2749 698 2801 reliquos
727 2750 934 2798 Ministros,
965 2752 1138 2790 Seniores
1157 2765 1200 2790 ac
1219 2753 1410 2794 Diaconos
1427 2768 1627 2795 conversus

100 2815 345 2854 Ecclesiastes
378 2815 426 2852 ab
463 2815 516 2853 eis
553 2828 677 2853 coram
715 2821 794 2854 tota
829 2816 999 2855 Ecclesia
1036 2817 1262 2862 sciscitatur,
1298 2832 1387 2857 num
1414 2820 1468 2858 ita
1495 2834 1534 2859 se
1563 2822 1628 2859 ha·

102 2881 211 2919 beant
245 2879 383 2924 omnia,
419 2880 732 2931 quemadmodum
770 2881 849 2933 ipse
883 2888 1085 2928 narrasset,
1121 2882 1263 2934 illique,
1289 2884 1522 2924 auscultante
1550 2890 1629 2924 tota
