1830 3147
804 150 874 190 727
1274 125 1278 130 ’
1326 151 1394 199 [Α.
1420 151 1465 189 D.
1491 152 1602 199 1556]

74 260 178 296 tionis
202 259 289 302 loco,
304 271 426 306 nempe
442 259 478 295 in
497 258 608 300 coelo,
632 259 754 296 animis
768 260 897 296 nostris
920 260 1006 296 illue
1031 271 1091 306 per
1102 259 1269 307 Spiritum
1286 260 1452 297 Sanctum
1469 262 1604 305 erectis,

72 319 206 365 quaerit
231 320 387 354 intuetur
400 321 436 354 et
459 318 687 365 apprehendit
710 318 888 355 Christum
915 319 1103 355 Dominum
1139 320 1174 356 in
1198 320 1274 367 ipso
1299 320 1436 358 Coenae
1461 334 1538 365 usu,
1560 342 1603 349 --

72 380 240 417 hactenus
273 379 432 427 equidem
473 392 584 427 neque
618 380 653 416 in
691 392 778 427 pane
814 381 888 428 ipso
923 392 1035 428 neque
1064 381 1129 416 sub
1158 393 1245 428 pane
1278 383 1427 425 Coenae,
1452 384 1511 419 sed
1537 395 1607 419 una

72 454 150 478 cum
187 454 285 488 pane,
326 441 387 478 hoc
411 445 473 482 est,
497 453 538 477 eo
564 442 638 487 ipso
664 445 818 488 tempore
843 453 914 489 quo
940 443 1018 490 pani
1043 454 1170 480 coenae
1195 445 1454 490 participamus,
1486 445 1606 482 adesse

76 502 173 538 nobis
207 503 307 538 iuxta
347 502 428 537 fidei
465 503 692 548 praesentiam
733 503 909 539 Christum
945 503 1131 539 Dominum
1159 516 1237 540 vere
1261 509 1298 540 et
1321 505 1608 547 substantialiter.

77 574 207 610 nosque
233 574 312 598 vere
338 574 378 598 ac
397 562 582 598 efficaciter
609 576 744 610 pascere
769 575 912 611 corpore
937 568 974 600 et
997 565 1164 612 sanguine
1190 578 1255 601 suo
1281 577 1340 612 per
1365 566 1466 602 fidem
1492 566 1534 602 ad
1560 567 1608 602 vi-

77 628 146 659 tam
160 627 347 660 aeternam.
372 623 490 660 Fateri
514 624 621 670 igitur
646 637 708 660 nos
735 637 802 660 una
826 637 904 661 eum
930 625 1106 673 Apologia
1131 626 1166 662 in
1191 627 1309 662 Coena
1336 626 1476 663 Domini
1488 626 1610 663 adesse

76 697 154 721 vere
180 689 217 721 et
241 685 520 721 substantialiter
546 697 670 732 eorpus
696 690 733 721 et
757 687 960 733 sanguinem
984 686 1129 728 Christi,
1160 687 1294 723 etiamsi
1318 687 1379 723 illa
1403 688 1439 723 in
1464 700 1551 735 pane
1576 691 1612 725 et

77 749 157 784 vino
182 762 217 785 re
243 749 317 797 ipsa
345 749 411 787 Σιίι
439 749 562 794 ε’ίδους
592 750 792 785 delitescere
818 762 993 797 negemus.
1036 749 1148 787 Aliud
1170 762 1246 786 esse
1268 752 1359 787 enim
1383 752 1535 788 Coenam
1560 754 1614 800 ip-

79 822 150 846 sam
172 831 219 838 --
236 811 450 847 Dominieam
466 812 606 857 inquam
627 811 1052 847 institutionem—aliud
1078 823 1161 847 vero
1184 813 1294 859 ipsum
1310 825 1430 859 panem
1449 815 1517 859 (et)
1541 817 1616 849 aut

80 871 194 907 vinum
221 870 255 907 in
269 872 399 908 Coena.
425 873 542 909 Fatcri
568 885 630 908 nos
655 873 736 908 item
763 883 841 907 vere
868 872 1022 908 exhiberi
1047 872 1146 909 nobis
1171 885 1238 908 una
1259 885 1335 909 cum
1362 886 1449 920 pane
1473 880 1510 910 et
1535 875 1615 911 vino

77 934 113 970 in
148 934 285 971 Coenae
326 947 401 974 usu.
441 935 473 970 h.
498 947 539 974 e.,
573 935 653 970 dum
692 933 772 979 pani
808 938 844 969 et
870 934 950 969 vino
975 934 1113 970 Coenae
1147 935 1404 982 participamus,
1428 946 1554 983 corpus
1579 939 1615 972 et

76 996 279 1041 sanguinem
314 995 455 1037 Christi,
490 995 556 1030 fide
592 993 809 1042 percipienda
834 995 868 1030 in
894 995 988 1030 vitae
1013 999 1174 1030 aeternae
1199 995 1408 1037 alimoniam,
1434 1009 1476 1031 ue
1501 997 1613 1033 otiosa

77 1067 252 1103 vacuaque
285 1067 326 1091 ac
363 1056 478 1091 inania
511 1055 612 1102 signa
643 1055 679 1091 in
704 1055 928 1091 sacramentis
953 1059 1108 1092 statuere
1134 1059 1306 1103 putemur,
1339 1057 1431 1105 quod
1456 1058 1612 1105 equidem

76 1115 163 1152 falso
187 1115 286 1151 nobis
311 1129 331 1152 a
356 1115 532 1152 nonnullis
556 1115 723 1152 hactenus
748 1114 959 1163 adscriptum
984 1120 1087 1153 essct.
1117 1117 1216 1154 Nihil
1242 1118 1349 1165 igitur
1373 1123 1408 1154 et
1424 1117 1501 1154 eum
1518 1119 1618 1166 Apo-

78 1176 188 1223 logiae
216 1177 328 1213 locum
354 1181 475 1212 contra
501 1188 564 1211 nos
593 1177 704 1212 faeere
730 1176 802 1212 ullo
829 1176 943 1213 modo.

126 1237 182 1274 lbi
207 1250 339 1274 rursum
368 1242 509 1273 ventum
526 1237 637 1273 estad
653 1237 765 1284 priora.
780 1238 883 1273 verba
908 1239 978 1280 illa,
1005 1239 1136 1274 frustra
1155 1252 1176 1275 a
1197 1238 1296 1275 nobis
1322 1240 1502 1286 praetendi
1522 1241 1613 1277 Con·

78 1298 259 1334 sessionem
285 1302 436 1334 nostram
457 1309 534 1334 cum
563 1297 736 1345 Apologia
762 1302 823 1333 aut
845 1301 1060 1346 Augustana
1085 1299 1311 1336 Confessione
1338 1302 1533 1343 convenire,
1553 1302 1617 1338 nisi

78 1358 229 1405 ipsorum
256 1359 597 1406 interpraetationcin
624 1360 883 1406 amplectamur.
924 1360 1067 1407 Egoque
1092 1371 1228 1396 rursum
1255 1361 1463 1406 repetebam,
1488 1363 1617 1398 frustra

81 1420 181 1455 nobis
216 1420 344 1466 opponi
373 1421 615 1466 Augustanam
642 1419 901 1455 confessionem
926 1424 962 1455 et
987 1420 1060 1456 eius
1085 1421 1304 1468 Apologiam,
1332 1429 1515 1470 postquam
1540 1423 1616 1459 nul-

78 1479 134 1516 lus
159 1480 342 1527 utrobique
368 1480 477 1522 loeus,
502 1481 559 1528 qui
584 1480 766 1516 nobiseum
793 1487 935 1527 pugnet,
962 1483 1227 1518 commonstrari
1247 1482 1345 1518 nobis
1366 1484 1488 1530 possit.
1526 1484 1616 1520 Tau·

79 1539 156 1576 dem
186 1552 266 1576 vero
290 1542 347 1588 agi
372 1547 534 1587 coeptum
558 1540 602 1576 de
626 1542 839 1588 argumentis
870 1542 1019 1582 Brentii,
1052 1546 1088 1578 et
1119 1555 1316 1590 quanquam
1350 1556 1414 1590 ego
1448 1544 1612 1588 dicerem,

80 1613 133 1636 me
160 1601 265 1644 (nolle
289 1601 479 1647 suscipere)
506 1600 684 1636 nullam
718 1602 957 1648 suscipere
984 1601 1105 1638 velle
1130 1603 1361 1649 respondendi
1391 1605 1618 1650 provinciam,

81 1666 197 1698 tamen
225 1662 306 1698 mihi
334 1662 441 1698 videri
460 1663 492 1697 id
507 1662 720 1709 probandum
742 1675 827 1704 esse,
851 1663 943 1710 quod
964 1664 999 1699 in
1019 1664 1193 1710 personali
1214 1664 1351 1701 divinae
1371 1669 1408 1700 et
1443 1665 1614 1701 humanae

81 1726 226 1759 naturae
252 1724 288 1759 in
311 1723 450 1759 Christo
477 1723 603 1759 unione
628 1728 750 1760 neutra
775 1728 977 1760 naturarum
999 1724 1042 1760 ab
1065 1725 1176 1760 altera
1202 1725 1273 1761 ullo
1299 1737 1439 1772 prorsus
1464 1726 1617 1763 locorum

84 1789 323 1831 temporumve
349 1784 534 1820 intervallo
555 1784 675 1820 divelli
703 1786 922 1832 separarique
947 1786 1069 1833 quovis
1095 1787 1197 1822 modo
1223 1790 1351 1833 posset.
1400 1788 1618 1832 (Caeterum)

82 1845 260 1881 Deinde
284 1847 521 1894 quaestionem
545 1844 587 1880 de
614 1850 759 1881 naturae
783 1846 919 1881 divinae
945 1846 1131 1883 existentia
1155 1847 1378 1884 difficiliorem
1404 1860 1491 1890 esse,
1517 1861 1618 1895 quam

84 1911 123 1942 ut
149 1907 197 1942 ita
222 1906 334 1942 obiter
359 1907 402 1942 de
426 1907 484 1942 illa
502 1907 642 1943 tractari
664 1906 817 1948 deberet,
840 1912 943 1955 atque
963 1908 1012 1943 ita
1032 1920 1102 1944 non
1140 1908 1288 1945 libenter
1313 1922 1366 1945 me
1392 1910 1479 1946 velle
1499 1910 1617 1947 multis

82 1969 126 2002 dc
153 1979 192 2003 ea
217 1980 252 2003 re
274 1980 387 2015 agere,
408 1967 533 2004 nedum
552 1973 591 2004 ut
611 1968 711 2004 velim
728 1972 892 2009 statuere,
906 1969 1050 2005 eandem
1072 1981 1212 2016 prorsus
1229 1971 1435 2007 existentiae
1450 1973 1618 2008 rationem

82 2029 264 2076 utriusque
290 2034 433 2064 naturae
449 2029 482 2064 in
509 2028 648 2064 Christo
670 2041 745 2065 esse
768 2033 907 2075 propter
926 2030 1142 2076 personalem
1168 2030 1261 2066 illam
1280 2031 1453 2068 unionem.
1477 2031 1621 2080 Alioqui

82 2099 135 2123 me
156 2100 225 2122 non
241 2088 364 2127 videre,
385 2100 453 2136 quo
472 2092 573 2135 pacto
589 2089 691 2125 vitari
707 2089 841 2136 possint
852 2089 1001 2125 absurda
1018 2101 1155 2137 prorsus
1171 2090 1332 2138 dogmata
1346 2104 1364 2126 a
1379 2096 1493 2127 mente
1507 2093 1618 2139 Serip-

84 2152 181 2183 turae
206 2147 318 2183 modis
344 2149 503 2184 omnibus
529 2149 652 2185 aliena.
691 2150 808 2197 Atque
833 2161 874 2185 eo
898 2161 1006 2197 usque
1032 2151 1204 2197 progressi
1229 2163 1360 2194 sumus,
1386 2157 1425 2188 ut
1449 2164 1488 2188 ea
1513 2165 1619 2199 agno-

81 2211 179 2252 verit,
216 2214 383 2257 quantum
410 2221 474 2256 ego
499 2209 636 2257 quidem
663 2210 857 2246 meminisse
883 2223 1028 2257 possem,
1053 2223 1140 2259 quae
1164 2212 1200 2248 in
1225 2224 1299 2248 mea
1323 2213 1367 2249 ad
1391 2214 1504 2261 ipsum
1531 2214 1621 2261 epis·

80 2272 155 2307 tola
191 2271 282 2306 inter
306 2270 478 2317 paradoxa
505 2282 681 2307 recenseo.

128 2331 282 2369 Tandem
320 2336 461 2367 ventum
502 2337 556 2367 est
601 2333 643 2368 ad
682 2332 866 2369 articulum
911 2333 955 2369 de
1004 2334 1219 2371 Ascensione
1256 2339 1291 2372 et
1331 2335 1458 2372 dextra
1504 2337 1618 2373 Patris

83 2393 161 2429 Dei.
207 2393 261 2429 lbi
297 2405 360 2440 ego
391 2394 607 2439 quaerebam,
634 2393 807 2441 quodnam
842 2394 930 2430 illud
958 2395 1100 2431 Coelum
1134 2400 1241 2438 esset,
1280 2398 1313 2433 in
1339 2397 1432 2444 quod
1457 2397 1619 2434 Christus

83 2453 252 2495 ascendit,
297 2454 380 2490 dum
422 2454 467 2489 ab
514 2455 693 2501 Apostolis
732 2456 768 2490 in
807 2455 915 2491 altum
963 2456 1234 2504 absumptus
1285 2458 1472 2501 (sublatus)
1518 2463 1621 2494 esset.

83 2512 418 2560 Respondebat(ur)‚
456 2514 638 2549 visibiliter
679 2515 817 2562 quidem
851 2515 1027 2552 Christum
1067 2518 1103 2554 in
1152 2529 1215 2554 sua
1251 2519 1451 2554 ascensione
1484 2520 1620 2555 visibile

81 2575 182 2610 etiam
218 2573 350 2610 coelum
389 2575 545 2622 petiisse,
586 2576 647 2611 scd
691 2576 916 2612 invisibiliter
956 2577 992 2613 in
1031 2578 1130 2614 coelo
1171 2580 1273 2615 etiam
1317 2580 1481 2617 invisibili
1523 2581 1620 2617 illum

81 2645 225 2681 corpore
274 2647 337 2669 suo
380 2634 422 2670 ab
466 2635 541 2682 ipso
587 2648 665 2671 mox
718 2637 965 2673 incarnationis
1009 2650 1091 2674 suae
1135 2641 1290 2687 tempore
1333 2653 1468 2688 semper
1505 2643 1623 2684 fuisse,

82 2695 178 2729 iuxta
203 2695 288 2730 illud
316 2695 482 2730 Iohannis
509 2697 529 2730 3
559 2710 576 2726 n
592 2697 699 2732 Filius
725 2697 872 2733 hominis
894 2698 954 2745 qui
980 2702 1035 2734 est
1059 2699 1094 2734 iu
1126 2699 1257 2736 coelo.”
1308 2702 1384 2747 Ego
1417 2714 1517 2749 porro
1555 2715 1622 2738 res-

85 2754 198 2801 pondi,
232 2756 344 2791 locum
371 2755 443 2792 1011.
470 2759 490 2791 3
518 2757 602 2792 nihil
630 2757 675 2792 ad
702 2757 765 2794 hoe
803 2759 1003 2795 institutum
1032 2761 1155 2802 faeere,
1187 2763 1245 2796 sed
1281 2775 1334 2798 me
1363 2763 1455 2798 nolle
1486 2764 1618 2811 ingredi

83 2829 122 2850 ea
146 2817 189 2851 de
227 2829 262 2852 re
288 2816 586 2864 disputationem:
624 2818 754 2866 alioqui
789 2832 908 2856 omnes
934 2826 1069 2858 veteres
1094 2824 1350 2859 consentienter
1373 2825 1506 2866 docere,
1539 2826 1621 2861 haec

85 2876 128 2911 de
152 2878 268 2914 divina
293 2878 467 2913 duntaxat
495 2879 529 2914 in
553 2879 694 2916 Christo
720 2887 842 2917 natura
867 2882 1068 2929 accipienda
1095 2895 1170 2920 esse
1194 2888 1230 2920 et
1254 2885 1345 2921 Filio
1379 2885 1526 2922 hominis
1564 2887 1626 2923 tri·

87 2937 156 2980 bui,
179 2939 273 2985 quod
299 2943 353 2975 est
379 2939 458 2975 Filii
485 2940 562 2981 Dei,
589 2946 728 2989 propter
756 2944 966 2989 personalem
995 2948 1221 2987 (naturam
1256 2948 1455 2990 unionis)
1482 2951 1622 2983 natura-
