1830 3147
1579 110 1650 150 187

113 221 213 259 videt
241 220 488 259 Ecclesiastes
516 220 662 258 orditur
691 233 784 265 eam,
812 233 907 271 quae
935 219 1118 270 sequitur,
1143 220 1190 258 ad
1218 224 1338 259 totam
1360 221 1567 259 Ecclesiam
1584 222 1653 259 ad-

112 286 370 324 monitionem.

163 396 458 454 Admonitio'
491 415 547 453 ad
585 414 858 452 Ecclesiam
892 428 1038 466 super
1072 415 1206 466 lapso
1245 419 1289 453 et
1315 416 1518 467 publice
1545 429 1652 468 poe-

110 481 304 519 nitente
332 481 503 518 fratre.
531 481 642 528 (311)

166 629 183 645 ll
198 610 280 648 Viri
316 611 469 647 fratres!
506 610 771 648 constituimus
807 623 892 648 ecce
917 610 957 648 in
985 610 1109 648 medio
1147 614 1255 648 coetu
1284 614 1407 649 vestro
1436 625 1504 662 pro
1533 611 1654 650 nostri

111 674 308 713 ministerii
344 674 463 712 officio
500 675 645 725 lapsum
684 675 784 712 hunc
820 676 973 712 fratrem
1012 679 1196 721 nostrum,
1233 676 1297 725 qui
1325 676 1371 712 ad
1400 677 1652 715 attestandam

108 743 205 793 apud
254 736 341 779 vos
364 755 490 779 veram
535 755 639 779 suam
686 741 1012 792 Christianamque
1059 741 1356 792 resipiscentiam
1392 754 1469 779 non
1505 747 1654 780 recusat

107 808 249 859 peccati
286 807 343 845 sui
379 807 538 858 culpam,
566 820 640 858 quo
684 807 889 845 Dominum
918 807 1035 845 Deum
1065 807 1220 858 eiusque
1247 807 1456 845 Ecclesiam
1485 808 1651 855 offendit,

109 874 258 924 publice
294 886 512 922 agnoscere,
546 873 594 909 ad
632 885 737 910 suam
775 873 939 923 quidem,
976 877 1017 909 ut
1055 872 1206 916 videtis,
1242 872 1551 917 erubescentiam,
1588 874 1653 911 sed

108 938 155 975 ad
184 938 340 975 Domini
369 938 438 975 Dei
465 937 586 975 nostri
613 938 774 986 gloriam
801 942 837 974 et
880 937 1070 975 Ecclesiae
1100 937 1210 975 huius
1241 942 1391 975 nostrae
1420 939 1651 977 aedificatio-

108 1017 205 1047 nem,
246 1004 423 1054 cupitque
459 1003 567 1040 vobis
609 1016 758 1039 rursum
801 1002 977 1039 omnibus
1005 1002 1046 1039 in
1075 1007 1278 1053 conspectu
1307 1002 1376 1040 Dei
1405 1004 1653 1048 reconciliari,

107 1074 143 1106 et
179 1069 219 1105 in
257 1072 378 1105 vestra
418 1067 509 1105 adeo
548 1067 783 1104 fraternitate
820 1066 1087 1104 Ecclesiastica
1126 1067 1302 1118 deinceps
1340 1068 1452 1105 etiam
1482 1069 1649 1107 retineri.

108 1133 237 1171 Quare
273 1147 338 1171 vos
375 1132 469 1169 mihi
497 1132 610 1169 vestri
639 1132 701 1168 hic
730 1132 847 1169 debiti
877 1137 987 1182 atque
1015 1132 1124 1169 officii
1152 1145 1239 1181 erga
1268 1133 1376 1170 illum
1403 1134 1579 1171 nonnihil
1607 1147 1651 1171 ex

107 1200 221 1236 verbo
257 1199 328 1236 Dei
362 1198 591 1236 admonendi
627 1198 730 1242 estis,
764 1202 804 1235 ut
841 1198 982 1243 sciatis,
1019 1198 1201 1249 quidnam
1239 1203 1275 1236 et
1313 1199 1358 1236 de
1400 1199 1495 1249 lapsi
1523 1199 1652 1237 fratris

109 1265 219 1303 huius
254 1270 289 1302 et
324 1264 369 1302 de
404 1263 536 1301 vestris
573 1263 666 1301 adeo
702 1264 812 1301 simul
842 1263 1011 1301 omnium
1040 1264 1203 1315 peccatis
1234 1264 1401 1313 cogitare
1429 1277 1558 1302 omnes
1587 1264 1651 1303 de-

108 1332 240 1370 beatis.

161 1396 275 1433 uDuo
305 1396 416 1434 nobis
443 1396 561 1445 igitur
590 1396 634 1434 de
662 1400 815 1447 peccato
844 1396 883 1433 in
914 1396 1111 1446 seripturis
1138 1396 1289 1447 prodita
1319 1396 1513 1436 habemus,
1544 1397 1645 1435 Alte-

105 1475 201 1507 rum,
229 1475 298 1498 nos
327 1474 456 1499 omnes
485 1462 554 1499 sub
584 1467 776 1513 peceatum
808 1462 1009 1500 conclusos
1038 1476 1129 1501 esse.
1168 1463 1340 1500 Alterum
1368 1476 1468 1506 vero,
1497 1463 1651 1501 conclu-

107 1539 167 1563 sos
205 1525 356 1576 quidem
391 1539 481 1572 esse,
520 1527 584 1563 sed
624 1531 666 1564 ut
703 1540 833 1564 omnes
871 1527 983 1564 etiam
1021 1540 1086 1578 per
1123 1527 1326 1576 gratuitam
1355 1529 1466 1576 (312)
1504 1527 1574 1565 Dei
1610 1529 1650 1566 in

109 1590 258 1628 Christo
286 1590 598 1635 misericordiam,
634 1591 734 1642 quod
764 1592 811 1629 ad
841 1591 959 1629 Deum
991 1592 1140 1642 quidem
1170 1592 1317 1637 attinet,
1346 1606 1545 1637 servemur,
1574 1607 1651 1631 non

105 1660 230 1694 autem
265 1657 305 1694 in
340 1661 494 1707 peccato
531 1661 661 1695 nostro
699 1670 905 1708 pereamus,
941 1661 1201 1708 praeterquam
1239 1658 1283 1701 si,
1321 1662 1535 1709 contempto
1580 1658 1651 1697 Dei

103 1734 193 1770 erga
220 1734 290 1758 nos
318 1721 356 1758 in
387 1721 536 1759 Christo
567 1722 762 1762 beneficio,
791 1722 901 1759 nobis
930 1722 1003 1773 ipsi
1030 1722 1067 1759 in
1098 1726 1251 1772 peccato
1272 1728 1402 1760 nostro
1425 1723 1652 1773 placeamus,

106 1790 218 1835 atque
250 1784 304 1822 ita
333 1784 480 1821 demum
508 1785 548 1821 in
576 1785 642 1822 illo
672 1785 798 1829 etiam,
826 1784 924 1822 iusto
955 1785 1024 1822 Dei
1053 1785 1210 1832 iudicio,
1247 1786 1488 1825 obduremur.
1546 1786 1651 1824 Hinc

103 1861 215 1899 porro
252 1848 440 1892 doeemur,
476 1848 657 1898 quidnam
693 1853 728 1886 et
763 1849 808 1886 de
846 1848 987 1886 nostris
1022 1848 1205 1900 ipsorum,
1232 1854 1268 1886 et
1298 1848 1342 1886 de
1370 1850 1531 1887 aliorum
1558 1850 1649 1888 item

103 1914 265 1964 peccatis
294 1913 470 1963 cogitare,
497 1927 540 1950 ac
567 1926 716 1951 rursum
746 1914 792 1951 ad
822 1927 931 1965 quem
959 1914 1113 1952 modum
1142 1914 1206 1952 alii
1233 1928 1321 1964 erga
1349 1915 1456 1960 alios,
1484 1915 1554 1953 hac
1580 1929 1650 1967 po-

103 1979 294 2016 tissimum
330 1979 369 2016 in
404 1983 525 2030 parte,
561 1979 682 2017 affecti
718 1993 798 2017 esse
837 1979 1051 2018 debeamus.
1106 1980 1207 2017 Dum
1237 1980 1336 2017 enim
1364 1980 1550 2026 audimus,
1579 1994 1649 2019 nos

106 2056 235 2081 omnes
273 2043 352 2080 sine
396 2043 474 2080 ulla
512 2043 691 2094 cuiusque
726 2044 945 2095 exceptione
983 2045 1053 2082 sub
1090 2048 1285 2096 peccatum
1322 2046 1520 2083 conclusos
1558 2059 1648 2093 esse,

104 2109 213 2146 facile
239 2108 487 2157 intelligimus
516 2122 585 2146 nos
612 2110 753 2160 pariter
782 2122 910 2146 omnes
938 2113 1076 2147 natura
1104 2114 1235 2148 nostra
1273 2110 1311 2147 in
1335 2123 1446 2148 omne
1466 2112 1649 2148 scelerum

104 2186 223 2221 genus
261 2185 405 2223 semper
441 2172 685 2223 propendere,
722 2177 757 2210 et
786 2173 944 2223 proinde
972 2187 1049 2210 non
1078 2173 1351 2211 admirabimur
1380 2174 1539 2211 aliorum
1566 2175 1648 2225 lap-

107 2251 169 2275 sus
205 2238 318 2283 ullos,
344 2237 464 2274 multo
493 2238 619 2275 minus
649 2242 772 2275 autem
802 2239 927 2288 lapsos
956 2239 1091 2275 fratres
1120 2243 1272 2276 nostros
1300 2252 1389 2289 prae
1416 2240 1528 2276 nobis
1555 2235 1648 2291 ipsis

107 2304 162 2341 vel
198 2303 460 2341 accusabimus
499 2304 557 2341 vel
596 2308 890 2349 contemnemus,
929 2304 995 2341 sed
1031 2303 1153 2341 nostri
1182 2304 1220 2341 id
1250 2304 1370 2342 debiti
1397 2308 1509 2356 atque
1537 2306 1649 2343 officii

105 2383 184 2407 esse
221 2373 438 2413 statuemus,
476 2373 515 2412 ut
552 2369 712 2406 aliorum
748 2369 876 2419 lapsus
905 2382 1049 2412 omnes,
1078 2371 1320 2419 quantumvis
1349 2384 1482 2419 graves
1511 2383 1554 2408 ac
1582 2370 1648 2408 de-

102 2434 309 2480 testandos,
345 2447 413 2485 pro
451 2434 591 2471 nostris
630 2434 797 2485 ipsorum
834 2434 1005 2485 lapsibus
1044 2434 1199 2472 omnino
1228 2438 1458 2485 reputemus.
1514 2435 1650 2487 Neque

104 2505 181 2538 tam
221 2501 346 2551 lapsos
382 2500 517 2537 fratres
553 2503 716 2545 nostros,
747 2499 836 2536 dum
864 2500 1101 2550 resipiscunt,
1130 2500 1166 2537 in
1197 2500 1303 2550 lapsu
1330 2500 1648 2551 ipso-(313)rum‚

103 2578 217 2617 quam
253 2577 322 2602 nos
358 2565 460 2615 ipsos
489 2565 528 2602 in
555 2564 631 2602 illis
666 2564 792 2615 potius
820 2564 1067 2609 intuebimur,
1094 2578 1214 2616 neque
1240 2569 1319 2602 tam
1346 2566 1432 2603 illos
1461 2579 1550 2617 prae
1577 2579 1648 2604 no-

105 2631 177 2675 bis,
204 2644 317 2681 quam
345 2644 414 2668 nos
444 2631 555 2668 simul
584 2643 713 2667 omnes
743 2643 826 2668 cum
853 2631 930 2668 illis
959 2644 1082 2668 coram
1112 2630 1279 2668 Domino
1310 2631 1389 2669 Deo
1417 2636 1647 2683 nostro-po-

105 2695 180 2732 tius
207 2695 481 2733 accusabimus.
513 2695 677 2741 Etenim,
705 2695 735 2732 si
763 2708 832 2732 nos
860 2709 935 2733 una
964 2709 1092 2733 omnes
1122 2696 1191 2733 sub
1219 2701 1414 2747 peccatum
1446 2697 1648 2735 conclusos

105 2773 184 2798 esse
220 2773 305 2798 vere
333 2764 368 2798 et
396 2774 440 2798 ex
468 2760 596 2797 animo
626 2760 824 2807 credimus,
852 2761 975 2798 faeere
1003 2761 1176 2812 equidem
1204 2774 1281 2798 non
1310 2775 1525 2813 possumus.
1553 2762 1645 2813 quin

105 2824 233 2862 eadem
275 2838 424 2876 quoque
462 2838 573 2876 opera
610 2825 807 2871 fateamur,
844 2825 942 2863 nihil
969 2840 990 2862 a
1019 2825 1130 2863 nobis
1159 2826 1325 2864 alienum
1349 2839 1440 2872 esse,
1468 2826 1570 2877 quod
1598 2826 1646 2863 ab

105 2889 186 2926 aliis
214 2903 367 2940 quoquo
395 2890 507 2928 etiarn
535 2890 648 2928 modo
677 2891 819 2942 patrari
846 2891 1028 2936 videmus,
1057 2890 1132 2928 nisi
1160 2890 1344 2943 singulari
1372 2890 1443 2928 Dei
1462 2889 1644 2929 beneficio
