1830 3147
230 117 297 163 [A.
324 117 371 153 D.
400 118 512 164 1544]
971 121 1039 159 572

225 228 294 261 tem
321 224 480 262 Christus
505 225 691 267 Dominus,
714 228 751 262 in
775 239 813 262 se
839 227 1055 271 translatam,
1082 242 1143 276 per
1164 233 1309 265 mortem
1333 241 1431 266 suam
1456 231 1613 278 expiarit.
1637 232 1756 270 Quare

223 287 253 322 si
286 298 346 334 per
379 286 492 321 meriti
525 285 656 322 Christi
689 288 1037 325 communicationem
1070 290 1106 326 et
1137 295 1172 326 te
1207 291 1243 327 in
1279 291 1425 327 veritate
1450 291 1488 326 et
1512 292 1694 329 veritatem
1720 294 1757 330 in

224 353 259 382 te
293 359 369 382 esse
402 347 500 390 (licis,
525 347 578 384 hic
603 348 666 384 tibi
692 348 838 384 libenter
863 351 1084 386 assentimur.
1135 351 1197 399 [td
1220 353 1309 388 enim
1337 353 1372 388 in
1397 352 1569 388 nobismet
1593 354 1659 400 ipsi
1683 357 1755 390 tam

222 410 354 458 absque
386 410 461 445 ullo
495 409 603 445 dubio
635 411 858 452 confitemur,
896 422 999 459 quam
1030 417 1126 448 certo
1159 413 1275 449 vivere
1300 425 1362 449 nos
1389 415 1527 455 scimus,
1562 427 1674 462 neque
1697 415 1756 451 ille

223 471 384 512 mendax,
411 471 472 518 qui
497 482 560 506 nos
585 470 620 506 in
646 483 694 510 se.
718 483 825 518 seque
850 472 886 508 in
912 473 1024 511 nobis.
1050 473 1132 508 dum
1157 473 1341 516 credimus,
1366 486 1442 510 esse
1458 477 1658 523 asseverat]
1687 476 1758 512 Sed

223 532 254 566 si
279 535 313 566 te
339 529 479 565 veritati
504 530 554 565 ita
578 530 750 566 adnexum
781 531 987 578 simpliciter
1009 532 1173 574 affirmas,
1201 537 1241 568 ut
1266 537 1301 568 te
1317 545 1430 569 errare
1446 546 1516 569 non
1534 546 1630 580 posse
1645 539 1759 581 putes,

225 591 260 628 id
299 591 443 639 probare
483 590 580 626 nulla
616 591 750 626 ratione
783 603 980 638 possumus,
1019 593 1180 640 quoniam
1216 593 1291 629 Deo
1327 594 1361 630 id
1394 595 1459 630 soli
1486 596 1658 642 proprium
1682 608 1759 632 esse

222 653 364 693 scimus.
406 656 444 688 et
475 666 496 687 a
527 653 657 688 Christi
693 653 833 688 Domini
870 653 1031 688 doctrina
1068 654 1144 700 (qui
1179 653 1312 690 nullum
1348 655 1447 691 nobis
1472 655 1527 691 hie
1554 657 1757 703 magistrum

222 714 346 750 habere
372 715 474 758 vult),
498 714 623 750 deinde
649 727 669 749 a
691 713 795 750 Pauli
821 719 934 750 mente
962 727 1099 761 prorsus
1125 716 1286 752 alienum.

276 776 420 812 Adhaec
454 776 579 811 videris
617 774 715 811 nobis
741 776 775 811 in
802 775 927 811 libellis
953 776 1158 822 quibusdam
1176 778 1207 823 2)
1231 778 1372 821 sentire,
1397 778 1491 824 quod
1516 778 1674 815 Adamus
1688 792 1756 815 non

227 849 286 884 per
319 837 423 872 alium
462 847 659 884 quenquam
694 836 871 878 inductus,
907 836 967 872 sed
1001 849 1085 872 suae
1119 839 1226 884 ipsius
1260 843 1406 874 naturae
1438 839 1608 875 illecebris
1633 845 1757 886 captus

225 897 438 944 peccaverit:
467 908 529 932 nos
555 908 694 944 quoqne
719 897 793 932 eius
820 901 991 944 posteros,
1017 897 1115 940 dum,
1143 898 1311 945 neglectis
1327 904 1361 934 et
1381 900 1566 936 contemtis
1586 899 1650 935 Dei
1666 912 1758 935 man-

225 957 331 999 datis,
356 957 579 1004 obsequimur
603 957 853 1004 cupiditatibus
879 958 1019 1000 nostris,
1046 964 1304 1006 repraesentare
1324 960 1435 1007 ipsum
1453 960 1758 1008 Adamum‚atque

225 1018 312 1055 adeo
338 1019 451 1065 ipsum
477 1018 652 1054 diabolum
680 1023 716 1054 et
741 1019 956 1062 Luciferum,
986 1031 1087 1067 quem
1115 1026 1230 1056 tamen
1257 1022 1369 1056 verbis
1393 1020 1558 1057 detestari
1593 1021 1761 1063 videmur,

226 1083 407 1126 propterea
432 1079 525 1126 quod
550 1079 639 1115 idem
665 1078 808 1115 Lucifer
833 1092 870 1115 se
895 1081 1012 1116 nescio
1036 1081 1071 1117 in
1096 1092 1165 1127 quo
1190 1081 1278 1117 solio
1305 1082 1371 1118 Dei
1396 1082 1587 1117 collocarit.
1614 1087 1682 1118 etc.

272 1142 392 1180 Quare
417 1146 534 1177 autem
561 1141 660 1181 hanc,
687 1140 823 1178 David!
851 1143 1059 1178 sententiam
1086 1142 1230 1190 probare
1249 1142 1303 1178 vel
1318 1143 1504 1179 admittere
1521 1156 1589 1179 non
1606 1155 1757 1190 possum,

225 1203 291 1239 bae
316 1208 398 1238 sunt
423 1215 564 1239 causae.
601 1202 719 1238 Prima
745 1207 811 1244 est,
839 1203 934 1249 quod
960 1204 1061 1238 fidem
1091 1204 1251 1239 historiae
1275 1204 1310 1240 in
1337 1204 1509 1251 scriptura
1534 1203 1635 1240 nobis
1659 1203 1758 1239 abro-

224 1277 306 1312 gare
341 1268 446 1310 atque
480 1265 582 1300 etiam
621 1266 731 1299 totius
765 1265 957 1310 scripturae
992 1265 1099 1312 [quae
1144 1278 1163 1300 a
1188 1266 1287 1300 nobis
1314 1266 1349 1301 in
1373 1270 1551 1300 aeternum
1578 1269 1698 1301 sancta
1723 1269 1759 1301 et

224 1325 384 1362 omnibus
418 1324 528 1360 modis
563 1324 853 1372 inexpugnabilis,
889 1326 1017 1372 quippe
1063 1337 1083 1359 a
1117 1325 1247 1361 Sancto
1285 1325 1416 1372 Spiritu
1443 1326 1586 1372 prolata.
1611 1326 1758 1361 habetur

223 1392 328 1433 atque
353 1386 590 1432 existimatur]
620 1386 814 1421 doctrinam
840 1398 909 1420 non
935 1385 1058 1421 leviter
1084 1386 1298 1421 confundere
1324 1385 1492 1421 videatur.
1529 1386 1614 1421 Eam
1632 1385 1757 1421 docere

224 1449 381 1484 videmus
408 1448 578 1494 expressis
605 1447 730 1489 verbis,
756 1447 863 1483 Evam
890 1460 910 1482 a
931 1453 1104 1494 serpente,
1133 1448 1306 1483 Adamum
1333 1447 1376 1483 ab
1402 1447 1476 1483 Eva
1487 1447 1530 1482 ad
1545 1448 1756 1495 peccandum

224 1511 414 1546 adductum
441 1522 530 1549 esse,
558 1510 678 1555 sicque
704 1509 812 1543 alium
837 1508 943 1544 fuisse
969 1509 1270 1550 Adamum,aliam
1290 1509 1410 1548 Evam,
1428 1509 1532 1544 alium
1550 1515 1758 1554 serpentem.

225 1573 305 1608 Hoc
340 1571 520 1607 declarant
567 1575 640 1606 tum
680 1569 783 1606 verba
815 1571 890 1617 ipsa
921 1571 1112 1617 scripturae
1148 1571 1345 1611 manifesta,
1377 1575 1451 1605 tum
1478 1570 1658 1616 peculiaris
1684 1571 1759 1606 nni-

224 1634 348 1680 cuique
373 1643 490 1667 eorum
519 1643 628 1677 poena
651 1643 673 1665 a
699 1630 773 1665 Deo
788 1630 862 1677 ipso
886 1635 1090 1672 constituta,
1112 1651 1156 1658 —-
1171 1631 1399 1666 constitutam
1416 1642 1491 1665 esse
1509 1630 1640 1666 seilicet
1660 1630 1758 1666 Adae

224 1706 372 1742 poenam
410 1692 543 1732 mortis,
583 1703 672 1738 quae
707 1691 741 1726 in
777 1690 886 1726 Evam
913 1702 1052 1738 quoque
1077 1692 1236 1726 derivata
1262 1691 1306 1726 sit
1334 1685 1472 1737 propter
1498 1697 1642 1726 naturae
1667 1703 1759 1727 com·

227 1756 437 1795 munionem,
462 1753 521 1789 sed
547 1765 622 1788 esse
649 1752 877 1788 constitutam
903 1763 1041 1799 quoqne
1069 1751 1272 1798 peculiarem
1301 1764 1443 1798 poenam
1473 1751 1576 1792 Evae.
1600 1764 1688 1798 quae
1714 1751 1759 1786 ad

227 1817 402 1854 Adamum
440 1815 523 1850 nibil
561 1814 744 1861 pertineat,
784 1826 905 1860 nempe
942 1814 1097 1858 pariendi
1124 1813 1318 1849 molestiam
1357 1818 1393 1847 et
1417 1813 1683 1853 subiectionem,
1720 1818 1760 1848 ut

223 1878 329 1914 alium
357 1877 411 1912 hic
438 1877 628 1916 Adamum,
663 1874 766 1910 aliam
793 1886 874 1909 vero
899 1875 1005 1910 Evam
1036 1875 1142 1910 fnisse
1168 1873 1416 1919 intelligamus.
1465 1873 1521 1909 Sic
1546 1878 1582 1909 et
1606 1875 1759 1920 serpenti

224 1952 320 1975 snam
349 1938 552 1984 peculiarem
582 1948 725 1983 poenam
752 1936 980 1971 constitutam
1007 1947 1094 1976 esse,
1116 1947 1239 1982 nempe
1263 1940 1437 1970 aeternam
1466 1935 1755 1974 maledictionem.

222 2006 469 2046 aeternamque
505 2010 608 2044 super
635 2002 760 2032 terram
789 1997 1031 2043 reptationeim
1057 2003 1096 2031 ut
1121 2009 1157 2031 se
1184 1997 1315 2042 erigere
1341 2009 1516 2043 nunquam
1545 1997 1665 2043 possit.
1691 2002 1759 2033 etc.

226 2063 272 2098 Et
307 2073 503 2108 quanquam
543 2072 610 2095 non
649 2071 785 2104 negem,
820 2059 953 2094 animos
988 2066 1126 2093 nostros
1155 2069 1397 2104 nonnunquam
1424 2058 1538 2093 attolli
1564 2058 1689 2093 debere
1714 2058 1758 2093 ad

225 2135 337 2159 rerum
365 2121 601 2157 sublimiorum
629 2121 903 2160 meditationem,
931 2132 1018 2166 quae
1045 2118 1142 2154 nobis
1169 2119 1270 2154 rebus
1296 2120 1468 2165 corporeis
1494 2119 1756 2162 adumbrantur,

226 2186 288 2221 liae
315 2190 430 2219 tamen
459 2183 532 2230 lege
559 2182 591 2217 id
619 2181 811 2216 faciendum
838 2194 912 2215 esse
952 2181 1094 2221 affirmo,
1122 2184 1163 2215 ut
1181 2193 1313 2227 semper
1331 2181 1551 2229 nihilominus
1573 2183 1759 2216 retineatur

226 2246 388 2281 historiae
419 2244 505 2279 fides
543 2255 582 2278 ac
615 2243 805 2288 scripturae
842 2254 904 2276 sna
929 2242 1121 2277 auctoritas
1147 2245 1298 2277 constet.
1350 2241 1420 2281 lta,
1448 2242 1513 2276 etsi
1539 2241 1665 2277 alieubi
1693 2253 1760 2276 non

226 2309 342 2355 inepte
375 2307 482 2342 Evam
522 2316 660 2340 carnem
698 2308 865 2343 nostram,
905 2307 1101 2351 serpentem
1139 2304 1221 2338 item
1255 2303 1572 2350 concupiscentiam
1606 2306 1756 2338 nostram

227 2379 400 2410 vocemus,
436 2368 470 2402 in
506 2365 648 2401 historia
681 2368 796 2400 tamen
830 2363 944 2410 lapsus
979 2363 1077 2399 Adae
1111 2364 1315 2410 exponenda
1347 2363 1544 2408 allegoriam
1578 2363 1664 2398 lianc
1698 2362 1756 2398 ad-

227 2430 365 2465 mittere
400 2427 597 2473 nequimus.
634 2430 815 2472 propterea
849 2424 943 2471 quod
978 2424 1079 2459 tidem
1117 2425 1278 2460 historiae
1310 2423 1486 2465 obscuret,
1511 2428 1546 2459 et
1570 2424 1759 2469 scripturae

227 2489 488 2537 repugnantiam
515 2489 651 2534 gignat.

277 2552 456 2587 Postremo
489 2556 524 2585 et
558 2549 621 2584 hoc
647 2547 790 2595 probare
813 2557 881 2580 non
909 2558 1107 2591 possumus,
1136 2547 1165 2580 si
1191 2557 1265 2580 eam
1293 2550 1437 2581 naturae
1463 2549 1600 2580 nostrae
1626 2545 1755 2580 consti-

225 2612 393 2646 tutionem
434 2611 469 2646 in
501 2610 565 2645 'nac
600 2609 671 2644 vita
709 2614 827 2644 nostra
859 2607 1107 2653 expectandam
1149 2610 1258 2653 putes.
1296 2611 1337 2641 ut
1370 2605 1501 2641 abolita
1528 2605 1752 2641 membrorum

225 2677 420 2708 nostrornm
459 2671 543 2714 lege,
579 2681 648 2715 qua
680 2669 743 2704 snb
779 2670 910 2717 peceati
946 2669 1162 2710 servitutem,
1200 2667 1253 2702 vel
1287 2668 1401 2706 inviti,
1439 2665 1594 2701 conclusi
1627 2678 1756 2706 sumus,

226 2733 324 2769 iuxta
349 2732 513 2777 Spiritum
548 2732 612 2766 toti
640 2742 780 2777 prorsus
807 2731 975 2772 vivamus,
1009 2731 1112 2776 idque
1139 2741 1198 2776 per
1222 2735 1374 2765 nostram
1399 2729 1548 2774 ipsorum
1578 2728 1668 2763 intra
1695 2740 1756 2762 nos

226 2792 509 2828 resurrectionem
549 2791 735 2838 quandam,
771 2802 873 2837 quam
912 2794 951 2825 tu
986 2791 1144 2825 soitvassis
1180 2791 1320 2837 primam
1354 2789 1519 2836 appellas.
1555 2794 1622 2824 etc.
1680 2789 1758 2826 noc

227 2857 343 2889 autem
384 2863 536 2898 pugnare
572 2857 667 2897 patet
700 2856 821 2887 contra
856 2852 1090 2887 testimonium
1132 2853 1148 2886 1
1181 2852 1228 2886 lo.
1258 2852 1302 2890 1.,
1328 2850 1385 2885 ubi
1412 2850 1508 2892 dicit,
1544 2862 1602 2885 eos
1642 2850 1750 2886 Deum

228 2915 425 2956 mendacem
451 2914 573 2956 faeere,
599 2914 657 2964 qui
683 2925 717 2951 se
743 2914 817 2952 sine
842 2919 981 2964 peccato
1007 2925 1079 2949 esse
1105 2914 1285 2951 affirment.
1337 2912 1438 2950 Hanc
1463 2911 1653 2951 doctrinam
1680 2924 1752 2960 per-
