1830 3147
1509 142 1582 179 229

47 266 259 314 proximum
306 263 539 308 differuntur,
582 265 623 300 ut
666 266 754 300 ante
788 261 916 299 omnia
951 259 1103 298 demum
1138 258 1251 297 etiam
1287 258 1575 309 pertractentur.

45 331 163 368 Porro
198 329 239 367 in
274 317 376 366 hisce
403 326 587 373 coetibus,
622 327 686 378 qui
719 339 785 378 per
822 325 990 375 singulas
1018 323 1271 362 hebdomades
1299 321 1431 360 diebus
1459 320 1577 365 Iovis,

46 398 88 433 ut
123 394 265 433 dictum
303 399 370 435 est,
405 392 603 433 habentur,
638 391 793 429 dissidia
830 391 929 429 inter
965 390 1100 427 fratres
1137 388 1279 433 omnia,
1315 387 1347 425 si
1374 399 1467 438 quae
1493 385 1574 423 ullo

48 459 160 497 modo
196 463 325 497 exorta
360 457 445 503 sint,
485 461 773 508 componuntur,
810 459 846 494 et
883 454 931 493 ad
959 457 1087 492 coetus
1114 453 1200 491 illos
1229 455 1412 490 vocantur
1439 451 1574 488 fratres

46 523 104 561 illi
139 523 179 561 in
215 522 395 566 Ecclesia,
429 520 494 572 qui
529 525 593 558 aut
627 521 792 571 privatas
829 519 991 557 aliorum
1026 518 1188 555 fratrum
1222 517 1263 554 in
1301 515 1471 566 lapsibus
1499 514 1577 552 suis

46 587 322 626 admonitiones
367 589 684 636 contempserunt,
727 589 792 622 aut
836 585 956 633 (519)
995 581 1180 620 eiusmodi
1224 580 1364 633 aliquid
1401 579 1576 629 designa-

45 656 146 698 runt,
190 650 288 702 quod
332 650 389 688 vel
436 650 607 701 pluribus
652 650 727 687 iam
774 649 823 687 sit
866 653 1013 693 notum,
1049 660 1162 698 quam
1199 650 1241 683 ut
1277 645 1413 682 coelati
1449 643 1580 695 possit,

50 717 108 755 vel
134 720 252 754 totam
279 720 468 766 praeterea
497 715 705 753 Ecclesiam
734 714 772 751 in
803 714 1004 752 discrimen
1031 711 1186 763 aliquod
1214 710 1399 749 adducere
1425 708 1578 746 omnino

48 781 229 819 videatur.
284 779 323 816 Si
351 779 502 830 quando
530 783 653 817 autem
678 779 835 824 incidat,
861 784 901 816 ut
927 781 1074 829 praeter
1103 775 1336 813 ordinarium
1363 774 1472 811 illum
1501 773 1580 810 die-

49 846 119 883 bus
153 844 258 882 Iovis
295 847 523 882 conventum
559 857 652 895 opus
690 844 738 881 sit
773 843 848 880 alio
884 843 997 880 etiam
1024 846 1211 893 praeterea
1242 839 1508 877 Ministrorum
1535 849 1579 874 ac

50 906 248 944 Seniorum
284 911 403 951 coetu,
430 911 523 951 tum,
559 918 636 943 non
672 910 866 956 expectato
905 905 979 941 alio
1016 916 1167 940 rursum
1204 902 1263 939 die
1299 900 1416 944 Iovis,
1442 902 1581 951 Super-

49 971 248 1009 intendens
284 975 348 1008 aut
382 970 545 1022 proximi
582 974 668 1021 post
703 970 810 1006 illum
847 969 951 1006 verbi
980 968 1151 1006 Ministri
1180 969 1390 1004 convocant
1417 964 1582 1015 reliquos

53 1036 249 1074 Ministros
291 1049 334 1073 ac
370 1036 544 1073 Seniores
580 1048 722 1078 omnes,
759 1039 799 1072 ut
836 1034 881 1071 de
915 1047 958 1071 eo
996 1033 1154 1071 consilia
1189 1046 1255 1070 sua
1293 1031 1583 1076 communicent,

52 1107 202 1153 propter
229 1102 331 1153 quod
359 1101 446 1138 illos
476 1100 676 1138 convocari
702 1099 913 1150 oportebat.

101 1166 247 1205 Deinde
281 1164 441 1215 singulis
476 1165 667 1203 mensibus
706 1165 830 1211 semel,
865 1177 998 1215 nempe
1034 1163 1155 1215 primo
1200 1176 1350 1214 quoque
1386 1163 1445 1201 die
1480 1163 1585 1200 Iovis

54 1232 233 1283 cuiusque
260 1231 411 1277 mensis,
440 1230 600 1268 habetur
628 1230 740 1268 etiam
768 1229 970 1280 peculiaris
999 1233 1125 1267 coetus
1154 1228 1432 1271 Ministrorum,
1453 1228 1586 1265 Senio-

52 1310 135 1335 rum
163 1300 199 1334 et
227 1296 483 1334 Diaconorum
511 1296 692 1333 omnium.
739 1295 828 1332 Non
857 1294 957 1346 quod
987 1307 1074 1332 cura
1101 1293 1369 1344 gubernandae
1396 1293 1587 1330 Ecclesiae

54 1361 100 1399 ad
128 1361 332 1406 Diaconos,
357 1360 511 1411 perinde
539 1365 651 1411 atque
677 1359 724 1398 ad
754 1359 928 1397 Seniores
954 1359 1056 1411 ipsos
1083 1372 1128 1397 ac
1154 1359 1259 1397 verbi
1288 1358 1487 1396 Ministros
1502 1371 1587 1409 per·

53 1426 183 1470 tineat,
219 1425 282 1463 sed
311 1425 411 1476 quod
440 1425 696 1462 Diaconorum
725 1438 874 1476 quoque
901 1423 1166 1470 ministerium,
1192 1429 1269 1461 tam
1296 1424 1336 1461 in
1365 1422 1589 1472 colligendis

57 1504 168 1541 quam
202 1491 243 1528 in
277 1491 541 1541 dispensandis
577 1491 837 1541 eleemosynis,
862 1490 1096 1541 inculpatum
1124 1493 1237 1540 atque
1264 1489 1592 1540 irreprehensibile

56 1555 186 1593 haberi
231 1555 269 1592 in
314 1554 484 1592 Ecclesia
531 1558 711 1604 oporteat,
758 1554 862 1591 cuius
909 1554 1051 1604 alioqui
1097 1553 1353 1591 Diaconorum
1388 1552 1589 1590 ministerii

55 1620 150 1657 ratio
188 1618 227 1656 in
263 1619 462 1656 menstruis
500 1618 601 1655 hisce
637 1618 806 1656 coetibus
846 1619 958 1666 (520)
993 1617 1231 1668 potissimum
1259 1617 1430 1656 habetur.
1486 1617 1589 1655 Solet

56 1683 157 1722 enim
192 1683 270 1721 fere
304 1682 376 1719 hoc
410 1696 530 1732 genus
565 1682 765 1720 ministerii
793 1682 922 1719 multis
951 1682 1231 1734 suspicionibus
1259 1686 1371 1733 atque
1400 1681 1589 1719 obtrecta-

55 1748 224 1787 tionibus
252 1748 393 1799 passim
421 1761 501 1785 esse
529 1747 751 1787 obnoxium.
810 1748 859 1786 Ut
886 1747 1002 1797 igitur
1029 1748 1191 1785 fidelitas
1220 1747 1476 1785 Diaconorum
1505 1760 1590 1798 per-

59 1818 184 1865 specta
220 1812 281 1858 sit,
318 1826 395 1850 non
431 1817 579 1850 tantum
607 1813 711 1851 verbi
739 1812 929 1851 Ministris
957 1826 1000 1851 ac
1029 1813 1260 1859 Senioribus,
1288 1812 1352 1851 sed
1379 1812 1450 1850 toti
1477 1812 1589 1850 etiam

59 1878 260 1922 Ecclesiae,
297 1877 343 1915 ad
381 1878 451 1916 hoc
486 1877 726 1929 potissimum
768 1883 896 1916 coetus
933 1878 995 1916 hic
1030 1883 1245 1916 menstruus
1281 1878 1514 1922 observatur,
1547 1881 1591 1915 ut

59 1942 220 1980 Diaconi
255 1943 394 1994 pariter
431 1956 573 1989 omnes,
599 1943 803 1994 propositis
833 1956 958 1981 coram
990 1944 1177 1982 Ministris
1206 1957 1248 1981 ac
1276 1944 1498 1981 Senioribus
1527 1957 1589 1981 ac-

59 2011 247 2057 ceptarum
275 2010 312 2044 et
338 2020 582 2058 expensarum
611 2008 932 2058 eleemosynarum
967 2009 1106 2046 mensis
1133 2009 1249 2046 totius
1277 2009 1430 2052 tabulis,
1470 2008 1587 2046 ratio·

60 2084 145 2108 nem
188 2070 336 2108 illarum
383 2071 550 2108 omnium
595 2072 635 2110 in
681 2077 790 2110 coetu
833 2072 900 2110 illo
945 2074 1040 2111 alius
1076 2078 1161 2124 post
1196 2074 1313 2111 alium
1353 2086 1421 2111 suo
1459 2072 1591 2110 ordine

62 2135 286 2174 subducant.
340 2135 597 2174 Denunciatur
633 2141 758 2175 autem
792 2138 830 2175 id
867 2139 937 2176 toti
975 2138 1165 2176 Ecclesiae
1200 2140 1373 2190 proximo
1410 2144 1496 2176 ante
1533 2137 1593 2176 die

64 2199 163 2237 Solis
197 2199 237 2237 in
275 2200 457 2238 concione
491 2201 655 2252 publica,
690 2206 743 2242 ut.
771 2202 803 2239 si
830 2203 914 2253 quis
942 2216 987 2239 ex
1016 2202 1185 2240 Ecclesia
1213 2203 1369 2240 calculis
1395 2203 1472 2240 illis
1501 2202 1594 2240 Dia·

63 2277 244 2302 conorum
281 2264 410 2302 adesse
445 2265 535 2302 velit
570 2265 616 2302 ad
654 2266 972 2316 comprobandam
1010 2266 1266 2304 Diaconorum
1308 2267 1525 2304 fidelitatem
1552 2266 1592 2304 in

62 2329 230 2380 ipsorum
257 2329 480 2373 ministerio,
508 2330 539 2367 is
568 2331 690 2368 coetui
717 2331 789 2381 ipsi
819 2331 1046 2382 calculisque
1074 2331 1331 2369 Diaconorum
1358 2332 1488 2369 adesse
1504 2345 1593 2382 pos·

63 2394 124 2439 sit,
159 2399 200 2432 ut
235 2394 286 2432 ita
324 2394 473 2432 demum
500 2395 623 2433 omnis
653 2396 818 2433 omnium
848 2396 1107 2447 suspicionum
1135 2401 1246 2447 atque
1274 2397 1595 2435 obtrectationum

64 2458 211 2496 occasio
247 2464 471 2510 amputetur.
527 2460 627 2497 Quia
657 2473 743 2498 vero
771 2460 1004 2498 Diaconatus
1032 2460 1281 2499 ministerium
1309 2460 1512 2512 plurimum
1540 2461 1596 2498 la·

67 2522 168 2560 boris
205 2536 248 2561 ac
284 2523 501 2573 diligentiae
537 2524 707 2575 requirit,
743 2525 796 2562 sic
833 2530 874 2564 ut
900 2539 964 2576 per
992 2525 1140 2563 eosdem
1170 2538 1313 2576 semper
1339 2525 1396 2562 illi
1424 2525 1597 2563 satisfieri

64 2600 138 2625 non
174 2588 285 2626 facile
320 2589 450 2640 possit,
487 2589 540 2627 ita
574 2590 671 2627 inter
707 2590 793 2628 illos
829 2591 941 2628 etiam
979 2591 1226 2628 constitutum
1265 2595 1333 2634 est,
1369 2594 1412 2628 ut
1438 2590 1596 2628 alternis

66 2652 258 2690 mensibus
287 2666 414 2691 curam
443 2655 874 2704 colligen-(52l)darum
903 2669 947 2693 ac
976 2654 1312 2706 dispensandarum
1340 2655 1595 2704 eleemosyna-

66 2730 147 2754 rum
175 2717 274 2755 inter
310 2731 388 2756 sese
424 2720 645 2770 partiantur,
682 2724 731 2764 et,
768 2721 832 2771 qui
867 2734 944 2759 uno
972 2734 1099 2759 mense
1127 2721 1201 2758 iam
1229 2726 1351 2758 totum
1378 2734 1474 2759 onus
1503 2721 1597 2758 alio-

67 2781 131 2831 qui
164 2781 363 2819 ministerii
399 2784 669 2827 sustinuerunt,
706 2784 823 2822 altero
853 2799 980 2823 mense
1006 2798 1071 2836 per
1099 2785 1265 2822 eiusdem
1292 2785 1492 2823 ministerii
1520 2786 1599 2822 col-

68 2844 169 2893 legas
204 2859 248 2883 eo
284 2859 398 2884 onere
424 2848 632 2886 liberentur
674 2854 758 2899 post
786 2850 1010 2887 subductam
1037 2863 1177 2892 eorum,
1205 2863 1299 2900 quae
1326 2850 1398 2900 ipsi
1425 2862 1596 2900 percepe-

71 2915 161 2949 runt
196 2915 232 2948 et
268 2911 536 2962 expenderunt,
571 2913 768 2958 rationem,
805 2914 926 2952 donec
961 2927 1107 2953 rursum
1144 2914 1240 2952 alius
1271 2914 1408 2953 mensis
1435 2918 1600 2951 recurrat
