1830 3147
379 129 1775 144 ‘W‘nwvvvwwwvwwvvwvvvvmrJste—rtsraeaewwxmaevvwmm-caewmaewtvw-wvvmwmteta‘aelen

812 512 1350 563 [PRAEFATIO.

736 886 988 925 MINISTRI
1015 887 1207 926 Ecclesiae
1233 887 1427 926 Emdanae
1454 888 1632 926 omnibus
1660 888 1784 927 fideli-

682 952 752 990 bus
797 952 1014 1003 pastoribus
1058 965 1101 989 ac
1147 951 1332 990 ministris
1380 952 1592 990 Comitatus
1639 952 1783 991 Frisiae

682 1016 891 1054 Orientalis
925 1017 1088 1067 gratiam
1124 1029 1167 1054 ac
1195 1029 1325 1067 pacem
1352 1029 1374 1054 a
1400 1017 1511 1055 Patre
1539 1017 1693 1055 coelesti
1719 1030 1785 1068 per

682 1081 810 1119 Iesum
839 1081 1032 1119 Christum
1060 1080 1266 1119 Dominum
1295 1084 1479 1120 nostrum.
1506 1082 1641 1120 Amen.

431 1274 771 1321 Quemadmodum,
816 1274 1054 1313 dilectissimi
1090 1274 1261 1312 Fratres!
1308 1273 1348 1311 in
1393 1273 1570 1312 omnibus
1615 1273 1784 1312 coetibus

379 1342 520 1380 nostris
549 1340 748 1390 diligentes
776 1352 846 1377 nos
873 1343 985 1390 atque
1012 1338 1141 1376 fideles
1168 1338 1209 1376 in
1239 1337 1449 1376 ministerio
1478 1342 1609 1376 nostro
1626 1337 1786 1389 probare

379 1419 572 1453 conamur,
599 1410 638 1444 ut
666 1418 685 1443 e
712 1405 822 1456 plane
850 1417 1026 1456 perverso
1053 1403 1125 1441 hoc
1145 1403 1286 1441 mundo
1308 1402 1474 1440 Domino
1496 1403 1646 1441 Christo
1668 1406 1786 1441 aeter-

377 1485 466 1510 nam
501 1474 791 1522 perpetuamque
826 1468 1037 1507 Ecclesiam
1076 1467 1299 1517 colligamus
1334 1480 1488 1518 eamque
1524 1481 1544 1504 a
1580 1467 1786 1514 iuventute,

378 1536 454 1574 imo
491 1540 526 1574 et
553 1535 673 1586 prima
700 1534 862 1585 pueritia
888 1532 989 1577 inde,
1017 1545 1166 1570 omnem
1194 1531 1265 1569 Dei
1294 1531 1525 1569 voluntatem
1552 1531 1592 1569 in
1621 1530 1786 1569 Domino

380 1600 581 1638 doceamus
613 1621 664 1628 —
692 1598 746 1636 sic
774 1611 925 1649 quoque
951 1596 1123 1648 pluribus
1152 1609 1171 1634 e
1200 1596 1417 1646 symmystis
1446 1595 1588 1633 nostris
1616 1599 1650 1633 et
1678 1595 1786 1633 vobis

379 1666 491 1703 etiam
529 1664 619 1702 satis
657 1663 851 1713 cognitum
887 1666 955 1708 est,
991 1661 1138 1712 quoties
1167 1673 1297 1698 omnes
1326 1661 1402 1698 fere
1430 1660 1564 1697 fratres
1593 1659 1785 1697 monueri-

377 1743 460 1768 mus
488 1733 524 1768 et
550 1727 853 1773 excitaverimus,
880 1732 920 1765 ut
947 1740 1091 1765 summa
1119 1725 1330 1764 niterentur
1357 1724 1553 1774 diligentia
1580 1724 1621 1761 in
1646 1724 1783 1762 sabba-

377 1795 433 1834 thi
468 1794 541 1832 diei
578 1793 915 1832 sanctificationem
943 1792 983 1829 in
1019 1790 1265 1828 concionibus
1303 1789 1379 1827 suis
1415 1788 1684 1840 pomeridianis
1713 1789 1784 1826 Ca-

377 1859 602 1897 techismum
639 1858 826 1909 explicare
863 1861 898 1895 et
935 1856 1008 1894 hoc
1034 1854 1146 1893 modo
1174 1854 1319 1905 plebem
1356 1867 1375 1892 e
1413 1853 1635 1891 deversoriis
1663 1858 1697 1891 et
1725 1854 1784 1891 iu-

379 1928 571 1962 ventutem
600 1936 620 1960 a
648 1923 707 1960 via
735 1921 888 1973 publica
917 1921 1085 1971 adeoque
1113 1919 1160 1956 ab
1190 1919 1294 1956 omni
1315 1918 1479 1956 vanitate
1498 1917 1657 1955 libidine
1673 1922 1784 1968 atque

377 1987 604 2039 procacitate
632 1985 837 2024 continere.
877 1987 910 2023 A
938 1983 1127 2035 plerisque
1153 1982 1270 2032 igitur
1297 1995 1316 2019 e
1344 1981 1451 2019 vobis
1478 1981 1613 2019 iterum
1628 1981 1784 2019 iterum-

377 2065 449 2103 que
476 2051 630 2101 rogatis,
658 2050 697 2088 in
726 2050 827 2088 hunc
853 2062 962 2087 usum
990 2061 1147 2099 parvum
1176 2059 1484 2097 componeremus
1508 2044 1784 2083 catechismum

377 2117 425 2154 ad
454 2120 605 2167 captum
631 2114 838 2153 iuventutis
866 2126 1053 2165 quemque
1081 2125 1210 2150 omnes
1239 2111 1468 2149 unanimiter
1490 2110 1530 2165 in
1550 2110 1621 2147 hac
1641 2109 1785 2148 ditione

378 2181 557 2219 docerent
593 2179 772 2224 ministri,
798 2178 920 2216 visum
949 2181 1005 2215 est
1031 2176 1145 2215 nobis
1173 2176 1374 2225 diligenter
1401 2174 1440 2212 id
1470 2179 1582 2225 atque
1610 2173 1655 2211 de
1682 2187 1781 2212 novo

378 2245 578 2297 suscipere,
614 2244 842 2296 experientia
879 2242 1014 2288 doctis,
1050 2241 1340 2284 Catechismum,
1374 2252 1447 2291 quo
1484 2251 1586 2277 nunc
1622 2251 1687 2289 per
1714 2239 1784 2277 ali-

378 2313 471 2362 quot
508 2322 629 2348 annos
665 2309 725 2347 usi
764 2308 893 2353 simus,
921 2320 1001 2345 esse
1027 2306 1255 2356 longiorem,
1283 2318 1396 2356 quam
1423 2308 1465 2343 ut
1493 2303 1552 2341 bis
1580 2303 1784 2354 quotannis

377 2377 437 2424 (ut
462 2373 640 2412 iuvenilis
667 2371 828 2424 requirit
854 2372 976 2419 aetas)
1004 2369 1112 2421 plene
1139 2369 1412 2407 absolveretur.

431 2634 559 2673 Quare
597 2644 661 2671 vos
697 2629 929 2670 unanimiter
966 2643 1095 2668 omnes
1129 2632 1283 2679 rogatos
1320 2628 1493 2672 velimus,
1529 2625 1600 2664 viri
1627 2625 1783 2664 fratres!

378 2705 524 2750 gratam
562 2699 659 2736 hanc
686 2695 798 2734 nobis
828 2695 1064 2744 diligentiam
1093 2695 1230 2732 referre
1258 2698 1294 2731 et
1322 2691 1599 2733 Catechismum
1628 2690 1784 2735 huncce,

378 2776 479 2802 nunc
503 2763 665 2814 primum
692 2761 733 2798 in
759 2761 880 2797 lucem
908 2758 1064 2803 editum,
1088 2758 1128 2796 in
1156 2771 1267 2795 usum
1296 2760 1457 2794 vestrum
1486 2754 1649 2805 recipere
1670 2758 1704 2791 et
1725 2753 1785 2791 die

379 2826 555 2866 sabbathi
591 2827 629 2864 in
660 2824 792 2863 vestris
822 2823 1002 2861 Ecclesiis
1032 2822 1233 2871 diligenter
1261 2820 1449 2878 explicare
1476 2823 1589 2869 atque
1617 2817 1783 2856 adstrin-

379 2906 466 2949 gere
494 2892 531 2929 in
560 2890 719 2941 gratiam
746 2887 954 2928 iuventutis
981 2890 1018 2925 et
1045 2887 1108 2938 qui
1138 2886 1337 2924 crassiores
1365 2884 1453 2929 sint,
1482 2891 1522 2921 ut
1551 2882 1604 2921 sic
1632 2881 1783 2921 tandem
