1830 3147
833 91 898 126 601
1351 95 1416 141 [A.
1441 94 1488 131 D.
1515 95 1626 143 1545]

148 198 254 236 Quod
280 201 400 239 rcstat,
425 209 555 244 precor,
588 201 627 233 ut
649 197 742 234 dono
765 199 902 235 divinae
927 199 1135 246 cognitionis
1161 201 1195 237 in
1221 203 1255 237 te
1280 201 1462 248 opulenter
1485 203 1627 246 collato,

102 257 146 294 ad
179 261 274 294 tuam
306 257 413 305 ipsius
446 257 768 295 condemnationem
806 271 867 306 per
900 259 1074 306 speciosas
1099 261 1244 298 rationis
1269 261 1438 298 humanae
1463 262 1629 300 adinven-

102 319 214 356 tiones
247 331 291 356 ne
323 319 497 356 abutaris:
533 321 607 355 tum
641 318 732 355 enim
767 320 914 356 maxime
938 320 1140 368 desipimus,
1176 333 1255 359 cum
1280 322 1379 359 nobis
1405 325 1552 360 maxime
1576 337 1630 361 sa·

101 381 234 428 pientes
258 393 334 418 esse
361 381 525 419 videmur.
574 381 661 417 Vale
687 380 797 428 pridie
822 381 1042 419 Catharinae.
1067 383 1128 426 (24
1153 383 1247 420 Nov.
1272 385 1381 429 1545)
1401 385 1442 432 ¹).

144 517 169 556 ¹)
191 517 239 548 Ex
267 528 374 560 praec.
404 518 497 552 Lasci
528 519 566 551 ad
596 520 726 552 fratrem
750 519 911 552 Drusillae
933 519 1026 562 epist.
1050 522 1139 562 patet
1161 520 1200 553 ad
1223 521 1308 554 hunc
1331 533 1448 556 annum
1472 524 1554 556 hanc
1578 535 1629 567 ep.

99 584 167 606 esse
188 574 398 607 referendam.

99 795 163 833 ΝΟ.
190 796 248 831 34.
952 799 1034 844 [ΒΙΜ.
1047 802 1124 836 Brenn.
1137 803 1211 836 mass.
1221 802 1266 835 ΙἸΙ.
1276 804 1369 843 Ρ.3Ι6.
1383 805 1399 835 G
1409 805 1469 836 erd.
1485 803 1533 837 llb.
1551 801 1625 848 62¹]

584 916 641 952 Ad
669 917 892 953 Dnosman
916 918 1111 955 Srssmen.

145 1038 278 1084 Accepi
310 1037 428 1073 literas
464 1042 553 1081 tuas,
588 1049 665 1074 mea
696 1039 809 1075 soror!
833 1038 959 1086 quibus
984 1051 1078 1076 nunc
1104 1044 1244 1087 propter
1268 1055 1361 1079 meas
1385 1045 1631 1091 occupationes

99 1098 218 1145 paucis
244 1096 449 1145 respondere
474 1110 588 1145 cogor.
613 1098 720 1137 Quod
746 1100 857 1135 serius
882 1102 925 1136 ad
951 1112 1026 1136 mea
1050 1102 1279 1148 responderis,
1304 1103 1405 1139 facile
1423 1104 1486 1140 hoc
1506 1106 1631 1151 patior,

97 1162 134 1195 ct
158 1158 253 1195 dolet
277 1158 373 1201 mihi,
400 1159 494 1206 quod
519 1171 572 1194 res
597 1163 678 1195 tuae
702 1159 751 1196 ita
776 1160 846 1196 sint
873 1160 1108 1207 perturbatae.
1135 1163 1374 1210 Suspicionem
1400 1165 1443 1200 de
1465 1169 1525 1200 tua
1536 1165 1629 1213 apud

98 1232 161 1257 nos
192 1219 425 1260 simulatione,
450 1231 525 1255 mea
549 1222 666 1257 soror!
701 1232 770 1256 non
794 1233 860 1269 ego
883 1222 1046 1265 confinxi,
1070 1222 1132 1258 sed
1157 1224 1208 1259 tui
1232 1224 1294 1267 illi,
1319 1226 1377 1272 qui
1403 1229 1438 1261 te
1467 1226 1546 1263 hine
1569 1227 1627 1262 ab·

99 1279 286 1321 duxerunt,
308 1291 379 1315 non
403 1280 495 1327 apud
521 1293 575 1316 me
599 1284 748 1322 tantum,
773 1281 834 1316 sed
858 1282 949 1328 apud
974 1282 1171 1319 universum
1187 1285 1256 1320 sere
1279 1284 1334 1321 hic
1352 1285 1518 1333 populum
1536 1287 1631 1324 illius

97 1344 237 1376 autores
263 1340 418 1376 fuerunt.
453 1340 514 1376 Illi
537 1341 604 1387 ipsi
629 1341 719 1377 enim
745 1341 856 1388 pridie
881 1354 983 1390 quam
1009 1342 1088 1380 hinc
1113 1344 1238 1386 abires,
1263 1349 1298 1380 te
1322 1358 1343 1381 a
1369 1346 1440 1382 tuis
1464 1347 1631 1384 fratribus

95 1401 259 1438 scientem
284 1412 325 1436 ac
350 1402 521 1436 volentem
547 1400 628 1437 hinc
652 1401 791 1444 abduci,
818 1402 910 1449 apud
925 1404 1104 1452 plerosque
1118 1404 1344 1442 affirmarunt.
1371 1407 1477 1445 Quod
1494 1408 1630 1449 scribis,

98 1465 132 1498 te
165 1474 236 1497 non
260 1462 334 1498 fore
358 1463 528 1508 ingratam
554 1473 635 1509 erga
658 1474 736 1502 nos.
763 1475 839 1509 ego,
865 1475 939 1499 mea
963 1466 1076 1501 soror!
1107 1465 1204 1501 nulla
1227 1465 1288 1502 abs
1314 1471 1349 1503 te
1373 1471 1436 1505 ant
1460 1473 1542 1515 peto
1566 1472 1631 1505 aut

97 1527 244 1570 expecto
277 1522 464 1559 officiorum
495 1534 646 1559 meorum
684 1525 844 1569 praemia,
878 1536 957 1561 cum
996 1538 1064 1561 non
1098 1526 1148 1562 ita
1177 1526 1326 1563 multum
1359 1529 1394 1564 in
1421 1532 1455 1564 te
1479 1529 1631 1566 iuvanda

98 1584 339 1630 praestiterim.
389 1584 458 1619 Sed
492 1583 615 1619 vellem
651 1588 689 1619 ut
713 1587 808 1620 tuam
835 1585 1084 1632 gratitudinem
1110 1599 1191 1634 erga
1217 1588 1406 1624 Dominum
1432 1590 1543 1626 Deum
1571 1604 1631 1628 no-

98 1648 206 1680 strum
243 1656 305 1691 pro
328 1648 382 1681 tot
414 1643 515 1680 donis
538 1645 575 1680 in
600 1648 635 1680 te
660 1645 796 1682 collatis
822 1645 1027 1687 declarares.
1055 1651 1090 1683 et
1115 1659 1252 1684 causam
1279 1649 1460 1698 Evangelii
1486 1653 1539 1688 sui
1567 1655 1629 1689 tuo

97 1705 177 1742 hinc
210 1705 255 1741 ad
290 1711 369 1741 tuos
403 1717 536 1741 rursum
572 1705 685 1741 reditu
711 1717 755 1741 nc
779 1717 955 1754 gravares,
979 1707 1070 1754 apud
1098 1708 1303 1746 infirmiores
1329 1713 1545 1757 praesertim.
1572 1714 1630 1760 qui

97 1765 320 1803 consiliorum
347 1769 484 1801 tuorum
508 1765 630 1813 ignari,
652 1765 753 1802 aliter
778 1779 880 1814 quam
906 1770 945 1802 tu
971 1771 1086 1814 putas,
1110 1768 1153 1804 de
1177 1768 1273 1805 abitu
1289 1770 1367 1807 hinc
1387 1772 1631 1816 tuoiudicant,

97 1839 157 1873 per
191 1816 311 1862 hoste}
342 1825 535 1873 Euangelii.
569 1839 639 1862 non
675 1825 749 1863 sine
774 1827 952 1863 doctrinae
978 1833 1116 1864 nostrae
1141 1829 1344 1877 ignominia,
1371 1832 1542 1880 instigati.
1592 1836 1629 1871 Si

95 1889 148 1924 vis
181 1892 314 1934 gratam
349 1891 383 1922 te
412 1898 492 1933 erga
526 1887 711 1922 Dominum
739 1887 850 1923 Deum
877 1892 977 1924 tuum
1004 1889 1176 1931 exhibere,
1202 1892 1280 1926 vide
1307 1903 1350 1927 ne
1376 1904 1419 1928 ex
1445 1899 1505 1928 tna
1530 1906 1629 1930 occa-

95 1950 192 1985 sione
216 1948 462 1984 offendiculum
490 1948 681 1996 Evangelio
706 1948 877 1994 praebeas.
902 1950 994 1988 Quis
1018 1954 1134 1986 autem
1162 1955 1197 1986 te
1222 1953 1402 1989 certiorem
1429 1956 1545 1997 faciat,
1570 1969 1630 1992 nc-

97 2010 220 2047 minem
258 2010 314 2046 vel
348 2010 413 2051 hic,
447 2009 502 2045 vel
534 2009 612 2045 istic
650 2009 753 2045 etiam
783 2017 877 2049 esse.
904 2011 964 2058 qui
988 2022 1058 2047 non
1085 2015 1185 2057 putet
1211 2016 1244 2047 te
1270 2018 1451 2060 propterea
1478 2015 1557 2052 hinc
1581 2016 1625 2052 ad

97 2075 176 2108 tuos
207 2083 344 2107 rursum
381 2071 536 2113 rediisse,
569 2071 660 2118 quod
694 2070 756 2107 tibi
788 2071 901 2107 minus
927 2075 962 2108 et
986 2071 1144 2108 doctrina
1169 2076 1206 2109 et
1228 2075 1444 2111 conversatio
1470 2081 1628 2114 nostrum

97 2131 152 2168 hic
176 2131 328 2167 omnium
351 2129 514 2177 placeret,
536 2142 636 2177 quarn
667 2130 869 2176 placituram
893 2143 970 2166 esse
998 2131 1175 2179 putabas?
1223 2133 1312 2171 Quis
1336 2134 1418 2170 item
1445 2141 1478 2172 te
1504 2138 1628 2174 certio-

97 2205 167 2229 rem
193 2193 309 2234 saciat,
333 2192 503 2228 neminem
528 2203 602 2227 esse
628 2203 668 2227 ex
695 2191 850 2228 hostibus
874 2192 1066 2240 Evangelii.
1091 2194 1148 2241 qui
1174 2194 1305 2230 abitum
1332 2196 1411 2232 hinc
1436 2201 1532 2233 tuum
1559 2211 1629 2236 nou

94 2253 330 2291 accommodet
365 2253 407 2288 ad
444 2251 730 2299 proscindendam
765 2252 1063 2301 infamandamque
1094 2259 1129 2288 et
1153 2253 1347 2291 doctrinam
1373 2261 1409 2292 et
1433 2257 1626 2295 Ecclesiam

94 2319 245 2352 nostram
274 2314 493 2349 universam?
519 2314 578 2349 An
603 2325 698 2354 vero,
725 2313 756 2349 si
780 2313 862 2361 quid
889 2313 990 2350 huius
1016 2315 1089 2356 flat,
1113 2316 1328 2352 occasionem
1355 2320 1394 2353 tu
1413 2319 1625 2356 offendiculo

93 2376 152 2413 isti
186 2374 368 2422 Evangelii
399 2378 460 2410 tuo
493 2373 572 2410 hinc
605 2374 701 2410 abitu
737 2379 817 2421 post
852 2386 1008 2421 sparsum
1032 2387 1053 2410 a
1078 2376 1149 2412 tuis
1175 2376 1279 2412 talem
1305 2377 1358 2413 hic
1383 2378 1425 2414 de
1450 2384 1484 2415 te
1509 2392 1624 2416 rumo-

93 2449 163 2473 rem
190 2449 258 2472 non
282 2435 433 2471 dedisti?
483 2435 541 2471 An
567 2436 649 2471 item
673 2435 898 2482 gratitudinis
924 2447 1001 2471 esse
1027 2440 1139 2482 putaS.
1165 2437 1374 2474 offendiculo
1400 2451 1473 2476 esse
1498 2441 1625 2478 doctri·

93 2509 157 2534 nae
179 2496 287 2535 illius.
311 2507 432 2542 nempe
457 2495 536 2537 Dei.
562 2507 583 2531 a
608 2508 677 2543 quo
702 2499 756 2532 tot
781 2499 817 2532 et
841 2499 939 2533 tanta
965 2496 1055 2532 dona
1082 2498 1271 2544 recepisti?
1311 2500 1431 2538 Quare
1457 2503 1565 2550 magis
1590 2507 1625 2540 te

93 2558 280 2595 sollicitam
313 2569 389 2593 esse
424 2555 562 2598 vellem,
604 2568 676 2592 mea
702 2557 820 2593 soror!
845 2557 887 2593 de
912 2557 1126 2605 gratitudine
1152 2571 1234 2606 erga
1259 2560 1372 2597 Deum
1399 2562 1621 2607 declaranda,

90 2631 192 2666 quam
229 2630 329 2669 erga-
343 2628 408 2658 me,
443 2617 503 2664 qui
527 2621 589 2652 aut
615 2617 700 2653 nihil
724 2625 786 2654 aut
809 2631 929 2665 parum
957 2618 1022 2654 tibi
1046 2620 1218 2666 praestiti,
1244 2624 1350 2668 utque
1376 2624 1622 2663 offendiculum

93 2680 169 2721 hoc.
202 2679 260 2715 cui
296 2678 393 2714 abitu
428 2677 508 2714 hinc
544 2681 617 2718 tuo,
643 2691 837 2727 quanquam
864 2678 1076 2726 imprudens,
1103 2681 1317 2717 occasionem
1344 2683 1483 2727 dedisti,
1507 2687 1623 2734 aliquo

92 2752 225 2777 rursum
251 2740 354 2776 modo
379 2739 491 2775 tollas.
534 2740 604 2776 Res
630 2745 708 2777 tuas
731 2753 817 2788 quas
843 2741 986 2776 voluisti
1013 2753 1099 2778 uxor
1124 2754 1198 2778 mea
1225 2743 1289 2780 tibi
1315 2746 1474 2783 remittit.
1519 2750 1621 2787 Quae

89 2803 192 2839 etiam
222 2815 243 2845 a
276 2815 330 2839 me
361 2802 503 2850 petiisti,
534 2815 574 2838 ca
598 2802 812 2838 curabuntur
836 2802 948 2843 facile,
973 2810 1082 2849 neque
1107 2815 1186 2851 ego,
1209 2817 1284 2840 mea
1307 2807 1427 2843 soror!
1453 2820 1528 2843 sum
1557 2809 1620 2845 tibi

89 2863 270 2901 defuturus
306 2875 455 2913 unquam
491 2873 552 2912 pro
584 2873 658 2901 mea
693 2862 876 2904 tenuitate,
909 2862 937 2899 si
973 2861 1075 2901 modo
1110 2865 1145 2899 tc
1169 2863 1402 2905 Christianam
1429 2878 1501 2907 csse
1526 2867 1618 2909 velle
