1830 3147
139 86 186 123 12

132 198 342 237 libertatem
378 199 436 244 iis,
475 199 539 250 qui
569 199 676 236 illam
702 199 828 250 adepti
853 205 989 245 essent,
1016 200 1081 238 sed
1108 204 1144 238 et
1170 199 1255 239 illos
1282 201 1323 239 in
1351 203 1454 240 omni
1481 203 1661 243 charitate

132 263 307 301 ferendos
334 263 592 315 iuvandosque
619 276 709 310 esse,
736 264 812 316 qui,
839 278 914 316 quo
943 265 1091 309 vellent,
1108 279 1174 317 per
1192 270 1401 318 temporum
1421 267 1660 319 iniquitatem

131 328 288 366 eluctari
315 329 437 366 adhuc
464 341 541 366 non
568 333 734 380 possent.
774 329 920 368 Horum
949 331 1003 369 ita
1030 331 1150 369 visum
1178 334 1234 369 est
1260 332 1399 383 pluries
1427 345 1470 370 ac
1498 332 1658 383 diligen·

130 397 186 431 ter
213 393 357 432 moneri
381 393 580 438 Ecclesias,
606 394 825 446 priusquam
853 396 898 434 de
925 396 1059 434 ritibus
1084 396 1172 434 ullis
1190 396 1434 435 instituendis
1454 397 1658 449 quidquam

131 461 259 509 οιῃ-(β
287 458 438 507 5³)nino
465 463 702 505 statueretur,
728 464 770 498 ut
796 461 947 499 illorum
976 461 1171 499 diversitas
1197 475 1316 513 neque
1334 463 1516 512 Anglicas
1534 467 1662 515 postea

132 522 319 561 Ecclesias
356 522 557 562 offenderet
593 528 629 562 et
667 528 813 564 nostras
840 526 931 564 item
958 526 996 564 in
1026 527 1229 565 servandae
1257 540 1340 565 cum
1366 527 1443 566 illis
1472 529 1662 567 societatis

130 588 257 627 officiis
293 587 540 626 nihilominus
566 589 753 629 retineret.
806 591 940 631 Postea
967 591 1107 629 rituum
1135 592 1257 629 forma
1284 593 1464 643 quaedam
1495 593 1662 631 conscri-

129 653 298 697 bebatur,
335 657 382 696 et,
418 653 633 705 priusquam
670 654 940 700 institueretur,
979 668 1103 693 coram
1142 655 1312 694 Ecclesia
1338 660 1420 695 tota
1445 671 1511 709 per
1537 664 1661 709 partes

128 731 213 754 suas
258 717 515 769 explicabatur
557 718 899 771 scripturarumque
946 720 1172 758 testimoniis
1220 721 1527 768 confirmabatur,
1561 724 1660 761 facta

126 782 238 820 etiam
271 787 455 833 potestate
490 783 678 827 omnibus,
716 790 757 822 ut
793 797 862 822 nos
897 789 1065 823 amanter
1101 785 1357 831 admonerent,
1397 787 1428 825 si
1455 801 1529 838 qua
1556 792 1661 839 parte

128 847 201 885 sibi
236 848 420 899 quispiam
457 848 690 887 satisfactum
718 862 794 887 non
823 863 901 888 esse
929 850 1168 889 existimaret.
1222 851 1283 889 Ita
1312 865 1397 890 vero
1425 853 1502 890 iam
1528 853 1662 891 edocta

127 912 307 957 Ecclesia,
333 918 376 951 ut
402 927 522 965 neque
550 913 767 952 scissionem
796 915 958 967 aliquam
986 915 1066 953 fieri
1092 915 1318 965 intelligeret
1344 921 1495 968 propter
1522 918 1659 956 rituum

126 978 343 1016 varietatem
380 983 415 1017 et
454 984 552 1017 certa
590 984 686 1018 esset
722 981 833 1018 etiam
870 981 967 1019 nihil
1002 981 1074 1018 sibi
1111 981 1385 1020 observandum
1422 996 1522 1027 esse,
1559 984 1661 1035 quod

127 1043 321 1081 doctrinae
347 1048 457 1095 atque
485 1045 741 1083 observationi
767 1046 1008 1097 Apostolicae
1036 1060 1113 1084 non
1139 1046 1309 1098 proxime
1335 1047 1590 1098 responderet,
1609 1070 1660 1077 —

127 1112 279 1146 ventum
315 1112 370 1146 est
402 1109 553 1146 tandem
589 1109 633 1146 ad
671 1110 810 1148 rituum
847 1124 996 1162 quoque
1033 1112 1172 1149 nostris
1210 1111 1390 1149 Ecclesiis
1416 1113 1661 1163 peculiarium

126 1173 414 1212 institutionem.
469 1173 514 1211 In
543 1173 680 1224 quibus
706 1175 857 1212 interim
885 1175 1050 1226 aliquam
1079 1175 1191 1213 etiam
1220 1176 1438 1214 varietatem
1466 1176 1563 1215 inter
1590 1190 1660 1215 no·

128 1242 223 1276 stras
258 1237 422 1288 ipsorum
461 1238 644 1276 Ecslesias
682 1239 917 1283 retinuimus,
954 1240 1125 1290 exiguam
1162 1240 1315 1291 quidem
1350 1241 1466 1286 illam,
1502 1246 1538 1279 et-
1565 1256 1661 1293 quae

127 1316 205 1341 non
242 1303 359 1341 cuivis
395 1308 489 1341 esset
526 1304 739 1355 conspicua,
777 1305 840 1342 sed
878 1319 973 1356 quae
1009 1305 1192 1343 indicium
1220 1310 1347 1343 tamen
1374 1306 1526 1347 faceret.
1554 1321 1659 1345 suam

128 1368 260 1418 cuique
296 1368 485 1406 Ecclesiae
522 1368 732 1406 libertatem
772 1369 840 1406 hac
876 1371 915 1407 in
953 1374 1058 1421 parte
1096 1374 1279 1409 constare.
1334 1370 1428 1408 Eam
1466 1384 1578 1423 porro
1606 1372 1660 1410 ita

126 1446 278 1484 parvam
315 1433 531 1471 varietatem
557 1433 774 1484 prosequuti
803 1434 863 1471 hic
892 1434 1137 1486 undequaque
1164 1448 1242 1473 non
1271 1449 1410 1480 sumus,
1436 1436 1511 1474 nisi
1539 1436 1661 1476 sicubi

127 1500 171 1548 (β
193 1499 251 1545 5¹³)
279 1497 314 1534 id
345 1510 402 1535 res
428 1496 509 1547 ipsa
537 1497 615 1535 visa
642 1503 698 1536 est
724 1499 926 1549 postulare,
955 1499 1018 1537 sed
1048 1499 1293 1537 Germanicae
1319 1501 1557 1551 potissimum
1584 1502 1659 1540 Ec-

129 1563 260 1600 clesiae
295 1562 430 1600 ritibus
468 1563 750 1601 conscribendis
789 1577 938 1615 operam
975 1564 1156 1607 dedimus}
1193 1565 1294 1616 quod
1332 1570 1368 1604 et
1395 1566 1460 1603 illa
1486 1580 1507 1604 a
1534 1580 1593 1605 me
1619 1568 1659 1605 id

126 1628 361 1680 peculiariter
397 1632 548 1680 peteret,
584 1632 619 1666 et
654 1642 724 1678 ego
752 1630 974 1667 familiarius
1001 1631 1041 1668 in
1069 1631 1133 1668 illa
1161 1631 1270 1669 etiam
1299 1636 1451 1683 propter
1476 1633 1657 1670 maiorem

125 1694 275 1743 linguae
310 1707 418 1731 usum
457 1707 633 1732 versarer.
687 1694 879 1745 Quicquid
909 1699 1030 1733 autem
1060 1695 1170 1733 huius
1199 1700 1266 1739 est,
1295 1696 1474 1734 humilius
1503 1697 1653 1747 quidem

125 1773 204 1797 esse
231 1772 407 1809 agnosco,
434 1772 544 1809 quam
572 1763 613 1796 ut
641 1759 708 1796 sub
739 1760 841 1797 Tuae
871 1759 1080 1797 Maiestatis
1108 1760 1260 1798 nomine
1285 1760 1325 1797 in
1345 1761 1538 1811 publicum
1560 1761 1661 1799 exire

128 1824 314 1861 debuerit:
345 1823 497 1861 videbar
534 1824 625 1861 mihi
661 1828 784 1861 tamen
821 1824 1111 1875 haudquaquam
1147 1828 1284 1862 temere
1312 1825 1477 1862 facturus
1505 1839 1596 1870 esse,
1626 1826 1657 1862 si

126 1890 198 1927 hoc
224 1889 359 1940 ipsum,
393 1890 501 1940 quale
529 1889 638 1940 quale
666 1893 733 1934 est,
760 1890 862 1927 Tuae
890 1889 1062 1940 inprimis
1093 1889 1296 1934 Maiestati,
1325 1889 1458 1927 deinde
1486 1890 1654 1941 Amplis-

127 1954 221 1991 simo
256 1954 455 1991 Procerum
493 1954 660 1991 Tuorum
689 1953 841 1991 Senatui
869 1958 978 2004 atque
1006 1953 1180 1991 omnibus
1208 1954 1300 1991 adeo
1328 1954 1451 2004 Regni
1480 1954 1552 1991 Tui
1581 1954 1658 1992 Or-

127 2018 279 2056 dinibus
308 2018 528 2056 dedicarem.
558 2018 723 2055 Primum
753 2017 853 2055 enim
883 2017 999 2056 debiti
1026 2018 1105 2069 ipsa
1134 2018 1205 2055 mei
1233 2031 1319 2067 erga
1349 2019 1402 2056 Te
1420 2018 1652 2070 patriamque

126 2095 246 2120 meam
279 2083 374 2120 ratio
410 2096 430 2119 a
469 2096 526 2120 me
560 2082 598 2119 id
640 2082 719 2126 iure
756 2082 918 2133 quodam
957 2095 1022 2119 suo
1052 2082 1222 2131 flagitare
1247 2082 1468 2134 iampridem
1496 2083 1655 2123 videtur.

127 2152 166 2186 ut
201 2161 322 2186 meum
357 2147 398 2185 in
436 2147 514 2184 Vos
551 2147 717 2196 studium
757 2152 868 2198 atque
905 2147 1182 2185 observantiam
1210 2148 1336 2198 aliquo
1364 2161 1447 2185 meo
1476 2147 1658 2186 eiusmodi

127 2213 245 2251 officio
283 2217 478 2256 contester,
515 2225 589 2264 quo
616 2213 738 2264 palam
766 2214 832 2250 fiat
859 2213 947 2261 (etsi
975 2227 996 2250 a
1024 2213 1162 2251 nostris
1190 2212 1275 2251 istic
1302 2213 1657 2264 ventrispiritalibus

125 2278 386 2329 indignissime
421 2292 502 2316 sum
537 2282 719 2316 tractatus
747 2291 883 2329 perque
910 2278 1062 2315 illorum
1089 2278 1326 2328 tyrannidem
1353 2291 1505 2329 peregre
1533 2278 1656 2316 vivere

127 2345 272 2393 cogor),
306 2343 403 2380 nihil
436 2356 494 2380 mc
526 2346 652 2380 tamen
687 2343 770 2380 ideo
808 2356 971 2393 unquam
1009 2343 1053 2380 de
1084 2342 1158 2380 fide
1186 2342 1495 2392 observantiaque
1521 2342 1560 2379 in
1586 2356 1656 2393 pa-

124 2408 234 2446 triam
268 2421 389 2445 meam
424 2407 621 2451 remisisse,
658 2407 720 2445 sed
758 2407 796 2444 id
824 2421 966 2458 semper
993 2407 1028 2445 in
1060 2407 1157 2444 votis
1185 2406 1360 2444 habuisse
1387 2411 1497 2456 atque
1524 2406 1655 2444 etiam-

127 2486 215 2511 num
252 2472 402 2517 habere,
437 2477 491 2518 ut,
520 2472 550 2510 si
577 2473 655 2510 ullo
683 2472 795 2510 modo
823 2485 970 2522 queam,
996 2472 1139 2522 patriae
1166 2485 1267 2509 meae
1295 2471 1451 2520 obsequi
1479 2470 1655 2521 prodesse

127 2540 162 2573 et
197 2534 400 2585 gratificari
434 2535 593 2586 cupiam,
630 2538 768 2586 qua-(fi
798 2538 965 2582 6aJtenus
1001 2533 1036 2571 id
1067 2534 1217 2584 quidem
1244 2537 1324 2570 tuta
1352 2545 1432 2569 mea
1461 2534 1654 2571 conscien-

125 2599 178 2636 tia
212 2599 316 2636 iuxta
344 2598 498 2636 Domini
527 2599 595 2636 Dei
624 2600 743 2637 nostri
772 2599 1003 2636 voluntatem
1030 2598 1124 2635 mihi
1150 2598 1272 2640 liceat,
1300 2609 1454 2647 cumque
1482 2610 1524 2634 eo
1552 2611 1655 2635 nunc

127 2664 202 2701 sint
235 2663 320 2700 loco
356 2675 414 2699 res
450 2675 562 2703 meae,
599 2666 641 2700 ut
675 2666 934 2714 praeterquam
972 2663 1169 2700 scribendo
1205 2662 1364 2714 patriam
1400 2674 1421 2698 a
1448 2675 1507 2699 me
1533 2676 1653 2700 meam

125 2728 243 2766 iuvari
281 2728 386 2765 aliter
423 2740 499 2765 non
532 2740 642 2778 posse
676 2728 833 2770 videam,
869 2740 936 2779 pro
975 2728 1094 2764 officio
1130 2740 1212 2765 meo
1249 2740 1306 2764 me
1343 2727 1463 2763 facere
1490 2731 1594 2777 puto,
1623 2728 1654 2765 si

126 2794 226 2846 quod
261 2806 329 2844 pro
365 2806 446 2830 mea
481 2792 663 2830 tenuitate
698 2806 863 2844 possum,
897 2798 1084 2844 praestare
1117 2792 1157 2831 id
1193 2792 1304 2831 etiam
1333 2804 1455 2830 coner.
1509 2792 1655 2830 Deinde

128 2858 201 2896 huc
229 2871 286 2896 me
311 2857 486 2895 invitavit
513 2857 615 2895 Tuae
645 2857 853 2895 Maiestatis
880 2857 1092 2908 praedicata
1120 2858 1258 2903 multis,
1295 2861 1331 2895 et
1359 2857 1450 2894 mihi
1477 2871 1522 2896 ex
1548 2862 1652 2908 parte
