1830 3147
237 122 313 161 176

233 232 458 276 nicatorum,
506 231 536 269 si
571 231 807 282 resipiscant,
851 231 891 270 in
929 235 1075 270 coetum
1112 247 1244 271 rursus
1280 234 1476 273 Ecclesiae
1512 235 1779 286 receptionem,

233 310 297 348 per
342 297 532 347 publicam
570 296 843 347 poenitentiam
882 301 918 335 et
954 297 1315 338 reconciliationem.
1370 300 1419 337 Et
1457 300 1650 337 observari
1686 301 1778 338 haec

235 362 360 399 omnia
402 366 550 412 oportet
577 361 675 399 inter
701 374 831 400 omnes
861 362 1022 400 invicem
1051 364 1185 401 fratres
1214 364 1405 402 Ecclesiae
1434 366 1515 402 sine
1543 366 1620 403 ulla
1650 366 1776 403 cuius-

234 441 343 479 quam
374 428 595 478 exceptione
623 427 792 472 omnine,
820 427 886 478 qui
915 428 1026 465 modo
1056 441 1093 466 se
1121 428 1312 467 Ecclesiae
1340 430 1526 476 adiunxit,
1555 430 1633 468 sive
1661 430 1708 468 sit
1734 430 1775 468 in

232 492 456 537 ministerio,
485 493 562 530 sive
590 506 665 531 non
695 493 743 531 sit
770 493 810 530 in
838 493 1198 542 mini-(283)sterio,
1226 495 1303 533 sive
1332 495 1381 533 sit
1409 509 1591 541 summus,
1615 495 1693 533 sive
1714 496 1775 534 in-

231 558 356 596 fimus.
411 557 571 595 Subesse
606 557 705 595 enim
743 557 894 595 Christo
933 557 1107 607 Domino:
1135 564 1282 610 oportet
1309 560 1525 597 universum
1555 573 1689 611 corpus
1715 560 1774 612 ip-

233 622 323 668 sius,
359 626 540 673 tanquam
576 635 721 660 summo
758 623 871 673 capiti
905 626 1035 660 nostro
1074 623 1255 661 omnium.
1291 625 1331 662 in
1369 611 1564 662 doctrinae
1591 638 1678 662 suae
1706 625 1775 662 ob-

233 686 458 731 servatione,
495 686 641 724 etiamsi
669 686 838 724 membra
866 687 905 724 in
935 699 1090 737 corpore
1117 688 1190 724 alia
1218 689 1304 726 aliis
1333 689 1446 737 longe
1475 690 1552 727 sint
1579 693 1775 740 praestan-

231 750 341 789 tiora.
380 751 514 802 Neque
543 765 631 789 sane
658 755 805 802 pugnat
834 763 917 788 cum
946 751 1200 789 membrorum
1230 753 1549 804 praestantiorum
1579 753 1777 803 dignitate,

233 816 297 853 sed
337 815 440 853 illam
479 820 590 854 ornat
625 817 765 867 potius,
802 815 833 854 si
871 819 1018 867 sceptro
1058 817 1162 866 regio
1201 814 1343 855 Christi
1370 817 1537 865 Domini,
1573 818 1685 856 verbo
1714 818 1774 856 in-

232 893 345 931 quam
372 880 489 932 ipsius
517 885 553 918 et
580 880 659 918 eius
689 880 889 931 disciplina
917 884 1109 930 regantur.

284 946 390 984 Haec
426 960 512 985 vero
549 946 602 984 ita
638 946 797 997 praefati
826 946 870 983 de
899 946 1100 997 disciplina
1130 946 1409 992 Ecclesiastica,
1436 946 1481 984 ad
1510 947 1774 998 exponendum

231 1012 306 1049 iam
343 1011 493 1050 demum
529 1011 630 1048 illius
658 1011 695 1048 in
727 1011 867 1048 nostris
895 1010 957 1048 hic
985 1011 1166 1049 Ecclesiis
1193 1025 1302 1049 usum
1331 1012 1534 1050 veniemus.
1587 1012 1651 1059 Et,
1678 1026 1773 1064 quo-

232 1077 334 1115 niam
369 1077 477 1127 plura
513 1076 761 1113 observentur
795 1075 835 1113 in
864 1076 1061 1113 retinendo
1091 1075 1189 1114 inter
1219 1076 1417 1114 Ministros
1446 1077 1666 1128 disciplinae
1693 1091 1776 1124 usu,

233 1155 344 1193 quam
371 1142 470 1179 inter
496 1141 677 1192 reliquam
704 1141 899 1178 Ecclesiae
925 1141 1087 1191 plebem,
1115 1154 1157 1178 eo
1187 1142 1289 1192 quod
1316 1141 1373 1179 illi
1400 1146 1437 1179 et
1456 1142 1621 1193 reliquae
1641 1142 1772 1180 Eccle-

233 1207 308 1244 siae
338 1206 453 1244 veluti
480 1205 705 1257 exemplaria
734 1205 916 1256 quaedam
945 1218 1024 1243 esse
1053 1210 1088 1243 et
1118 1218 1243 1243 curam
1271 1210 1461 1256 praeterea
1489 1219 1532 1243 ac
1562 1206 1771 1244 custodiam

231 1271 448 1310 retinendae
475 1271 711 1322 tuendaeque
740 1284 846 1308 verae
873 1270 910 1308 in
941 1271 1006 1307 illa
1024 1270 1219 1320 religionis
1239 1271 1375 1309 habere
1396 1271 1532 1309 debent
1550 1272 1593 1319 ¹),
1610 1271 1771 1322 primum

234 1337 278 1374 de
314 1350 385 1374 usu
423 1336 642 1387 disciplinae
669 1336 708 1373 in
735 1335 844 1386 plebe
871 1334 1077 1382 Ecclesiae,
1105 1335 1239 1373 deinde
1266 1348 1352 1373 vero
1382 1335 1427 1373 de
1456 1336 1526 1381 his,
1554 1349 1647 1386 quae
1673 1335 1773 1373 inter

235 1402 433 1440 Ministros
461 1402 563 1453 ipsos
592 1401 853 1446 observantur,
882 1400 1062 1439 dicemus.
1115 1401 1224 1438 Prius
1253 1405 1376 1438 autem
1405 1400 1608 1451 privatum.
1636 1400 1771 1438 deinde

234 1480 320 1506 vero
348 1467 542 1518 publicum
569 1466 672 1504 illius
700 1479 810 1504 usum
839 1478 1081 1516 exponemus.
1557 1474 1559 1476 ·

637 1569 707 1619 [ΒΕ
736 1580 809 1606 usu
839 1577 1098 1605 DISCIPL1NAE
1127 1578 1170 1605 IN
1200 1569 1358 1617 Penne]

510 1698 569 1736 De
602 1697 756 1747 privato
794 1698 1022 1746 disciplinae
1058 1697 1491 1747 Ecclesia-(284)stieae

791 1775 859 1800 usu
895 1761 935 1800 in
968 1764 1073 1811 plebe
1110 1762 1208 1812 ipsa.

283 1854 450 1893 Primum
494 1858 696 1893 monentur
741 1867 1005 1905 saepenumero
1054 1854 1092 1891 in
1139 1854 1308 1891 Ecclesia
1360 1866 1489 1891 omnes
1531 1854 1571 1892 in
1607 1854 1771 1905 publicis

233 1920 481 1958 concionibus
517 1920 561 1957 de
596 1919 807 1970 praecipuis
842 1919 1024 1970 cuiusque
1062 1919 1283 1968 singillatim
1311 1919 1453 1962 officiis,
1483 1932 1576 1969 quae
1606 1919 1684 1956 sine
1711 1921 1770 1956 of—

233 1985 423 2024 fendiculo
450 1984 651 2022 intermitti
678 1997 756 2021 non
783 1988 954 2035 possunt.
992 1984 1077 2021 Etsi
1104 1984 1204 2021 enim
1232 1997 1367 2032 magna
1396 1984 1445 2021 sit
1473 1984 1678 2021 officiorum
1706 1998 1771 2022 va-

232 2051 345 2088 rietas
381 2062 449 2101 pro
485 2049 618 2086 aetatis
660 2048 842 2099 cuiusque
879 2048 1194 2099 vocationumque
1221 2048 1427 2085 multarum
1454 2048 1611 2093 ratione,
1649 2049 1702 2085 sic
1730 2052 1771 2086 ut

234 2115 281 2153 ad
310 2116 436 2152 omnia
462 2114 527 2151 illa
553 2112 778 2164 praestanda
806 2112 1084 2150 admonitiones
1112 2112 1217 2150 iuxta
1245 2125 1354 2149 usum
1385 2112 1605 2163 disciplinae
1624 2112 1772 2150 institui

234 2194 310 2219 non
339 2180 497 2231 possint,
526 2192 609 2216 cum
640 2178 684 2216 de
711 2191 839 2215 eorum
868 2178 1039 2227 neglectu
1067 2190 1143 2215 non
1171 2177 1344 2228 protinus
1375 2182 1546 2214 constare
1573 2182 1696 2227 queat,
1721 2198 1771 2206 —

236 2250 323 2284 sunt
355 2249 481 2283 tamen
510 2243 691 2295 quaedam
717 2243 837 2294 plebis
866 2243 905 2280 in
934 2243 1102 2280 Ecclesia
1131 2242 1262 2288 officia,
1291 2255 1384 2292 quae
1413 2242 1458 2278 ab
1488 2242 1675 2285 omnibus,
1707 2242 1772 2292 qui

234 2324 302 2363 pro
339 2309 518 2348 membris
555 2308 748 2346 Ecclesiae
784 2307 916 2345 haberi
952 2308 1095 2354 volunt,
1132 2308 1184 2344 ita
1222 2312 1310 2344 sunt
1336 2307 1546 2350 retinenda,
1574 2311 1772 2344 uteorum

237 2375 407 2414 custodia
435 2375 482 2413 ad
511 2388 616 2412 usum
649 2373 870 2424 disciplinae
897 2373 1082 2424 pertineat
1109 2372 1277 2415 omnino,
1305 2385 1426 2422 neque
1453 2372 1498 2408 ad
1527 2372 1676 2408 illorum
1706 2384 1771 2407 ne-

236 2440 458 2490 gligentiam
495 2439 689 2476 conniveri
718 2438 793 2475 ullo
821 2438 934 2474 modo
963 2441 1026 2475 aut
1055 2438 1186 2475 debeat
1214 2441 1276 2474 aut
1302 2438 1434 2487 possit.
1485 2437 1540 2474 Ea
1570 2449 1655 2474 vero
1683 2449 1770 2485 par-

236 2505 305 2542 tim
340 2504 534 2542 intuentur
571 2503 691 2541 Deum
727 2503 849 2553 ipsum
889 2503 928 2540 in
967 2503 1069 2540 cultu
1098 2508 1208 2553 atque
1237 2502 1451 2539 obedientia
1477 2501 1608 2552 ipsius,
1635 2501 1771 2551 partim

241 2569 437 2607 Ministros
474 2568 665 2606 Ecclesiae
701 2567 874 2619 publicos
910 2567 1137 2618 illorumque
1174 2567 1438 2609 ministerium,
1475 2566 1609 2616 partim
1645 2570 1769 2603 autem

240 2638 406 2671 mutuam
434 2634 595 2671 invicem
623 2634 781 2671 fratrum
810 2633 851 2670 in
880 2632 1048 2670 Ecclesia
1077 2633 1244 2670 omnium
1275 2632 1502 2669 societatem.

292 2697 423 2735 Officia
449 2698 568 2748 plebis
595 2698 714 2735 totius
741 2697 780 2734 in
809 2696 978 2734 Ecclesia
1006 2701 1042 2734 et
1070 2697 1236 2734 omnium
1265 2696 1518 2734 membrorum
1545 2695 1658 2741 illius,
1679 2709 1772 2746 quae

241 2761 361 2799 Deum
397 2761 519 2812 ipsum
558 2761 597 2798 in
633 2762 733 2798 cultu
770 2764 881 2811 atque
918 2760 1132 2799 obedientia
1167 2761 1284 2812 ipsius
1311 2761 1518 2806 intuentur,
1546 2762 1656 2808 (285)
1685 2763 1773 2797 sunt

241 2827 282 2864 in
309 2826 353 2863 iis
381 2825 617 2876 potissimum
645 2826 791 2876 posita:

289 2911 313 2953 ¹>
338 2911 354 2942 1
380 2911 449 2943 Pet.
473 2911 501 2943 5.
