1830 3147
1652 118 1696 154 13

160 218 313 267 cognita
341 218 452 256 etiam
482 217 676 256 clementia
705 222 815 269 atque
841 232 927 268 erg-a
959 234 1081 258 veram
1108 223 1328 272 religionem
1356 226 1556 276 propensio
1574 212 1698 278 ‘quae-

159 282 258 328 dam,
292 295 406 333 quam
442 281 613 333 equidem
642 282 680 320 in
710 282 799 321 viris
827 285 1043 335 praesertim
1070 285 1311 338 Principibus
1339 301 1417 327 non
1445 290 1700 329 commendari

159 347 286 393 modo,
322 347 387 385 sed
422 347 544 397 magis
581 360 624 385 ac
659 347 779 397 magis
817 348 937 387 indies
964 349 1077 388 etiam
1106 364 1150 389 ex
1179 353 1292 390 verbo
1321 352 1392 392 Dei
1420 355 1577 393 excitari
1605 368 1696 395 con-

159 411 296 450 veniat.
358 410 419 449 Ad
465 411 556 449 haec
591 411 685 449 mihi
720 412 887 450 animum
924 426 1072 465 quoque
1109 415 1346 461 addiderunt,
1383 432 1478 469 quae
1513 419 1625 457 istinc
1661 419 1698 458 et

154 488 221 525 per
255 474 381 512 literas
419 473 621 512 multorum
658 473 696 512 et
731 488 795 526 per
830 476 990 514 nuncios
1027 477 1138 515 etiam
1177 479 1410 525 adferuntur,
1447 495 1580 533 nempe
1615 495 1698 521 om·

157 539 262 577 nium
298 539 374 576 fere
412 538 572 585 animos,
605 539 929 578 Antichristianae
962 541 1039 579 iam
1075 543 1286 592 tyrannidis
1321 545 1462 596 alioqui
1496 551 1701 598 pertaesos,

154 608 262 642 tanto
298 603 384 642 istic
422 604 702 655 amplectendae
738 604 933 644 doctrinae
971 607 1112 646 Christi
1149 608 1273 646 studio
1311 610 1350 648 in
1379 611 1458 649 eius
1486 611 1697 662 Euangelio

156 682 332 707 accensos
376 682 470 715 esee,
513 674 556 708 ut
593 670 714 708 Tuam
753 670 991 710 Maiestatem
1026 673 1066 710 in
1102 673 1265 724 publicis
1303 676 1411 724 regni
1448 677 1620 716 Cornitiis
1653 691 1697 716 eo

154 734 235 786 ipso
274 735 427 773 nomine
465 735 691 774 unanimiter
719 736 766 774 ab
795 737 971 776 universo
1000 738 1198 777 Nobilium
1230 741 1399 778 omnium
1427 743 1593 780 virorum
1623 743 1697 781 Or-

156 798 242 836 dine
279 799 503 851 appellatam
539 813 619 838 esse
656 801 867 847 audiamus,
903 816 1020 854 eoque
1047 804 1170 854 plane,
1207 805 1311 856 quod
1338 806 1429 844 felix
1457 808 1698 859 faustumque

155 864 222 902 sit!
251 869 418 915 spectare
446 867 573 915 om—(ss
603 866 744 914 6b)nia‚
770 871 812 904 ut
841 880 923 918 spes
952 868 999 905 sit
1030 868 1132 907 brevi
1160 873 1197 907 et
1222 870 1309 908 istic
1330 873 1600 922 expectandam
1618 886 1698 912 esse

154 942 218 979 per
246 928 317 967 Dei
343 929 504 979 gratiam
532 930 789 968 Ecclesiarum
816 932 1108 972 restitutionem.

207 992 296 1030 Huc
331 1006 417 1031 vero
455 1007 539 1032 cum
574 994 682 1032 labor
719 996 840 1034 omnis
877 1001 1006 1036 noster
1042 998 1084 1036 in
1111 998 1184 1036 hoc
1211 999 1337 1038 libello
1366 1006 1496 1039 nostro
1523 1002 1696 1053 inprimis

153 1060 337 1110 pertineat
369 1064 406 1097 et
435 1060 549 1098 alicui
576 1061 676 1099 forte
703 1062 788 1100 usui
815 1075 894 1100 esse
921 1063 1034 1101 etiam
1062 1065 1193 1115 possit,
1221 1078 1298 1103 non
1327 1065 1394 1103 abs
1422 1079 1461 1104 re
1483 1080 1547 1105 me
1573 1068 1694 1106 factu-

154 1137 236 1162 rum
275 1123 452 1168 iudicavi,
493 1124 524 1162 si
550 1124 655 1163 illum
684 1126 755 1164 toti
783 1139 886 1165 meae
913 1128 1061 1166 Patriae
1089 1129 1159 1167 sub
1189 1130 1262 1168 Tui
1290 1131 1457 1169 nominis
1484 1133 1695 1182 patrocinio

153 1188 395 1238 assignarem.
438 1189 564 1240 Atque
590 1195 646 1233 est
673 1204 731 1229 res
760 1205 848 1230 sane
877 1192 989 1242 digna
1019 1207 1163 1232 summa
1190 1195 1340 1246 piorum
1369 1198 1536 1235 omnium
1563 1202 1695 1247 gratu-

153 1253 306 1298 latione,
341 1253 463 1291 sicubi
498 1253 672 1304 Regnum
702 1255 844 1294 Christi
871 1256 1027 1295 Domini
1053 1258 1094 1296 in
1123 1259 1293 1298 doctrina
1322 1262 1380 1298 sui
1408 1262 1608 1312 Euangelii
1635 1277 1694 1302 re·

154 1317 349 1356 florescere
384 1318 580 1366 audimus3
619 1319 684 1358 sed
721 1334 864 1359 summa
901 1326 980 1360 tum
1009 1323 1158 1361 demum
1185 1325 1298 1363 etiam
1327 1326 1521 1377 diligentia
1550 1342 1593 1366 ac
1622 1329 1694 1366 cir-

155 1383 429 1434 sumspectione
466 1396 558 1434 opus
594 1388 661 1425 est.
698 1398 744 1423 ne
781 1387 851 1424 sub
878 1392 1073 1438 praetextu
1102 1402 1146 1427 ac
1177 1390 1264 1428 fuco
1293 1390 1504 1442 Euangelii‚
1532 1399 1597 1432 aut
1624 1407 1694 1432 no·

153 1461 242 1487 vum
285 1462 415 1486 rursus
460 1449 616 1500 aliquod
649 1451 862 1500 tyrannidis
898 1466 1018 1502 genus
1054 1454 1266 1501 invehatur,
1303 1461 1367 1495 aut
1404 1459 1515 1496 sectis
1551 1459 1694 1511 alioqui

153 1513 341 1558 omnibus,
377 1517 490 1565 atque
525 1515 579 1552 ita
621 1515 770 1554 demum
810 1517 1006 1556 Atheismo
1044 1520 1169 1566 etiam,
1205 1521 1368 1560 fenestra
1405 1524 1604 1574 aperiatur,
1641 1524 1689 1563 ad

154 1589 262 1627 quem
292 1589 393 1615 nunc
420 1577 583 1615 maxima
610 1578 686 1616 fere
714 1579 907 1618 hominum
936 1594 1022 1632 pars
1051 1583 1176 1620 nescio
1205 1584 1395 1634 quomodo
1423 1586 1607 1629 inclinare
1635 1587 1690 1625 vi-

156 1641 276 1680 detur.
330 1641 437 1679 Haec
475 1646 563 1680 sunt
600 1656 763 1695 namque
792 1645 952 1684 Satanae
980 1650 1089 1690 artes,
1125 1652 1179 1693 ut,
1214 1663 1286 1700 qua
1315 1654 1418 1700 parte
1446 1665 1485 1689 se
1513 1651 1564 1696 id,
1591 1653 1692 1703 quod

154 1704 256 1756 cupit
285 1705 447 1750 leonina,
475 1706 576 1756 quod
605 1706 755 1752 dicitur,
782 1710 921 1747 efficere
940 1723 1012 1748 non
1035 1724 1145 1761 posse
1164 1713 1277 1758 videt,
1296 1714 1487 1765 vulpinam
1508 1716 1580 1753 sibi
1602 1730 1691 1768 pro-

149 1770 252 1808 tinus
289 1775 467 1815 assumat,
503 1771 576 1809 hoc
611 1776 680 1818 est,
714 1774 746 1811 si
782 1780 907 1825 aperta
938 1775 973 1813 vi
1001 1776 1152 1815 Christo
1184 1777 1350 1817 Domino
1378 1793 1586 1831 repugnare
1612 1796 1690 1821 non

150 1839 271 1885 queat,
298 1840 458 1873 sectator
486 1849 635 1888 quoque
662 1842 697 1876 et
725 1837 805 1890 ipse
833 1839 1033 1890 Euangelii
1061 1847 1173 1893 atque
1202 1844 1315 1882 etiam
1342 1858 1475 1896 praeco
1503 1847 1605 1886 illius
1634 1849 1689 1887 vi-

151 1899 229 1937 deri
256 1900 355 1946 velit,
382 1913 461 1952 quo
489 1902 640 1940 tandem
669 1903 943 1942 fraudulentius
971 1909 1135 1957 nego-(5
1167 1909 1322 1955 7²¹)tium
1351 1924 1456 1948 suum
1486 1916 1586 1961 agat.
1629 1914 1689 1952 Ita

148 1965 319 2016 equidem
357 1979 441 2004 cum
459 1966 642 2018 ,Papismi
668 1968 898 2020 impietatem
923 1971 1044 2020 magis
1073 1978 1201 2010 notam
1227 1987 1306 2012 esse
1332 1975 1407 2013 iam
1434 1976 1548 2021 videt,
1575 1991 1686 2028 quam

149 2035 191 2068 ut
228 2032 286 2069 vel
321 2033 490 2070 excusari
524 2046 653 2071 revera
690 2034 766 2072 ullo
795 2035 907 2073 modo
937 2036 994 2074 vel
1021 2037 1134 2075 etiam
1164 2038 1392 2078 dissimulari
1419 2042 1550 2092 possit,
1577 2056 1686 2093 aegre

149 2095 300 2146 quidem
326 2097 429 2134 illam
464 2098 605 2148 patitur
632 2099 788 2147 aboleri,
815 2105 926 2152 atque
954 2102 1046 2140 adeo
1074 2116 1152 2141 non
1179 2106 1442 2155 praetermittit
1469 2108 1687 2159 quidquam,

148 2161 251 2212 quod
279 2161 326 2199 ad
351 2175 431 2199 eam
459 2163 640 2201 tuendam
666 2165 744 2202 ullo
773 2179 925 2217 prorsus
952 2168 1065 2205 modo
1092 2169 1288 2220 pertineat,
1316 2171 1379 2210 sed
1397 2172 1484 2223 quia
1506 2173 1686 2225 intelligit

147 2227 363 2265 diuturnam
391 2240 469 2265 esse
496 2242 571 2266 non
600 2243 709 2281 posse
737 2231 814 2268 eius
844 2231 1111 2279 defensionem,
1138 2235 1271 2287 incipit
1297 2242 1334 2275 et
1360 2237 1439 2289 ipse
1466 2239 1683 2290 Papismum

145 2305 211 2343 per
251 2305 337 2330 suos
365 2293 547 2343 quosdam
576 2307 772 2342 accusare;
802 2296 865 2334 sed
895 2297 968 2334 huc
997 2303 1139 2349 spectat
1166 2300 1329 2346 interim,
1357 2307 1395 2340 ut
1424 2304 1483 2341 vel
1510 2307 1683 2355 tyranni-

148 2357 232 2395 dem
258 2357 458 2407 tyrannide
487 2363 689 2397 commutet
714 2373 856 2411 proque
884 2375 957 2399 uno
984 2362 1086 2401 illius
1114 2365 1233 2415 capite
1261 2367 1376 2404 multa
1405 2368 1595 2415 obtrudat,
1613 2373 1684 2417 vel,

145 2422 307 2460 adducta
336 2422 373 2460 in
403 2422 530 2460 odium
559 2424 744 2474 Papistica
772 2427 972 2475 tyrannide
1000 2429 1213 2467 universam
1233 2431 1343 2470 simul
1364 2433 1475 2471 etiam
1493 2435 1684 2475 Ecclesiae

146 2486 471 2535 gubernationem,
498 2488 670 2538 inprimis
698 2503 785 2527 vcro
814 2490 1023 2540 legitimum
1049 2493 1088 2530 in
1117 2494 1182 2532 illa
1210 2508 1255 2533 ex
1284 2497 1397 2535 verbo
1423 2497 1495 2536 Dei
1515 2499 1681 2552 discipli-

145 2563 214 2588 nae
240 2564 364 2594 usum,
401 2551 561 2590 invisum
596 2553 718 2591 modis
747 2555 923 2594 omnibus
952 2557 1105 2596 reddere
1132 2558 1246 2611 inque
1272 2561 1482 2612 Papisticae
1510 2567 1681 2615 tyranni-

146 2616 202 2654 dis
229 2621 333 2667 parte
361 2620 522 2655 statuere
549 2622 660 2668 atque
686 2619 737 2656 ita
767 2619 915 2658 demum
943 2623 1128 2661 malorum
1155 2626 1322 2664 omnium
1350 2627 1541 2668 licentiam
1569 2635 1681 2682 atque

143 2680 405 2732 impunitatem
452 2681 628 2720 inducere
675 2689 841 2724 conetur.
896 2685 1070 2726 Vidimus
1107 2702 1196 2728 sane
1232 2690 1305 2732 iam
1341 2693 1484 2732 minine
1520 2695 1680 2735 obscura

145 2745 340 2796 utriusque
365 2745 476 2784 istius
506 2750 663 2786 conatus
690 2748 812 2795 initia,
839 2755 874 2788 et
902 2752 1053 2802 quidem
1080 2753 1126 2792 iis
1152 2755 1391 2806 potissimum
1419 2759 1525 2805 locis,
1543 2761 1681 2811 quibus

146 2809 318 2848 doctrina
344 2809 544 2860 Euangelii
570 2812 790 2863 iampridem
817 2815 1017 2865 insigniter
1043 2818 1255 2869 praedicata
1283 2821 1366 2861 fuit.
1398 2822 1587 2863 Nimirum
1617 2839 1679 2864 ve·

140 2873 327 2912 rissimum
362 2879 428 2917 est,
462 2876 561 2926 qnod
600 2877 711 2925 vulgo
749 2879 822 2919 dici
860 2881 964 2927 solet,
1001 2882 1177 2921 Satanam
1208 2897 1390 2936 nusquam
1420 2888 1509 2925 alibi
1541 2890 1677 2928 maiore
