<?xml version="1.0" encoding="UTF-8"?>
<!DOCTYPE html PUBLIC "-//W3C//DTD XHTML 1.0 Transitional//EN"
    "http://www.w3.org/TR/xhtml1/DTD/xhtml1-transitional.dtd">
<html xmlns="http://www.w3.org/1999/xhtml" xml:lang="en" lang="en">
 <head>
  <title>
</title>
<meta http-equiv="Content-Type" content="text/html;charset=utf-8" />
  <meta name='ocr-system' content='tesseract 3.04.00' />
  <meta name='ocr-capabilities' content='ocr_page ocr_carea ocr_par ocr_line ocrx_word'/>
</head>
<body>
  <div class='ocr_page' id='page_1' title='image "./operatameditaqua02lask_0598.png"; bbox 0 0 1830 3147; ppageno 0'>
   <div class='ocr_carea' id='block_1_1' title="bbox 215 100 1016 150">
    <p class='ocr_par' dir='ltr' id='par_1_1' title="bbox 215 100 1016 150">
     <span class='ocr_line' id='line_1_1' title="bbox 215 100 1016 150; baseline -0.004 -12"><span class='ocrx_word' id='word_1_1' title='bbox 215 101 276 150; x_wconf 89' lang='lat' dir='ltr'><strong>[A.</strong></span> <span class='ocrx_word' id='word_1_2' title='bbox 303 101 348 138; x_wconf 88' lang='lat' dir='ltr'><strong>D.</strong></span> <span class='ocrx_word' id='word_1_3' title='bbox 375 101 487 148; x_wconf 74' lang='lat'><strong>1544]</strong></span> <span class='ocrx_word' id='word_1_4' title='bbox 949 100 1016 140; x_wconf 85' lang='lat'><strong>578</strong></span> 
     </span>
    </p>
   </div>
   <div class='ocr_carea' id='block_1_2' title="bbox 214 207 1752 382">
    <p class='ocr_par' dir='ltr' id='par_1_2' title="bbox 214 207 1752 382">
     <span class='ocr_line' id='line_1_2' title="bbox 214 207 1752 259; baseline 0.001 -13"><span class='ocrx_word' id='word_1_5' title='bbox 214 222 349 246; x_wconf 87' lang='lat' dir='ltr'><strong>mecum</strong></span> <span class='ocrx_word' id='word_1_6' title='bbox 374 209 429 246; x_wconf 90' lang='lat' dir='ltr'><strong>hic</strong></span> <span class='ocrx_word' id='word_1_7' title='bbox 455 221 530 246; x_wconf 84' lang='lat' dir='ltr'><strong>esse</strong></span> <span class='ocrx_word' id='word_1_8' title='bbox 555 208 658 254; x_wconf 78' lang='lat' dir='ltr'><strong>velis,</strong></span> <span class='ocrx_word' id='word_1_9' title='bbox 682 209 775 245; x_wconf 88' lang='lat' dir='ltr'><strong>veni.</strong></span> <span class='ocrx_word' id='word_1_10' title='bbox 800 207 925 245; x_wconf 75' lang='lat' dir='ltr'><strong>Embd,</strong></span> <span class='ocrx_word' id='word_1_11' title='bbox 951 208 1121 256; x_wconf 79' lang='lat' dir='ltr'><strong>postridie</strong></span> <span class='ocrx_word' id='word_1_12' title='bbox 1146 210 1278 246; x_wconf 83' lang='lat' dir='ltr'><strong>Iacobi.</strong></span> <span class='ocrx_word' id='word_1_13' title='bbox 1306 211 1368 259; x_wconf 77' lang='lat'><strong>[26</strong></span> <span class='ocrx_word' id='word_1_14' title='bbox 1387 209 1490 259; x_wconf 90' lang='lat' dir='ltr'><strong>Iulii]</strong></span> <span class='ocrx_word' id='word_1_15' title='bbox 1517 211 1621 247; x_wconf 87' lang='lat' dir='ltr'><strong>Anno</strong></span> <span class='ocrx_word' id='word_1_16' title='bbox 1647 211 1752 248; x_wconf 83' lang='lat'><strong>1544.</strong></span> 
     </span>
     <span class='ocr_line' id='line_1_3' title="bbox 265 271 1750 320; baseline 0.001 -13"><span class='ocrx_word' id='word_1_17' title='bbox 265 271 328 320; x_wconf 90' lang='lat' dir='ltr'><strong>[In</strong></span> <span class='ocrx_word' id='word_1_18' title='bbox 360 271 483 308; x_wconf 85' lang='lat' dir='ltr'><strong>dorso:</strong></span> <span class='ocrx_word' id='word_1_19' title='bbox 517 272 616 307; x_wconf 81' lang='lat' dir='ltr'><strong>Doct.</strong></span> <span class='ocrx_word' id='word_1_20' title='bbox 641 272 711 307; x_wconf 77' lang='lat' dir='ltr'><strong>viro</strong></span> <span class='ocrx_word' id='word_1_21' title='bbox 736 271 782 308; x_wconf 91' lang='lat' dir='ltr'><strong>D.</strong></span> <span class='ocrx_word' id='word_1_22' title='bbox 807 271 852 309; x_wconf 88' lang='lat' dir='ltr'><strong>A.</strong></span> <span class='ocrx_word' id='word_1_23' title='bbox 877 272 1002 316; x_wconf 66' lang='lat' dir='ltr'><strong>Hard„</strong></span> <span class='ocrx_word' id='word_1_24' title='bbox 1036 272 1183 316; x_wconf 61' lang='lat' dir='ltr'><strong>Phr-isio,</strong></span> <span class='ocrx_word' id='word_1_25' title='bbox 1211 273 1320 310; x_wconf 73' lang='lat' dir='ltr'><strong>Theol.</strong></span> <span class='ocrx_word' id='word_1_26' title='bbox 1346 273 1401 310; x_wconf 89' lang='lat' dir='ltr'><strong>D..</strong></span> <span class='ocrx_word' id='word_1_27' title='bbox 1427 273 1646 319; x_wconf 69' lang='lat' dir='ltr'><strong>Arqentorati</strong></span> <span class='ocrx_word' id='word_1_28' title='bbox 1669 285 1750 309; x_wconf 83' lang='lat' dir='ltr'><strong>com-</strong></span> 
     </span>
     <span class='ocr_line' id='line_1_4' title="bbox 215 333 848 382; baseline 0 -13"><span class='ocrx_word' id='word_1_29' title='bbox 215 335 367 378; x_wconf 72' lang='lat' dir='ltr'><strong>moranti,</strong></span> <span class='ocrx_word' id='word_1_30' title='bbox 382 335 500 380; x_wconf 76' lang='lat' dir='ltr'><strong>fratri</strong></span> <span class='ocrx_word' id='word_1_31' title='bbox 524 334 559 369; x_wconf 78' lang='lat' dir='ltr'><strong>in</strong></span> <span class='ocrx_word' id='word_1_32' title='bbox 584 334 682 370; x_wconf 79' lang='lat' dir='ltr'><strong>Dmn.</strong></span> <span class='ocrx_word' id='word_1_33' title='bbox 707 333 848 382; x_wconf 62' lang='lat' dir='ltr'><strong>obsera]</strong></span> 
     </span>
    </p>
   </div>
   <div class='ocr_carea' id='block_1_3' title="bbox 221 423 452 430">
    <p class='ocr_par' dir='ltr' id='par_1_3' title="bbox 221 423 452 430">
     <span class='ocr_line' id='line_1_5' title="bbox 221 423 452 430; baseline 0 0"><span class='ocrx_word' id='word_1_34' title='bbox 221 423 452 430; x_wconf 95' lang='lat' dir='ltr'><strong> </strong></span> 
     </span>
    </p>
   </div>
   <div class='ocr_carea' id='block_1_4' title="bbox 209 469 1757 1797">
    <p class='ocr_par' dir='ltr' id='par_1_4' title="bbox 209 469 1757 1797">
     <span class='ocr_line' id='line_1_6' title="bbox 258 469 1753 512; baseline 0.001 -11"><span class='ocrx_word' id='word_1_35' title='bbox 258 470 284 511; x_wconf 92' lang='lat'><strong>¹)</strong></span> <span class='ocrx_word' id='word_1_36' title='bbox 309 469 439 501; x_wconf 82' lang='lat' dir='ltr'><strong>Gabriel</strong></span> <span class='ocrx_word' id='word_1_37' title='bbox 462 469 517 501; x_wconf 92' lang='lat' dir='ltr'><strong>illc</strong></span> <span class='ocrx_word' id='word_1_38' title='bbox 540 469 662 512; x_wconf 89' lang='lat' dir='ltr'><strong>pluries</strong></span> <span class='ocrx_word' id='word_1_39' title='bbox 684 470 718 502; x_wconf 90' lang='lat' dir='ltr'><strong>in</strong></span> <span class='ocrx_word' id='word_1_40' title='bbox 741 469 835 502; x_wconf 85' lang='lat' dir='ltr'><strong>Lasci</strong></span> <span class='ocrx_word' id='word_1_41' title='bbox 858 469 1005 512; x_wconf 86' lang='lat' dir='ltr'><strong>epistolis</strong></span> <span class='ocrx_word' id='word_1_42' title='bbox 1028 470 1135 502; x_wconf 85' lang='lat' dir='ltr'><strong>nuntii</strong></span> <span class='ocrx_word' id='word_1_43' title='bbox 1159 470 1262 502; x_wconf 87' lang='lat' dir='ltr'><strong>officio</strong></span> <span class='ocrx_word' id='word_1_44' title='bbox 1279 471 1415 512; x_wconf 84' lang='lat' dir='ltr'><strong>fungens</strong></span> <span class='ocrx_word' id='word_1_45' title='bbox 1431 469 1560 502; x_wconf 78' lang='lat' dir='ltr'>aliunde</span> <span class='ocrx_word' id='word_1_46' title='bbox 1576 472 1671 502; x_wconf 87' lang='lat' dir='ltr'><strong>notus</strong></span> <span class='ocrx_word' id='word_1_47' title='bbox 1688 480 1753 502; x_wconf 91' lang='lat' dir='ltr'><strong>non</strong></span> 
     </span>
     <span class='ocr_line' id='line_1_7' title="bbox 216 525 1755 568; baseline 0.001 -11"><span class='ocrx_word' id='word_1_48' title='bbox 216 529 274 564; x_wconf 87' lang='lat' dir='ltr'><strong>est,</strong></span> <span class='ocrx_word' id='word_1_49' title='bbox 303 525 365 557; x_wconf 88' lang='lat' dir='ltr'><strong>nisi</strong></span> <span class='ocrx_word' id='word_1_50' title='bbox 394 525 480 557; x_wconf 82' lang='lat' dir='ltr'><strong>idom</strong></span> <span class='ocrx_word' id='word_1_51' title='bbox 508 525 564 557; x_wconf 86' lang='lat' dir='ltr'><strong>ille</strong></span> <span class='ocrx_word' id='word_1_52' title='bbox 594 525 724 557; x_wconf 83' lang='lat' dir='ltr'><strong>Gabriel</strong></span> <span class='ocrx_word' id='word_1_53' title='bbox 753 527 908 568; x_wconf 85' lang='lat' dir='ltr'><strong>Autverp.</strong></span> <span class='ocrx_word' id='word_1_54' title='bbox 931 525 983 564; x_wconf 89' lang='lat' dir='ltr'><strong>sit,</strong></span> <span class='ocrx_word' id='word_1_55' title='bbox 1007 525 1061 567; x_wconf 91' lang='lat' dir='ltr'><strong>qui</strong></span> <span class='ocrx_word' id='word_1_56' title='bbox 1085 525 1221 557; x_wconf 88' lang='lat' dir='ltr'><strong>senioris</strong></span> <span class='ocrx_word' id='word_1_57' title='bbox 1243 526 1339 557; x_wconf 84' lang='lat' dir='ltr'><strong>titulo</strong></span> <span class='ocrx_word' id='word_1_58' title='bbox 1363 528 1494 558; x_wconf 85' lang='lat' dir='ltr'><strong>ornatus</strong></span> <span class='ocrx_word' id='word_1_59' title='bbox 1516 525 1637 568; x_wconf 76' lang='lat' dir='ltr'><strong>Synodi</strong></span> <span class='ocrx_word' id='word_1_60' title='bbox 1659 526 1755 560; x_wconf 85' lang='lat' dir='ltr'><strong>Emd.</strong></span> 
     </span>
     <span class='ocr_line' id='line_1_8' title="bbox 214 581 1755 624; baseline 0 -11"><span class='ocrx_word' id='word_1_61' title='bbox 214 582 305 620; x_wconf 74' lang='lat' dir='ltr'><strong>actis,</strong></span> <span class='ocrx_word' id='word_1_62' title='bbox 329 583 373 614; x_wconf 69' lang='lat'><strong>3⁰.</strong></span> <span class='ocrx_word' id='word_1_63' title='bbox 398 581 478 614; x_wconf 80' lang='lat'><strong>1571</strong></span> <span class='ocrx_word' id='word_1_64' title='bbox 502 581 727 624; x_wconf 83' lang='lat' dir='ltr'><strong>promulgatis,</strong></span> <span class='ocrx_word' id='word_1_65' title='bbox 751 581 860 612; x_wconf 85' lang='lat' dir='ltr'><strong>infimo</strong></span> <span class='ocrx_word' id='word_1_66' title='bbox 884 581 956 612; x_wconf 91' lang='lat' dir='ltr'><strong>loco</strong></span> <span class='ocrx_word' id='word_1_67' title='bbox 980 581 1185 622; x_wconf 83' lang='lat' dir='ltr'><strong>subscripsit.</strong></span> <span class='ocrx_word' id='word_1_68' title='bbox 1208 581 1259 613; x_wconf 90' lang='lat' dir='ltr'><strong>Cf.</strong></span> <span class='ocrx_word' id='word_1_69' title='bbox 1275 581 1432 613; x_wconf 76' lang='lat' dir='ltr'><strong>HoorEn.</strong></span> <span class='ocrx_word' id='word_1_70' title='bbox 1451 581 1579 613; x_wconf 83' lang='lat' dir='ltr'><strong>Nederl.</strong></span> <span class='ocrx_word' id='word_1_71' title='bbox 1598 581 1755 614; x_wconf 80' lang='lat' dir='ltr'><strong>Kerkord.</strong></span> 
     </span>
     <span class='ocr_line' id='line_1_9' title="bbox 213 636 1753 679; baseline -0.001 -10"><span class='ocrx_word' id='word_1_72' title='bbox 213 637 372 671; x_wconf 83' lang='lat' dir='ltr'><strong>Bommel.</strong></span> <span class='ocrx_word' id='word_1_73' title='bbox 395 636 476 668; x_wconf 81' lang='lat'><strong>1865</strong></span> <span class='ocrx_word' id='word_1_74' title='bbox 500 648 531 679; x_wconf 91' lang='lat' dir='ltr'><strong>p.</strong></span> <span class='ocrx_word' id='word_1_75' title='bbox 556 637 606 668; x_wconf 84' lang='lat'><strong>65.</strong></span> <span class='ocrx_word' id='word_1_76' title='bbox 651 638 678 676; x_wconf 74' lang='grc'><strong>2)</strong></span> <span class='ocrx_word' id='word_1_77' title='bbox 710 637 812 669; x_wconf 82' lang='lat' dir='ltr'><strong>Hard.</strong></span> <span class='ocrx_word' id='word_1_78' title='bbox 834 638 913 668; x_wconf 89' lang='lat' dir='ltr'><strong>tunc</strong></span> <span class='ocrx_word' id='word_1_79' title='bbox 943 636 1152 678; x_wconf 80' lang='lat' dir='ltr'><strong>Argentorati</strong></span> <span class='ocrx_word' id='word_1_80' title='bbox 1176 647 1220 668; x_wconf 84' lang='lat' dir='ltr'><strong>sc.</strong></span> <span class='ocrx_word' id='word_1_81' title='bbox 1250 637 1518 669; x_wconf 80' lang='lat' dir='ltr'><strong>commorabatur.</strong></span> <span class='ocrx_word' id='word_1_82' title='bbox 1541 637 1583 670; x_wconf 87' lang='lat' dir='ltr'><strong>cf.</strong></span> <span class='ocrx_word' id='word_1_83' title='bbox 1605 636 1753 678; x_wconf 80' lang='lat' dir='ltr'><strong>inscript.</strong></span> 
     </span>
     <span class='ocr_line' id='line_1_10' title="bbox 214 692 1752 735; baseline -0.001 -10"><span class='ocrx_word' id='word_1_84' title='bbox 214 694 240 734; x_wconf 83' lang='lat'><strong>3)</strong></span> <span class='ocrx_word' id='word_1_85' title='bbox 264 694 390 725; x_wconf 83' lang='lat' dir='ltr'><strong>Aulicis</strong></span> <span class='ocrx_word' id='word_1_86' title='bbox 423 704 467 725; x_wconf 91' lang='lat' dir='ltr'><strong>sc.</strong></span> <span class='ocrx_word' id='word_1_87' title='bbox 512 694 544 733; x_wconf 79' lang='lat'><strong>⁴)</strong></span> <span class='ocrx_word' id='word_1_88' title='bbox 566 693 616 725; x_wconf 87' lang='lat' dir='ltr'><strong>Cf.</strong></span> <span class='ocrx_word' id='word_1_89' title='bbox 651 693 692 726; x_wconf 90' lang='lat' dir='ltr'><strong>U.</strong></span> <span class='ocrx_word' id='word_1_90' title='bbox 720 693 871 730; x_wconf 80' lang='lat' dir='ltr'><strong>EMMIUS,</strong></span> <span class='ocrx_word' id='word_1_91' title='bbox 899 704 930 735; x_wconf 94' lang='lat' dir='ltr'><strong>p.</strong></span> <span class='ocrx_word' id='word_1_92' title='bbox 962 693 1034 724; x_wconf 77' lang='lat'><strong>925.</strong></span> <span class='ocrx_word' id='word_1_93' title='bbox 1079 694 1105 732; x_wconf 80' lang='grc'><strong>5)</strong></span> <span class='ocrx_word' id='word_1_94' title='bbox 1130 692 1295 725; x_wconf 85' lang='lat' dir='ltr'><strong>Hardenb.</strong></span> <span class='ocrx_word' id='word_1_95' title='bbox 1322 695 1400 724; x_wconf 86' lang='lat' dir='ltr'><strong>tunc</strong></span> <span class='ocrx_word' id='word_1_96' title='bbox 1430 693 1494 724; x_wconf 89' lang='lat' dir='ltr'><strong>iam</strong></span> <span class='ocrx_word' id='word_1_97' title='bbox 1522 692 1709 724; x_wconf 85' lang='lat' dir='ltr'>Hermanno</span> <span class='ocrx_word' id='word_1_98' title='bbox 1733 692 1752 724; x_wconf 68' lang='grc' dir='ltr'><strong>ἐι</strong></span> 
     </span>
     <span class='ocr_line' id='line_1_11' title="bbox 213 749 1753 792; baseline -0.001 -11"><span class='ocrx_word' id='word_1_99' title='bbox 213 750 314 781; x_wconf 81' lang='lat' dir='ltr'><strong>cha</strong></span> <span class='ocrx_word' id='word_1_100' title='bbox 336 750 397 791; x_wconf 82' lang='lat' dir='ltr'><strong>Ep.</strong></span> <span class='ocrx_word' id='word_1_101' title='bbox 421 749 491 781; x_wconf 85' lang='lat' dir='ltr'><strong>Col.</strong></span> <span class='ocrx_word' id='word_1_102' title='bbox 514 749 724 781; x_wconf 79' lang='lat' dir='ltr'><strong>concionator</strong></span> <span class='ocrx_word' id='word_1_103' title='bbox 748 752 816 781; x_wconf 84' lang='lat' dir='ltr'><strong>erat</strong></span> <span class='ocrx_word' id='word_1_104' title='bbox 840 749 1035 791; x_wconf 83' lang='lat' dir='ltr'><strong>designatus.</strong></span> <span class='ocrx_word' id='word_1_105' title='bbox 1059 749 1100 781; x_wconf 88' lang='lat' dir='ltr'><strong>cf.</strong></span> <span class='ocrx_word' id='word_1_106' title='bbox 1123 749 1457 787; x_wconf 80' lang='lat' dir='ltr'><strong>SCHWECKENDIECK,</strong></span> <span class='ocrx_word' id='word_1_107' title='bbox 1479 759 1511 792; x_wconf 85' lang='lat' dir='ltr'><strong>p.</strong></span> <span class='ocrx_word' id='word_1_108' title='bbox 1536 749 1585 780; x_wconf 89' lang='grc'><strong>16.</strong></span> <span class='ocrx_word' id='word_1_109' title='bbox 1623 749 1649 786; x_wconf 73' lang='lat'><strong>⁶)</strong></span> <span class='ocrx_word' id='word_1_110' title='bbox 1675 749 1753 780; x_wconf 81' lang='lat' dir='ltr'><strong>Her-</strong></span> 
     </span>
     <span class='ocr_line' id='line_1_12' title="bbox 213 804 1757 837; baseline -0.001 -1"><span class='ocrx_word' id='word_1_111' title='bbox 213 806 336 836; x_wconf 83' lang='lat' dir='ltr'><strong>manu&#39;s</strong></span> <span class='ocrx_word' id='word_1_112' title='bbox 369 805 600 837; x_wconf 87' lang='lat' dir='ltr'><strong>Ertzbischoffs</strong></span> <span class='ocrx_word' id='word_1_113' title='bbox 629 805 695 836; x_wconf 89' lang='lat' dir='ltr'><strong>und</strong></span> <span class='ocrx_word' id='word_1_114' title='bbox 719 805 935 837; x_wconf 85' lang='lat' dir='ltr'><strong>Churfiirsten</strong></span> <span class='ocrx_word' id='word_1_115' title='bbox 958 815 995 836; x_wconf 93' lang='lat' dir='ltr'><strong>zu</strong></span> <span class='ocrx_word' id='word_1_116' title='bbox 1019 805 1113 836; x_wconf 70' lang='lat' dir='ltr'><strong>Colln</strong></span> <span class='ocrx_word' id='word_1_117' title='bbox 1137 804 1214 837; x_wconf 82' lang='lat' dir='ltr'><strong>einf.</strong></span> <span class='ocrx_word' id='word_1_118' title='bbox 1236 804 1410 836; x_wconf 85' lang='lat' dir='ltr'><strong>Bedenken</strong></span> <span class='ocrx_word' id='word_1_119' title='bbox 1434 804 1512 836; x_wconf 83' lang='lat' dir='ltr'><strong>iiber</strong></span> <span class='ocrx_word' id='word_1_120' title='bbox 1534 805 1605 836; x_wconf 86' lang='lat' dir='ltr'><strong>cine</strong></span> <span class='ocrx_word' id='word_1_121' title='bbox 1634 804 1757 835; x_wconf 85' lang='lat' dir='ltr'><strong>Christ·</strong></span> 
     </span>
     <span class='ocr_line' id='line_1_13' title="bbox 212 861 1752 903; baseline -0.001 -10"><span class='ocrx_word' id='word_1_122' title='bbox 212 862 296 893; x_wconf 87' lang='lat' dir='ltr'><strong>liche</strong></span> <span class='ocrx_word' id='word_1_123' title='bbox 331 861 402 894; x_wconf 80' lang='lat' dir='ltr'><strong>Ref.</strong></span> <span class='ocrx_word' id='word_1_124' title='bbox 437 861 493 893; x_wconf 87' lang='lat' dir='ltr'><strong>der</strong></span> <span class='ocrx_word' id='word_1_125' title='bbox 516 861 646 894; x_wconf 85' lang='lat' dir='ltr'><strong>Kirche.</strong></span> <span class='ocrx_word' id='word_1_126' title='bbox 670 862 764 894; x_wconf 90' lang='lat' dir='ltr'><strong>Bonn</strong></span> <span class='ocrx_word' id='word_1_127' title='bbox 788 862 881 894; x_wconf 74' lang='lat'><strong>1544.</strong></span> <span class='ocrx_word' id='word_1_128' title='bbox 906 861 1078 893; x_wconf 81' lang='lat' dir='ltr'><strong>Ordinatio</strong></span> <span class='ocrx_word' id='word_1_129' title='bbox 1102 861 1159 893; x_wconf 84' lang='lat' dir='ltr'><strong>illa</strong></span> <span class='ocrx_word' id='word_1_130' title='bbox 1181 861 1304 903; x_wconf 86' lang='lat' dir='ltr'><strong>scripta</strong></span> <span class='ocrx_word' id='word_1_131' title='bbox 1328 863 1397 892; x_wconf 85' lang='lat' dir='ltr'><strong>erat</strong></span> <span class='ocrx_word' id='word_1_132' title='bbox 1420 871 1438 892; x_wconf 89' lang='lat' dir='ltr'><strong>a</strong></span> <span class='ocrx_word' id='word_1_133' title='bbox 1461 861 1539 893; x_wconf 83' lang='lat' dir='ltr'><strong>Mel.</strong></span> <span class='ocrx_word' id='word_1_134' title='bbox 1562 863 1594 892; x_wconf 84' lang='lat' dir='ltr'><strong>et</strong></span> <span class='ocrx_word' id='word_1_135' title='bbox 1617 861 1752 893; x_wconf 89' lang='lat' dir='ltr'><strong>Bucero.</strong></span> 
     </span>
     <span class='ocr_line' id='line_1_14' title="bbox 213 916 1752 958; baseline 0.001 -11"><span class='ocrx_word' id='word_1_136' title='bbox 213 918 240 956; x_wconf 91' lang='lat'><strong>⁷)</strong></span> <span class='ocrx_word' id='word_1_137' title='bbox 267 917 408 958; x_wconf 73' lang='lat' dir='ltr'><strong>Epitome</strong></span> <span class='ocrx_word' id='word_1_138' title='bbox 438 916 495 948; x_wconf 86' lang='lat' dir='ltr'><strong>illa</strong></span> <span class='ocrx_word' id='word_1_139' title='bbox 524 917 699 955; x_wconf 76' lang='lat' dir='ltr'><strong>doctrinae,</strong></span> <span class='ocrx_word' id='word_1_140' title='bbox 735 928 751 948; x_wconf 92' lang='lat' dir='ltr'><strong>e</strong></span> <span class='ocrx_word' id='word_1_141' title='bbox 782 928 824 949; x_wconf 91' lang='lat' dir='ltr'><strong>m.</strong></span> <span class='ocrx_word' id='word_1_142' title='bbox 856 928 881 949; x_wconf 86' lang='lat' dir='ltr'><strong>s.</strong></span> <span class='ocrx_word' id='word_1_143' title='bbox 911 917 1007 955; x_wconf 85' lang='lat' dir='ltr'><strong>edita,</strong></span> <span class='ocrx_word' id='word_1_144' title='bbox 1038 917 1177 948; x_wconf 79' lang='lat' dir='ltr'><strong>habetur</strong></span> <span class='ocrx_word' id='word_1_145' title='bbox 1199 917 1232 948; x_wconf 90' lang='lat' dir='ltr'><strong>in</strong></span> <span class='ocrx_word' id='word_1_146' title='bbox 1255 919 1366 948; x_wconf 85' lang='lat' dir='ltr'><strong>nostra</strong></span> <span class='ocrx_word' id='word_1_147' title='bbox 1389 916 1438 949; x_wconf 82' lang='lat' dir='ltr'><strong>ed.</strong></span> <span class='ocrx_word' id='word_1_148' title='bbox 1460 916 1552 948; x_wconf 90' lang='lat' dir='ltr'><strong>Tom.</strong></span> <span class='ocrx_word' id='word_1_149' title='bbox 1574 916 1601 949; x_wconf 85' lang='grc' dir='ltr'><strong>Ι.</strong></span> <span class='ocrx_word' id='word_1_150' title='bbox 1624 927 1656 958; x_wconf 86' lang='lat' dir='ltr'><strong>p.</strong></span> <span class='ocrx_word' id='word_1_151' title='bbox 1679 916 1752 949; x_wconf 82' lang='lat'><strong>480.</strong></span> 
     </span>
     <span class='ocr_line' id='line_1_15' title="bbox 212 972 1752 1014; baseline 0.001 -11"><span class='ocrx_word' id='word_1_152' title='bbox 212 974 239 1013; x_wconf 75' lang='lat'><strong>⁸)</strong></span> <span class='ocrx_word' id='word_1_153' title='bbox 263 972 398 1014; x_wconf 80' lang='lat' dir='ltr'><strong>Egidius</strong></span> <span class='ocrx_word' id='word_1_154' title='bbox 421 972 476 1003; x_wconf 88' lang='lat' dir='ltr'><strong>ille</strong></span> <span class='ocrx_word' id='word_1_155' title='bbox 499 972 592 1004; x_wconf 87' lang='lat' dir='ltr'><strong>Lasci</strong></span> <span class='ocrx_word' id='word_1_156' title='bbox 615 972 724 1004; x_wconf 89' lang='lat' dir='ltr'><strong>uxoris</strong></span> <span class='ocrx_word' id='word_1_157' title='bbox 741 973 851 1011; x_wconf 88' lang='lat' dir='ltr'><strong>frater,</strong></span> <span class='ocrx_word' id='word_1_158' title='bbox 868 973 1055 1014; x_wconf 85' lang='lat' dir='ltr'><strong>frequenter</strong></span> <span class='ocrx_word' id='word_1_159' title='bbox 1070 972 1155 1004; x_wconf 85' lang='lat' dir='ltr'><strong>infra</strong></span> <span class='ocrx_word' id='word_1_160' title='bbox 1171 975 1330 1005; x_wconf 86' lang='lat' dir='ltr'><strong>occurret.</strong></span> <span class='ocrx_word' id='word_1_161' title='bbox 1373 974 1400 1013; x_wconf 81' lang='lat'><strong>⁹)</strong></span> <span class='ocrx_word' id='word_1_162' title='bbox 1425 973 1475 1005; x_wconf 89' lang='lat' dir='ltr'><strong>Sc.</strong></span> <span class='ocrx_word' id='word_1_163' title='bbox 1492 972 1752 1014; x_wconf 81' lang='lat' dir='ltr'><strong>ArgentinenseS.</strong></span> 
     </span>
     <span class='ocr_line' id='line_1_16' title="bbox 215 1029 1749 1071; baseline -0.001 -9"><span class='ocrx_word' id='word_1_164' title='bbox 215 1030 257 1070; x_wconf 91' lang='lat'><strong>¹⁰)</strong></span> <span class='ocrx_word' id='word_1_165' title='bbox 282 1030 316 1062; x_wconf 87' lang='lat' dir='ltr'><strong>Si</strong></span> <span class='ocrx_word' id='word_1_166' title='bbox 346 1030 505 1068; x_wconf 80' lang='lat' dir='ltr'><strong>observes,</strong></span> <span class='ocrx_word' id='word_1_167' title='bbox 536 1029 702 1061; x_wconf 83' lang='lat' dir='ltr'><strong>Hardenb.</strong></span> <span class='ocrx_word' id='word_1_168' title='bbox 731 1040 768 1060; x_wconf 80' lang='lat' dir='ltr'><strong>ex</strong></span> <span class='ocrx_word' id='word_1_169' title='bbox 801 1029 857 1061; x_wconf 86' lang='lat' dir='ltr'><strong>illa</strong></span> <span class='ocrx_word' id='word_1_170' title='bbox 890 1029 956 1061; x_wconf 87' lang='lat' dir='ltr'><strong>fere</strong></span> <span class='ocrx_word' id='word_1_171' title='bbox 990 1029 1115 1071; x_wconf 80' lang='lat' dir='ltr'><strong>patriae</strong></span> <span class='ocrx_word' id='word_1_172' title='bbox 1143 1031 1272 1060; x_wconf 84' lang='lat' dir='ltr'><strong>nostrae</strong></span> <span class='ocrx_word' id='word_1_173' title='bbox 1294 1032 1395 1070; x_wconf 83' lang='lat' dir='ltr'><strong>parte,</strong></span> <span class='ocrx_word' id='word_1_174' title='bbox 1419 1039 1482 1070; x_wconf 89' lang='lat' dir='ltr'><strong>qua</strong></span> <span class='ocrx_word' id='word_1_175' title='bbox 1505 1029 1580 1060; x_wconf 89' lang='lat' dir='ltr'><strong>urbs</strong></span> <span class='ocrx_word' id='word_1_176' title='bbox 1603 1029 1749 1071; x_wconf 84' lang='lat' dir='ltr'><strong>Kampen</strong></span> 
     </span>
     <span class='ocr_line' id='line_1_17' title="bbox 210 1081 1750 1130; baseline -0.001 -12"><span class='ocrx_word' id='word_1_177' title='bbox 210 1087 273 1118; x_wconf 83' lang='lat' dir='ltr'><strong>sita</strong></span> <span class='ocrx_word' id='word_1_178' title='bbox 296 1089 354 1124; x_wconf 86' lang='lat' dir='ltr'><strong>est,</strong></span> <span class='ocrx_word' id='word_1_179' title='bbox 378 1086 551 1118; x_wconf 88' lang='lat' dir='ltr'><strong>oriundum</strong></span> <span class='ocrx_word' id='word_1_180' title='bbox 574 1086 682 1124; x_wconf 85' lang='lat' dir='ltr'><strong>fuisse,</strong></span> <span class='ocrx_word' id='word_1_181' title='bbox 707 1086 867 1117; x_wconf 88' lang='lat' dir='ltr'><strong>coniicere</strong></span> <span class='ocrx_word' id='word_1_182' title='bbox 890 1096 1011 1128; x_wconf 43' lang='lat' dir='ltr'><strong>possem</strong></span> <span class='ocrx_word' id='word_1_183' title='bbox 1036 1081 1295 1130; x_wconf 70' lang='grc' dir='ltr'><em>καμπκνὶζειν</em></span> <span class='ocrx_word' id='word_1_184' title='bbox 1319 1085 1401 1116; x_wconf 83' lang='lat' dir='ltr'><strong>nihil</strong></span> <span class='ocrx_word' id='word_1_185' title='bbox 1423 1085 1510 1117; x_wconf 84' lang='lat' dir='ltr'><strong>aliud</strong></span> <span class='ocrx_word' id='word_1_186' title='bbox 1534 1086 1632 1117; x_wconf 90' lang='lat' dir='ltr'><strong>fuisse</strong></span> <span class='ocrx_word' id='word_1_187' title='bbox 1655 1096 1750 1127; x_wconf 86' lang='lat' dir='ltr'><strong>quam</strong></span> 
     </span>
     <span class='ocr_line' id='line_1_18' title="bbox 212 1140 1751 1185; baseline -0.001 -11"><span class='ocrx_word' id='word_1_188' title='bbox 212 1142 482 1185; x_wconf 81' lang='lat' dir='ltr'><strong>Campanensium</strong></span> <span class='ocrx_word' id='word_1_189' title='bbox 504 1153 592 1173; x_wconf 90' lang='lat' dir='ltr'><strong>more</strong></span> <span class='ocrx_word' id='word_1_190' title='bbox 616 1141 723 1184; x_wconf 83' lang='lat' dir='ltr'><strong>lepida</strong></span> <span class='ocrx_word' id='word_1_191' title='bbox 746 1141 930 1173; x_wconf 80' lang='lat' dir='ltr'><strong>rusticitate</strong></span> <span class='ocrx_word' id='word_1_192' title='bbox 953 1142 1053 1173; x_wconf 86' lang='lat' dir='ltr'><strong>risum</strong></span> <span class='ocrx_word' id='word_1_193' title='bbox 1077 1152 1215 1179; x_wconf 86' lang='lat' dir='ltr'><strong>movere,</strong></span> <span class='ocrx_word' id='word_1_194' title='bbox 1239 1141 1323 1182; x_wconf 87' lang='lat' dir='ltr'><strong>quod</strong></span> <span class='ocrx_word' id='word_1_195' title='bbox 1347 1140 1550 1182; x_wconf 81' lang='lat' dir='ltr'><strong>proverbiale</strong></span> <span class='ocrx_word' id='word_1_196' title='bbox 1574 1140 1658 1182; x_wconf 84' lang='lat' dir='ltr'><strong>apud</strong></span> <span class='ocrx_word' id='word_1_197' title='bbox 1682 1151 1751 1172; x_wconf 89' lang='lat' dir='ltr'><strong>nos-</strong></span> 
     </span>
     <span class='ocr_line' id='line_1_19' title="bbox 209 1197 1750 1240; baseline -0.001 -10"><span class='ocrx_word' id='word_1_198' title='bbox 209 1202 311 1231; x_wconf 84' lang='lat' dir='ltr'><strong>trates</strong></span> <span class='ocrx_word' id='word_1_199' title='bbox 345 1199 469 1230; x_wconf 90' lang='lat' dir='ltr'><strong>dictum</strong></span> <span class='ocrx_word' id='word_1_200' title='bbox 501 1199 648 1236; x_wconf 71' lang='lat' dir='ltr'><strong>Luscum,</strong></span> <span class='ocrx_word' id='word_1_201' title='bbox 686 1198 805 1240; x_wconf 86' lang='lat' dir='ltr'><strong>quippe</strong></span> <span class='ocrx_word' id='word_1_202' title='bbox 839 1200 1036 1235; x_wconf 83' lang='lat' dir='ltr'><strong>extraneum,</strong></span> <span class='ocrx_word' id='word_1_203' title='bbox 1075 1197 1175 1229; x_wconf 83' lang='lat' dir='ltr'><strong>lutere</strong></span> <span class='ocrx_word' id='word_1_204' title='bbox 1208 1197 1303 1229; x_wconf 83' lang='lat' dir='ltr'><strong>facile</strong></span> <span class='ocrx_word' id='word_1_205' title='bbox 1336 1197 1453 1239; x_wconf 86' lang='lat' dir='ltr'><strong>potuit.</strong></span> <span class='ocrx_word' id='word_1_206' title='bbox 1499 1197 1541 1237; x_wconf 85' lang='lat'><strong>¹¹)</strong></span> <span class='ocrx_word' id='word_1_207' title='bbox 1565 1197 1750 1229; x_wconf 85' lang='lat' dir='ltr'><strong>Hadrianus</strong></span> 
     </span>
     <span class='ocr_line' id='line_1_20' title="bbox 209 1252 1751 1296; baseline -0.001 -10"><span class='ocrx_word' id='word_1_208' title='bbox 209 1254 461 1286; x_wconf 83' lang='lat' dir='ltr'><strong>Francofordiae</strong></span> <span class='ocrx_word' id='word_1_209' title='bbox 491 1254 634 1296; x_wconf 88' lang='lat' dir='ltr'><strong>hospitio</strong></span> <span class='ocrx_word' id='word_1_210' title='bbox 664 1254 810 1296; x_wconf 79' lang='lat' dir='ltr'><strong>excipere</strong></span> <span class='ocrx_word' id='word_1_211' title='bbox 841 1255 988 1285; x_wconf 86' lang='lat' dir='ltr'><strong>nostrum</strong></span> <span class='ocrx_word' id='word_1_212' title='bbox 1012 1253 1146 1285; x_wconf 83' lang='lat' dir='ltr'><strong>solebat.</strong></span> <span class='ocrx_word' id='word_1_213' title='bbox 1193 1254 1234 1293; x_wconf 77' lang='lat'><strong>¹2)</strong></span> <span class='ocrx_word' id='word_1_214' title='bbox 1259 1252 1284 1284; x_wconf 83' lang='grc' dir='ltr'><strong>Ι.</strong></span> <span class='ocrx_word' id='word_1_215' title='bbox 1307 1252 1482 1294; x_wconf 84' lang='lat' dir='ltr'><strong>Reekamp.</strong></span> <span class='ocrx_word' id='word_1_216' title='bbox 1528 1252 1569 1292; x_wconf 80' lang='lat'><strong>¹³)</strong></span> <span class='ocrx_word' id='word_1_217' title='bbox 1599 1252 1682 1283; x_wconf 84' lang='lat' dir='ltr'><strong>Halo</strong></span> <span class='ocrx_word' id='word_1_218' title='bbox 1706 1262 1751 1284; x_wconf 83' lang='lat' dir='ltr'><strong>sc.</strong></span> 
     </span>
     <span class='ocr_line' id='line_1_21' title="bbox 209 1308 1749 1350; baseline -0.001 -9"><span class='ocrx_word' id='word_1_219' title='bbox 209 1311 393 1342; x_wconf 84' lang='lat' dir='ltr'><strong>Amswerus</strong></span> <span class='ocrx_word' id='word_1_220' title='bbox 427 1310 467 1343; x_wconf 85' lang='lat' dir='ltr'><strong>ef.</strong></span> <span class='ocrx_word' id='word_1_221' title='bbox 498 1311 680 1348; x_wconf 74' lang='lat' dir='ltr'><strong>GABBEMA,</strong></span> <span class='ocrx_word' id='word_1_222' title='bbox 714 1310 741 1341; x_wconf 95' lang='lat' dir='ltr'><strong>I.</strong></span> <span class='ocrx_word' id='word_1_223' title='bbox 775 1310 826 1342; x_wconf 79' lang='lat'><strong>21.</strong></span> <span class='ocrx_word' id='word_1_224' title='bbox 873 1310 914 1349; x_wconf 74' lang='lat'><strong>¹⁴)</strong></span> <span class='ocrx_word' id='word_1_225' title='bbox 940 1309 1127 1350; x_wconf 81' lang='lat' dir='ltr'><strong>Gropperus</strong></span> <span class='ocrx_word' id='word_1_226' title='bbox 1159 1308 1365 1340; x_wconf 84' lang='lat' dir='ltr'><strong>Coloniensis</strong></span> <span class='ocrx_word' id='word_1_227' title='bbox 1397 1308 1458 1350; x_wconf 80' lang='lat' dir='ltr'><strong>Ep.</strong></span> <span class='ocrx_word' id='word_1_228' title='bbox 1487 1308 1749 1341; x_wconf 82' lang='lat' dir='ltr'><strong>reformationem</strong></span> 
     </span>
     <span class='ocr_line' id='line_1_22' title="bbox 211 1364 1752 1407; baseline -0.001 -10"><span class='ocrx_word' id='word_1_229' title='bbox 211 1366 329 1397; x_wconf 87' lang='lat' dir='ltr'><strong>acriter</strong></span> <span class='ocrx_word' id='word_1_230' title='bbox 363 1368 432 1397; x_wconf 82' lang='lat' dir='ltr'><strong>erat</strong></span> <span class='ocrx_word' id='word_1_231' title='bbox 462 1376 639 1407; x_wconf 80' lang='lat' dir='ltr'><strong>aggressus,</strong></span> <span class='ocrx_word' id='word_1_232' title='bbox 671 1376 767 1406; x_wconf 89' lang='lat' dir='ltr'><strong>quam</strong></span> <span class='ocrx_word' id='word_1_233' title='bbox 797 1368 926 1396; x_wconf 85' lang='lat' dir='ltr'><strong>strenue</strong></span> <span class='ocrx_word' id='word_1_234' title='bbox 955 1364 1070 1396; x_wconf 81' lang='lat' dir='ltr'><strong>deiude</strong></span> <span class='ocrx_word' id='word_1_235' title='bbox 1094 1364 1323 1395; x_wconf 84' lang='lat' dir='ltr'><strong>vindicandum</strong></span> <span class='ocrx_word' id='word_1_236' title='bbox 1347 1364 1409 1395; x_wconf 90' lang='lat' dir='ltr'><strong>sibi</strong></span> <span class='ocrx_word' id='word_1_237' title='bbox 1432 1364 1575 1406; x_wconf 82' lang='lat' dir='ltr'><strong>suscepit</strong></span> <span class='ocrx_word' id='word_1_238' title='bbox 1597 1364 1752 1397; x_wconf 78' lang='lat' dir='ltr'><strong>Bueerus.</strong></span> 
     </span>
     <span class='ocr_line' id='line_1_23' title="bbox 210 1420 1751 1462; baseline -0.001 -9"><span class='ocrx_word' id='word_1_239' title='bbox 210 1422 304 1453; x_wconf 85' lang='lat' dir='ltr'><strong>Hanc</strong></span> <span class='ocrx_word' id='word_1_240' title='bbox 329 1422 548 1454; x_wconf 81' lang='lat' dir='ltr'><strong>defensionem</strong></span> <span class='ocrx_word' id='word_1_241' title='bbox 570 1421 670 1452; x_wconf 84' lang='lat' dir='ltr'><strong>latine</strong></span> <span class='ocrx_word' id='word_1_242' title='bbox 693 1420 793 1452; x_wconf 87' lang='lat' dir='ltr'><strong>vertit</strong></span> <span class='ocrx_word' id='word_1_243' title='bbox 815 1420 980 1452; x_wconf 82' lang='lat' dir='ltr'><strong>Hardenb.</strong></span> <span class='ocrx_word' id='word_1_244' title='bbox 1005 1420 1457 1462; x_wconf 77' lang='lat' dir='ltr'><strong>Cf.SCHWECKEND1ECK.p.</strong></span> <span class='ocrx_word' id='word_1_245' title='bbox 1476 1420 1525 1451; x_wconf 88' lang='lat'><strong>18.</strong></span> <span class='ocrx_word' id='word_1_246' title='bbox 1570 1420 1611 1459; x_wconf 78' lang='lat'><strong>¹5)</strong></span> <span class='ocrx_word' id='word_1_247' title='bbox 1636 1420 1751 1451; x_wconf 88' lang='lat' dir='ltr'><strong>Petrus</strong></span> 
     </span>
     <span class='ocr_line' id='line_1_24' title="bbox 211 1475 1752 1516; baseline -0.002 -8"><span class='ocrx_word' id='word_1_248' title='bbox 211 1479 426 1510; x_wconf 82' lang='lat' dir='ltr'><strong>Mcdmannus</strong></span> <span class='ocrx_word' id='word_1_249' title='bbox 461 1477 664 1509; x_wconf 86' lang='lat' dir='ltr'><strong>Coloniensis</strong></span> <span class='ocrx_word' id='word_1_250' title='bbox 694 1477 881 1508; x_wconf 79' lang='lat' dir='ltr'><strong>Hermanno</strong></span> <span class='ocrx_word' id='word_1_251' title='bbox 906 1476 924 1507; x_wconf 64' lang='grc' dir='ltr'><strong>ὰ</strong></span> <span class='ocrx_word' id='word_1_252' title='bbox 946 1476 1047 1507; x_wconf 84' lang='lat' dir='ltr'><strong>Weda</strong></span> <span class='ocrx_word' id='word_1_253' title='bbox 1070 1475 1132 1506; x_wconf 87' lang='lat' dir='ltr'><strong>fuit</strong></span> <span class='ocrx_word' id='word_1_254' title='bbox 1155 1475 1173 1506; x_wconf 70' lang='lat' dir='ltr'><strong>a</strong></span> <span class='ocrx_word' id='word_1_255' title='bbox 1197 1475 1352 1513; x_wconf 85' lang='lat' dir='ltr'><strong>consiliis,</strong></span> <span class='ocrx_word' id='word_1_256' title='bbox 1377 1475 1476 1506; x_wconf 86' lang='lat' dir='ltr'><strong>donec</strong></span> <span class='ocrx_word' id='word_1_257' title='bbox 1499 1475 1573 1506; x_wconf 86' lang='lat' dir='ltr'><strong>inde</strong></span> <span class='ocrx_word' id='word_1_258' title='bbox 1596 1475 1752 1516; x_wconf 86' lang='lat' dir='ltr'><strong>profugus</strong></span> 
     </span>
     <span class='ocr_line' id='line_1_25' title="bbox 210 1529 1751 1574; baseline -0.003 -9"><span class='ocrx_word' id='word_1_259' title='bbox 210 1534 385 1566; x_wconf 83' lang='lat' dir='ltr'><strong>honorifice</strong></span> <span class='ocrx_word' id='word_1_260' title='bbox 407 1534 446 1565; x_wconf 90' lang='lat' dir='ltr'><strong>ab</strong></span> <span class='ocrx_word' id='word_1_261' title='bbox 469 1534 563 1565; x_wconf 87' lang='lat' dir='ltr'><strong>Anna</strong></span> <span class='ocrx_word' id='word_1_262' title='bbox 585 1532 760 1564; x_wconf 87' lang='lat' dir='ltr'><strong>Comitissa</strong></span> <span class='ocrx_word' id='word_1_263' title='bbox 783 1533 950 1574; x_wconf 82' lang='lat' dir='ltr'><strong>susceptus</strong></span> <span class='ocrx_word' id='word_1_264' title='bbox 974 1530 1094 1562; x_wconf 80' lang='lat' dir='ltr'><strong>Emdae</strong></span> <span class='ocrx_word' id='word_1_265' title='bbox 1118 1530 1321 1562; x_wconf 85' lang='lat' dir='ltr'><strong>consulatum</strong></span> <span class='ocrx_word' id='word_1_266' title='bbox 1344 1530 1454 1571; x_wconf 86' lang='lat' dir='ltr'><strong>gessit.</strong></span> <span class='ocrx_word' id='word_1_267' title='bbox 1477 1529 1527 1561; x_wconf 87' lang='lat' dir='ltr'><strong>Cf.</strong></span> <span class='ocrx_word' id='word_1_268' title='bbox 1545 1530 1585 1561; x_wconf 90' lang='lat' dir='ltr'><strong>U.</strong></span> <span class='ocrx_word' id='word_1_269' title='bbox 1601 1530 1751 1563; x_wconf 79' lang='lat' dir='ltr'><strong>EMMIUS.</strong></span> 
     </span>
     <span class='ocr_line' id='line_1_26' title="bbox 210 1585 1750 1631; baseline -0.003 -9"><span class='ocrx_word' id='word_1_270' title='bbox 210 1600 241 1631; x_wconf 89' lang='lat' dir='ltr'><strong>p.</strong></span> <span class='ocrx_word' id='word_1_271' title='bbox 273 1590 344 1622; x_wconf 76' lang='lat'><strong>948.</strong></span> <span class='ocrx_word' id='word_1_272' title='bbox 375 1591 549 1621; x_wconf 66' lang='lat' dir='ltr'><strong>BENINGA.</strong></span> <span class='ocrx_word' id='word_1_273' title='bbox 581 1599 612 1630; x_wconf 89' lang='lat' dir='ltr'><strong>p.</strong></span> <span class='ocrx_word' id='word_1_274' title='bbox 646 1587 718 1621; x_wconf 80' lang='lat'><strong>793.</strong></span> <span class='ocrx_word' id='word_1_275' title='bbox 766 1588 805 1627; x_wconf 74' lang='lat'><strong>¹⁶)</strong></span> <span class='ocrx_word' id='word_1_276' title='bbox 831 1587 939 1618; x_wconf 73' lang='lat' dir='ltr'><strong>tibiale</strong></span> <span class='ocrx_word' id='word_1_277' title='bbox 972 1587 993 1618; x_wconf 90' lang='lat' dir='ltr'><strong>i.</strong></span> <span class='ocrx_word' id='word_1_278' title='bbox 1027 1597 1053 1618; x_wconf 90' lang='lat' dir='ltr'><strong>e.</strong></span> <span class='ocrx_word' id='word_1_279' title='bbox 1089 1585 1222 1623; x_wconf 84' lang='lat' dir='ltr'><strong>crurale,</strong></span> <span class='ocrx_word' id='word_1_280' title='bbox 1252 1586 1363 1626; x_wconf 68' lang='lat' dir='ltr'><strong>caliga.</strong></span> <span class='ocrx_word' id='word_1_281' title='bbox 1393 1585 1566 1618; x_wconf 79' lang='lat' dir='ltr'><strong>DUCANGE</strong></span> <span class='ocrx_word' id='word_1_282' title='bbox 1598 1585 1630 1617; x_wconf 90' lang='lat' dir='ltr'><strong>in</strong></span> <span class='ocrx_word' id='word_1_283' title='bbox 1661 1596 1750 1619; x_wconf 90' lang='lat' dir='ltr'><strong>voce.</strong></span> 
     </span>
     <span class='ocr_line' id='line_1_27' title="bbox 213 1642 1750 1686; baseline -0.003 -8"><span class='ocrx_word' id='word_1_284' title='bbox 213 1647 254 1686; x_wconf 87' lang='lat'><strong>¹⁷)</strong></span> <span class='ocrx_word' id='word_1_285' title='bbox 278 1647 427 1678; x_wconf 84' lang='lat' dir='ltr'><strong>Fortasse</strong></span> <span class='ocrx_word' id='word_1_286' title='bbox 450 1646 565 1677; x_wconf 85' lang='lat' dir='ltr'><strong>Petrus</strong></span> <span class='ocrx_word' id='word_1_287' title='bbox 589 1645 682 1683; x_wconf 85' lang='lat' dir='ltr'><strong>Caro,</strong></span> <span class='ocrx_word' id='word_1_288' title='bbox 706 1644 760 1686; x_wconf 87' lang='lat' dir='ltr'><strong>qui</strong></span> <span class='ocrx_word' id='word_1_289' title='bbox 785 1645 816 1675; x_wconf 87' lang='lat' dir='ltr'><strong>in</strong></span> <span class='ocrx_word' id='word_1_290' title='bbox 840 1643 950 1674; x_wconf 84' lang='lat' dir='ltr'><strong>bibliis</strong></span> <span class='ocrx_word' id='word_1_291' title='bbox 968 1642 1191 1684; x_wconf 81' lang='lat' dir='ltr'><strong>imprimendis</strong></span> <span class='ocrx_word' id='word_1_292' title='bbox 1209 1653 1337 1684; x_wconf 85' lang='lat' dir='ltr'><strong>operam</strong></span> <span class='ocrx_word' id='word_1_293' title='bbox 1352 1642 1482 1673; x_wconf 87' lang='lat' dir='ltr'><strong>navavit</strong></span> <span class='ocrx_word' id='word_1_294' title='bbox 1498 1642 1630 1673; x_wconf 83' lang='lat' dir='ltr'><strong>Parisiis</strong></span> <span class='ocrx_word' id='word_1_295' title='bbox 1643 1644 1750 1682; x_wconf 82' lang='lat' dir='ltr'><strong>(natus</strong></span> 
     </span>
     <span class='ocr_line' id='line_1_28' title="bbox 212 1697 1749 1742; baseline -0.001 -10"><span class='ocrx_word' id='word_1_296' title='bbox 212 1702 319 1742; x_wconf 71' lang='lat'><strong>1489).</strong></span> <span class='ocrx_word' id='word_1_297' title='bbox 350 1702 400 1734; x_wconf 91' lang='lat' dir='ltr'><strong>Cf.</strong></span> <span class='ocrx_word' id='word_1_298' title='bbox 434 1702 572 1739; x_wconf 72' lang='lat' dir='ltr'><strong>GRiiSSE,</strong></span> <span class='ocrx_word' id='word_1_299' title='bbox 603 1702 678 1742; x_wconf 63' lang='lat' dir='ltr'><strong>Alq.</strong></span> <span class='ocrx_word' id='word_1_300' title='bbox 713 1700 791 1731; x_wconf 79' lang='lat' dir='ltr'><strong>Litt.</strong></span> <span class='ocrx_word' id='word_1_301' title='bbox 825 1699 930 1741; x_wconf 70' lang='lat' dir='ltr'><strong>yesch.</strong></span> <span class='ocrx_word' id='word_1_302' title='bbox 953 1698 991 1731; x_wconf 91' lang='lat' dir='ltr'><strong>V.</strong></span> <span class='ocrx_word' id='word_1_303' title='bbox 1014 1699 1086 1731; x_wconf 78' lang='lat'><strong>233.</strong></span> <span class='ocrx_word' id='word_1_304' title='bbox 1134 1699 1175 1739; x_wconf 71' lang='grc'><strong>’3)</strong></span> <span class='ocrx_word' id='word_1_305' title='bbox 1198 1698 1257 1730; x_wconf 86' lang='lat' dir='ltr'><strong>Est</strong></span> <span class='ocrx_word' id='word_1_306' title='bbox 1280 1697 1384 1740; x_wconf 65' lang='lat' dir='ltr'><strong>epist„</strong></span> <span class='ocrx_word' id='word_1_307' title='bbox 1409 1709 1503 1740; x_wconf 85' lang='lat' dir='ltr'><strong>quam</strong></span> <span class='ocrx_word' id='word_1_308' title='bbox 1527 1698 1639 1730; x_wconf 88' lang='lat' dir='ltr'><strong>ordine</strong></span> <span class='ocrx_word' id='word_1_309' title='bbox 1662 1698 1749 1732; x_wconf 81' lang='lat' dir='ltr'><strong>17am</strong></span> 
     </span>
     <span class='ocr_line' id='line_1_29' title="bbox 211 1753 1498 1797; baseline -0.001 -10"><span class='ocrx_word' id='word_1_310' title='bbox 211 1756 368 1789; x_wconf 82' lang='lat' dir='ltr'><strong>dedimus.</strong></span> <span class='ocrx_word' id='word_1_311' title='bbox 414 1758 454 1796; x_wconf 83' lang='grc'><strong>’9)</strong></span> <span class='ocrx_word' id='word_1_312' title='bbox 478 1757 521 1788; x_wconf 78' lang='lat' dir='ltr'><strong>Et</strong></span> <span class='ocrx_word' id='word_1_313' title='bbox 543 1759 651 1788; x_wconf 86' lang='lat' dir='ltr'><strong>tamen</strong></span> <span class='ocrx_word' id='word_1_314' title='bbox 675 1766 819 1797; x_wconf 86' lang='lat' dir='ltr'><strong>respons.</strong></span> <span class='ocrx_word' id='word_1_315' title='bbox 843 1765 894 1797; x_wconf 88' lang='lat' dir='ltr'><strong>ep.</strong></span> <span class='ocrx_word' id='word_1_316' title='bbox 918 1753 1056 1786; x_wconf 85' lang='lat' dir='ltr'><strong>Davidis</strong></span> <span class='ocrx_word' id='word_1_317' title='bbox 1081 1754 1156 1785; x_wconf 85' lang='lat' dir='ltr'><strong>data</strong></span> <span class='ocrx_word' id='word_1_318' title='bbox 1179 1756 1227 1785; x_wconf 88' lang='lat' dir='ltr'><strong>est</strong></span> <span class='ocrx_word' id='word_1_319' title='bbox 1249 1754 1288 1785; x_wconf 81' lang='lat'><strong>26</strong></span> <span class='ocrx_word' id='word_1_320' title='bbox 1312 1753 1393 1785; x_wconf 82' lang='lat' dir='ltr'><strong>Maii</strong></span> <span class='ocrx_word' id='word_1_321' title='bbox 1416 1754 1448 1786; x_wconf 91' lang='lat' dir='ltr'><strong>h.</strong></span> <span class='ocrx_word' id='word_1_322' title='bbox 1471 1765 1498 1786; x_wconf 83' lang='lat' dir='ltr'><strong>a.</strong></span> 
     </span>
    </p>
   </div>
   <div class='ocr_carea' id='block_1_5' title="bbox 210 1922 1748 1970">
    <p class='ocr_par' dir='ltr' id='par_1_5' title="bbox 210 1922 1748 1970">
     <span class='ocr_line' id='line_1_30' title="bbox 210 1922 1748 1970; baseline 0.004 -17"><span class='ocrx_word' id='word_1_323' title='bbox 210 1929 274 1967; x_wconf 53' lang='lat' dir='ltr'><strong>No,</strong></span> <span class='ocrx_word' id='word_1_324' title='bbox 302 1929 358 1966; x_wconf 76' lang='lat'><strong>20.</strong></span> <span class='ocrx_word' id='word_1_325' title='bbox 996 1922 1076 1970; x_wconf 70' lang='lat' dir='ltr'><strong>[mu.</strong></span> <span class='ocrx_word' id='word_1_326' title='bbox 1089 1927 1167 1960; x_wconf 60' lang='lat' dir='ltr'><strong>num.</strong></span> <span class='ocrx_word' id='word_1_327' title='bbox 1181 1925 1215 1960; x_wconf 74' lang='lat' dir='ltr'><strong>u.</strong></span> <span class='ocrx_word' id='word_1_328' title='bbox 1231 1925 1277 1960; x_wconf 77' lang='lat' dir='ltr'><strong>ui.</strong></span> <span class='ocrx_word' id='word_1_329' title='bbox 1294 1935 1318 1967; x_wconf 80' lang='lat' dir='ltr'><strong>p.</strong></span> <span class='ocrx_word' id='word_1_330' title='bbox 1331 1925 1389 1960; x_wconf 83' lang='lat'><strong>333.</strong></span> <span class='ocrx_word' id='word_1_331' title='bbox 1408 1927 1442 1957; x_wconf 68' lang='lat' dir='ltr'><strong>Ge</strong></span> <span class='ocrx_word' id='word_1_332' title='bbox 1453 1927 1495 1960; x_wconf 50' lang='grc' dir='ltr'><strong>να.</strong></span> <span class='ocrx_word' id='word_1_333' title='bbox 1511 1922 1748 1970; x_wconf 47' lang='lat' dir='ltr'><strong>s.a.iib.p.2;0211.]</strong></span> 
     </span>
    </p>
   </div>
   <div class='ocr_carea' id='block_1_6' title="bbox 717 2032 1239 2069">
    <p class='ocr_par' dir='ltr' id='par_1_6' title="bbox 717 2032 1239 2069">
     <span class='ocr_line' id='line_1_31' title="bbox 717 2032 1239 2069; baseline -0.004 -1"><span class='ocrx_word' id='word_1_334' title='bbox 717 2033 775 2069; x_wconf 78' lang='lat' dir='ltr'><strong>Ad</strong></span> <span class='ocrx_word' id='word_1_335' title='bbox 804 2032 1023 2069; x_wconf 61' lang='lat' dir='ltr'><strong>Dunsimmn</strong></span> <span class='ocrx_word' id='word_1_336' title='bbox 1049 2033 1239 2068; x_wconf 68' lang='lat' dir='ltr'><strong>SYssmGE.</strong></span> 
     </span>
    </p>
   </div>
   <div class='ocr_carea' id='block_1_7' title="bbox 201 2150 1800 2939">
    <p class='ocr_par' dir='ltr' id='par_1_7' title="bbox 201 2150 1800 2939">
     <span class='ocr_line' id='line_1_32' title="bbox 262 2150 1800 2200; baseline -0.005 -5"><span class='ocrx_word' id='word_1_337' title='bbox 262 2159 347 2195; x_wconf 87' lang='lat' dir='ltr'><strong>Vidi</strong></span> <span class='ocrx_word' id='word_1_338' title='bbox 381 2157 501 2194; x_wconf 81' lang='lat' dir='ltr'><strong>literas</strong></span> <span class='ocrx_word' id='word_1_339' title='bbox 533 2159 626 2200; x_wconf 78' lang='lat' dir='ltr'><strong>tuas,</strong></span> <span class='ocrx_word' id='word_1_340' title='bbox 660 2167 758 2192; x_wconf 89' lang='lat' dir='ltr'><strong>soror</strong></span> <span class='ocrx_word' id='word_1_341' title='bbox 785 2155 822 2191; x_wconf 88' lang='lat' dir='ltr'><strong>in</strong></span> <span class='ocrx_word' id='word_1_342' title='bbox 848 2152 1002 2190; x_wconf 85' lang='lat' dir='ltr'><strong>Domino</strong></span> <span class='ocrx_word' id='word_1_343' title='bbox 1029 2151 1259 2190; x_wconf 79' lang='lat' dir='ltr'><strong>Charissinia!</strong></span> <span class='ocrx_word' id='word_1_344' title='bbox 1287 2164 1375 2200; x_wconf 84' lang='lat' dir='ltr'><strong>quas</strong></span> <span class='ocrx_word' id='word_1_345' title='bbox 1401 2150 1443 2189; x_wconf 82' lang='lat' dir='ltr'><strong>ad</strong></span> <span class='ocrx_word' id='word_1_346' title='bbox 1468 2163 1613 2189; x_wconf 85' lang='lat' dir='ltr'><strong>uxorem</strong></span> <span class='ocrx_word' id='word_1_347' title='bbox 1638 2163 1748 2189; x_wconf 84' lang='lat' dir='ltr'><strong>meam</strong></span> <span class='ocrx_word' id='word_1_348' title='bbox 1797 2183 1800 2186; x_wconf 88' lang='lat'><strong>.</strong></span> 
     </span>
     <span class='ocr_line' id='line_1_33' title="bbox 212 2211 1749 2269; baseline -0.005 -13"><span class='ocrx_word' id='word_1_349' title='bbox 212 2219 380 2269; x_wconf 85' lang='lat' dir='ltr'><strong>proximis</strong></span> <span class='ocrx_word' id='word_1_350' title='bbox 414 2218 508 2254; x_wconf 85' lang='lat' dir='ltr'><strong>hisce</strong></span> <span class='ocrx_word' id='word_1_351' title='bbox 542 2217 664 2253; x_wconf 86' lang='lat' dir='ltr'><strong>diebus</strong></span> <span class='ocrx_word' id='word_1_352' title='bbox 700 2211 883 2263; x_wconf 80' lang='lat' dir='ltr'><strong>scripsisti,</strong></span> <span class='ocrx_word' id='word_1_353' title='bbox 918 2217 954 2250; x_wconf 87' lang='lat' dir='ltr'><strong>et</strong></span> <span class='ocrx_word' id='word_1_354' title='bbox 985 2214 1128 2251; x_wconf 81' lang='lat' dir='ltr'><strong>volebas</strong></span> <span class='ocrx_word' id='word_1_355' title='bbox 1162 2216 1204 2250; x_wconf 89' lang='lat' dir='ltr'><strong>ut</strong></span> <span class='ocrx_word' id='word_1_356' title='bbox 1237 2226 1346 2250; x_wconf 85' lang='lat' dir='ltr'><strong>meam</strong></span> <span class='ocrx_word' id='word_1_357' title='bbox 1379 2213 1443 2249; x_wconf 89' lang='lat' dir='ltr'><strong>tibi</strong></span> <span class='ocrx_word' id='word_1_358' title='bbox 1469 2213 1680 2250; x_wconf 85' lang='lat' dir='ltr'><strong>sententiam</strong></span> <span class='ocrx_word' id='word_1_359' title='bbox 1706 2213 1749 2249; x_wconf 86' lang='lat' dir='ltr'><strong>de</strong></span> 
     </span>
     <span class='ocr_line' id='line_1_34' title="bbox 212 2273 1748 2326; baseline -0.005 -9"><span class='ocrx_word' id='word_1_360' title='bbox 212 2281 373 2318; x_wconf 87' lang='lat' dir='ltr'><strong>omnibus</strong></span> <span class='ocrx_word' id='word_1_361' title='bbox 407 2291 498 2326; x_wconf 79' lang='lat' dir='ltr'><strong>quae</strong></span> <span class='ocrx_word' id='word_1_362' title='bbox 532 2278 605 2314; x_wconf 86' lang='lat' dir='ltr'><strong>illic</strong></span> <span class='ocrx_word' id='word_1_363' title='bbox 642 2276 816 2313; x_wconf 79' lang='lat' dir='ltr'><strong>habentur</strong></span> <span class='ocrx_word' id='word_1_364' title='bbox 842 2275 1084 2322; x_wconf 75' lang='lat' dir='ltr'><strong>significarem.</strong></span> <span class='ocrx_word' id='word_1_365' title='bbox 1134 2275 1210 2322; x_wconf 77' lang='lat' dir='ltr'><strong>Ego</strong></span> <span class='ocrx_word' id='word_1_366' title='bbox 1235 2287 1319 2311; x_wconf 89' lang='lat' dir='ltr'><strong>vero</strong></span> <span class='ocrx_word' id='word_1_367' title='bbox 1345 2287 1438 2311; x_wconf 88' lang='lat' dir='ltr'><strong>nunc</strong></span> <span class='ocrx_word' id='word_1_368' title='bbox 1463 2273 1622 2322; x_wconf 88' lang='lat' dir='ltr'><strong>plurimis</strong></span> <span class='ocrx_word' id='word_1_369' title='bbox 1648 2287 1748 2311; x_wconf 87' lang='lat' dir='ltr'><strong>occu-</strong></span> 
     </span>
     <span class='ocr_line' id='line_1_35' title="bbox 212 2336 1747 2391; baseline -0.005 -12"><span class='ocrx_word' id='word_1_370' title='bbox 212 2345 328 2391; x_wconf 82' lang='lat' dir='ltr'><strong>patus,</strong></span> <span class='ocrx_word' id='word_1_371' title='bbox 362 2354 434 2377; x_wconf 88' lang='lat' dir='ltr'><strong>non</strong></span> <span class='ocrx_word' id='word_1_372' title='bbox 469 2352 611 2387; x_wconf 89' lang='lat' dir='ltr'><strong>possum</strong></span> <span class='ocrx_word' id='word_1_373' title='bbox 638 2338 681 2374; x_wconf 85' lang='lat' dir='ltr'><strong>ad</strong></span> <span class='ocrx_word' id='word_1_374' title='bbox 706 2341 743 2374; x_wconf 87' lang='lat' dir='ltr'><strong>te</strong></span> <span class='ocrx_word' id='word_1_375' title='bbox 768 2340 810 2373; x_wconf 91' lang='lat' dir='ltr'><strong>ut</strong></span> <span class='ocrx_word' id='word_1_376' title='bbox 837 2336 962 2373; x_wconf 87' lang='lat' dir='ltr'><strong>vellem</strong></span> <span class='ocrx_word' id='word_1_377' title='bbox 989 2337 1150 2373; x_wconf 87' lang='lat' dir='ltr'><strong>scribere.</strong></span> <span class='ocrx_word' id='word_1_378' title='bbox 1200 2336 1266 2373; x_wconf 81' lang='lat' dir='ltr'><strong>Sed</strong></span> <span class='ocrx_word' id='word_1_379' title='bbox 1291 2339 1409 2372; x_wconf 83' lang='lat' dir='ltr'><strong>tamen</strong></span> <span class='ocrx_word' id='word_1_380' title='bbox 1436 2336 1549 2372; x_wconf 85' lang='lat' dir='ltr'><strong>facere</strong></span> <span class='ocrx_word' id='word_1_381' title='bbox 1574 2349 1644 2372; x_wconf 87' lang='lat' dir='ltr'><strong>non</strong></span> <span class='ocrx_word' id='word_1_382' title='bbox 1669 2349 1747 2384; x_wconf 89' lang='lat' dir='ltr'><strong>pos-</strong></span> 
     </span>
     <span class='ocr_line' id='line_1_36' title="bbox 210 2396 1744 2454; baseline -0.007 -12"><span class='ocrx_word' id='word_1_383' title='bbox 210 2419 287 2442; x_wconf 86' lang='lat' dir='ltr'><strong>sum</strong></span> <span class='ocrx_word' id='word_1_384' title='bbox 314 2418 377 2454; x_wconf 89' lang='lat' dir='ltr'><strong>pro</strong></span> <span class='ocrx_word' id='word_1_385' title='bbox 402 2415 520 2440; x_wconf 84' lang='lat' dir='ltr'><strong>amore</strong></span> <span class='ocrx_word' id='word_1_386' title='bbox 546 2402 583 2438; x_wconf 87' lang='lat' dir='ltr'><strong>in</strong></span> <span class='ocrx_word' id='word_1_387' title='bbox 610 2404 646 2438; x_wconf 86' lang='lat' dir='ltr'><strong>te</strong></span> <span class='ocrx_word' id='word_1_388' title='bbox 673 2413 761 2443; x_wconf 87' lang='lat' dir='ltr'><strong>meo,</strong></span> <span class='ocrx_word' id='word_1_389' title='bbox 795 2399 882 2446; x_wconf 84' lang='lat' dir='ltr'><strong>quin</strong></span> <span class='ocrx_word' id='word_1_390' title='bbox 907 2398 950 2434; x_wconf 80' lang='lat' dir='ltr'><strong>ad</strong></span> <span class='ocrx_word' id='word_1_391' title='bbox 976 2401 1012 2434; x_wconf 89' lang='lat' dir='ltr'><strong>te</strong></span> <span class='ocrx_word' id='word_1_392' title='bbox 1037 2399 1094 2435; x_wconf 89' lang='lat' dir='ltr'><strong>vel</strong></span> <span class='ocrx_word' id='word_1_393' title='bbox 1119 2397 1353 2434; x_wconf 81' lang='lat' dir='ltr'><strong>tumultuarie</strong></span> <span class='ocrx_word' id='word_1_394' title='bbox 1379 2396 1538 2433; x_wconf 81' lang='lat' dir='ltr'><strong>scribam.</strong></span> <span class='ocrx_word' id='word_1_395' title='bbox 1587 2397 1744 2432; x_wconf 86' lang='lat' dir='ltr'><strong>Primum</strong></span> 
     </span>
     <span class='ocr_line' id='line_1_37' title="bbox 207 2457 1746 2512; baseline -0.008 -9"><span class='ocrx_word' id='word_1_396' title='bbox 207 2467 320 2512; x_wconf 73' lang='lat' dir='ltr'><strong>igitur</strong></span> <span class='ocrx_word' id='word_1_397' title='bbox 345 2465 440 2512; x_wconf 86' lang='lat' dir='ltr'><strong>quod</strong></span> <span class='ocrx_word' id='word_1_398' title='bbox 465 2464 509 2500; x_wconf 82' lang='lat' dir='ltr'><strong>ad</strong></span> <span class='ocrx_word' id='word_1_399' title='bbox 535 2465 691 2499; x_wconf 79' lang='lat' dir='ltr'><strong>veterem</strong></span> <span class='ocrx_word' id='word_1_400' title='bbox 718 2464 881 2497; x_wconf 85' lang='lat' dir='ltr'><strong>nostrum</strong></span> <span class='ocrx_word' id='word_1_401' title='bbox 907 2460 1057 2495; x_wconf 80' lang='lat' dir='ltr'><strong>amicum</strong></span> <span class='ocrx_word' id='word_1_402' title='bbox 1079 2460 1106 2504; x_wconf 89' lang='lat'><strong>¹)</strong></span> <span class='ocrx_word' id='word_1_403' title='bbox 1133 2459 1275 2502; x_wconf 80' lang='lat' dir='ltr'><strong>attinet,</strong></span> <span class='ocrx_word' id='word_1_404' title='bbox 1300 2458 1330 2494; x_wconf 89' lang='lat' dir='ltr'><strong>is</strong></span> <span class='ocrx_word' id='word_1_405' title='bbox 1355 2458 1423 2494; x_wconf 86' lang='lat' dir='ltr'><strong>etsi</strong></span> <span class='ocrx_word' id='word_1_406' title='bbox 1440 2457 1603 2506; x_wconf 85' lang='lat' dir='ltr'><strong>perplexe</strong></span> <span class='ocrx_word' id='word_1_407' title='bbox 1618 2459 1746 2499; x_wconf 88' lang='lat' dir='ltr'><strong>tecum,</strong></span> 
     </span>
     <span class='ocr_line' id='line_1_38' title="bbox 208 2517 1745 2574; baseline -0.007 -11"><span class='ocrx_word' id='word_1_408' title='bbox 208 2530 380 2574; x_wconf 81' lang='lat' dir='ltr'><strong>quantum</strong></span> <span class='ocrx_word' id='word_1_409' title='bbox 407 2539 450 2563; x_wconf 81' lang='lat' dir='ltr'><strong>ex</strong></span> <span class='ocrx_word' id='word_1_410' title='bbox 475 2525 588 2561; x_wconf 85' lang='lat' dir='ltr'><strong>literis</strong></span> <span class='ocrx_word' id='word_1_411' title='bbox 616 2524 688 2560; x_wconf 88' lang='lat' dir='ltr'><strong>tuis</strong></span> <span class='ocrx_word' id='word_1_412' title='bbox 713 2521 885 2565; x_wconf 81' lang='lat' dir='ltr'><strong>intellexi,</strong></span> <span class='ocrx_word' id='word_1_413' title='bbox 911 2532 1014 2568; x_wconf 80' lang='lat' dir='ltr'><strong>agere</strong></span> <span class='ocrx_word' id='word_1_414' title='bbox 1032 2520 1206 2563; x_wconf 83' lang='lat' dir='ltr'><strong>videatur,</strong></span> <span class='ocrx_word' id='word_1_415' title='bbox 1225 2519 1268 2555; x_wconf 83' lang='lat' dir='ltr'><strong>ad</strong></span> <span class='ocrx_word' id='word_1_416' title='bbox 1286 2531 1340 2555; x_wconf 89' lang='lat' dir='ltr'><strong>me</strong></span> <span class='ocrx_word' id='word_1_417' title='bbox 1358 2521 1476 2555; x_wconf 85' lang='lat' dir='ltr'><strong>tamen</strong></span> <span class='ocrx_word' id='word_1_418' title='bbox 1493 2518 1595 2554; x_wconf 83' lang='lat' dir='ltr'><strong>aliter</strong></span> <span class='ocrx_word' id='word_1_419' title='bbox 1613 2517 1745 2563; x_wconf 85' lang='lat' dir='ltr'><strong>scribit,</strong></span> 
     </span>
     <span class='ocr_line' id='line_1_39' title="bbox 206 2579 1743 2635; baseline -0.007 -10"><span class='ocrx_word' id='word_1_420' title='bbox 206 2602 320 2635; x_wconf 84' lang='lat' dir='ltr'><strong>neque</strong></span> <span class='ocrx_word' id='word_1_421' title='bbox 346 2588 441 2624; x_wconf 79' lang='lat' dir='ltr'><strong>aliud</strong></span> <span class='ocrx_word' id='word_1_422' title='bbox 468 2587 503 2622; x_wconf 90' lang='lat' dir='ltr'><strong>in</strong></span> <span class='ocrx_word' id='word_1_423' title='bbox 529 2589 566 2622; x_wconf 86' lang='lat' dir='ltr'><strong>te</strong></span> <span class='ocrx_word' id='word_1_424' title='bbox 592 2585 753 2632; x_wconf 83' lang='lat' dir='ltr'><strong>requirit,</strong></span> <span class='ocrx_word' id='word_1_425' title='bbox 779 2596 883 2630; x_wconf 89' lang='lat' dir='ltr'><strong>quam</strong></span> <span class='ocrx_word' id='word_1_426' title='bbox 909 2586 951 2618; x_wconf 88' lang='lat' dir='ltr'><strong>ut</strong></span> <span class='ocrx_word' id='word_1_427' title='bbox 968 2582 1011 2618; x_wconf 84' lang='lat' dir='ltr'><strong>ad</strong></span> <span class='ocrx_word' id='word_1_428' title='bbox 1028 2594 1093 2618; x_wconf 89' lang='lat' dir='ltr'><strong>nos</strong></span> <span class='ocrx_word' id='word_1_429' title='bbox 1111 2581 1368 2629; x_wconf 82' lang='lat' dir='ltr'><strong>quamprimum</strong></span> <span class='ocrx_word' id='word_1_430' title='bbox 1385 2580 1506 2617; x_wconf 75' lang='lat' dir='ltr'><strong>venias</strong></span> <span class='ocrx_word' id='word_1_431' title='bbox 1539 2579 1743 2625; x_wconf 82' lang='lat' dir='ltr'><strong>larvamque</strong></span> 
     </span>
     <span class='ocr_line' id='line_1_40' title="bbox 204 2639 1744 2696; baseline -0.007 -11"><span class='ocrx_word' id='word_1_432' title='bbox 204 2649 292 2684; x_wconf 82' lang='lat' dir='ltr'><strong>hanc</strong></span> <span class='ocrx_word' id='word_1_433' title='bbox 325 2648 550 2696; x_wconf 80' lang='lat' dir='ltr'><strong>hypocriseos</strong></span> <span class='ocrx_word' id='word_1_434' title='bbox 584 2645 737 2682; x_wconf 73' lang='lat' dir='ltr'><strong>abiicias.</strong></span> <span class='ocrx_word' id='word_1_435' title='bbox 786 2644 836 2679; x_wconf 73' lang='lat' dir='ltr'><strong>Et</strong></span> <span class='ocrx_word' id='word_1_436' title='bbox 871 2643 956 2678; x_wconf 87' lang='lat' dir='ltr'><strong>facit</strong></span> <span class='ocrx_word' id='word_1_437' title='bbox 988 2643 1053 2678; x_wconf 85' lang='lat' dir='ltr'><strong>hoc</strong></span> <span class='ocrx_word' id='word_1_438' title='bbox 1078 2642 1169 2678; x_wconf 85' lang='lat' dir='ltr'><strong>bona</strong></span> <span class='ocrx_word' id='word_1_439' title='bbox 1195 2654 1237 2678; x_wconf 78' lang='lat' dir='ltr'><strong>ex</strong></span> <span class='ocrx_word' id='word_1_440' title='bbox 1262 2644 1363 2689; x_wconf 85' lang='lat' dir='ltr'><strong>parte</strong></span> <span class='ocrx_word' id='word_1_441' title='bbox 1388 2641 1533 2676; x_wconf 83' lang='lat' dir='ltr'><strong>hortatu</strong></span> <span class='ocrx_word' id='word_1_442' title='bbox 1559 2650 1647 2675; x_wconf 87' lang='lat' dir='ltr'><strong>meo.</strong></span> <span class='ocrx_word' id='word_1_443' title='bbox 1682 2639 1744 2675; x_wconf 89' lang='lat' dir='ltr'><strong>In·</strong></span> 
     </span>
     <span class='ocr_line' id='line_1_41' title="bbox 204 2701 1742 2748; baseline -0.005 -3"><span class='ocrx_word' id='word_1_444' title='bbox 204 2710 407 2746; x_wconf 76' lang='lat' dir='ltr'><strong>tellexcram</strong></span> <span class='ocrx_word' id='word_1_445' title='bbox 441 2708 531 2745; x_wconf 87' lang='lat' dir='ltr'><strong>enim</strong></span> <span class='ocrx_word' id='word_1_446' title='bbox 566 2707 666 2743; x_wconf 88' lang='lat' dir='ltr'><strong>illum</strong></span> <span class='ocrx_word' id='word_1_447' title='bbox 700 2705 766 2742; x_wconf 87' lang='lat' dir='ltr'><strong>tibi</strong></span> <span class='ocrx_word' id='word_1_448' title='bbox 801 2704 962 2748; x_wconf 83' lang='lat' dir='ltr'><strong>suasisse,</strong></span> <span class='ocrx_word' id='word_1_449' title='bbox 1001 2707 1042 2740; x_wconf 88' lang='lat' dir='ltr'><strong>ut</strong></span> <span class='ocrx_word' id='word_1_450' title='bbox 1082 2704 1162 2739; x_wconf 85' lang='lat' dir='ltr'><strong>istic</strong></span> <span class='ocrx_word' id='word_1_451' title='bbox 1194 2703 1346 2745; x_wconf 82' lang='lat' dir='ltr'><strong>haereas,</strong></span> <span class='ocrx_word' id='word_1_452' title='bbox 1387 2701 1495 2737; x_wconf 88' lang='lat' dir='ltr'><strong>donec</strong></span> <span class='ocrx_word' id='word_1_453' title='bbox 1536 2701 1742 2738; x_wconf 80' lang='lat' dir='ltr'><strong>evocareris.</strong></span> 
     </span>
     <span class='ocr_line' id='line_1_42' title="bbox 202 2761 1744 2818; baseline -0.005 -12"><span class='ocrx_word' id='word_1_454' title='bbox 202 2770 246 2806; x_wconf 90' lang='lat' dir='ltr'><strong>Id</strong></span> <span class='ocrx_word' id='word_1_455' title='bbox 272 2783 377 2818; x_wconf 90' lang='lat' dir='ltr'><strong>porro</strong></span> <span class='ocrx_word' id='word_1_456' title='bbox 404 2782 468 2816; x_wconf 71' lang='lat' dir='ltr'><strong>ego</strong></span> <span class='ocrx_word' id='word_1_457' title='bbox 494 2769 530 2804; x_wconf 86' lang='lat' dir='ltr'><strong>in</strong></span> <span class='ocrx_word' id='word_1_458' title='bbox 557 2768 697 2805; x_wconf 89' lang='lat' dir='ltr'><strong>homine</strong></span> <span class='ocrx_word' id='word_1_459' title='bbox 722 2766 926 2814; x_wconf 82' lang='lat' dir='ltr'><strong>reprehendi</strong></span> <span class='ocrx_word' id='word_1_460' title='bbox 952 2778 1013 2813; x_wconf 85' lang='lat' dir='ltr'><strong>per</strong></span> <span class='ocrx_word' id='word_1_461' title='bbox 1048 2777 1141 2801; x_wconf 81' lang='lat' dir='ltr'><strong>meas</strong></span> <span class='ocrx_word' id='word_1_462' title='bbox 1175 2764 1295 2801; x_wconf 81' lang='lat' dir='ltr'><strong>literas</strong></span> <span class='ocrx_word' id='word_1_463' title='bbox 1333 2765 1369 2800; x_wconf 89' lang='lat' dir='ltr'><strong>et</strong></span> <span class='ocrx_word' id='word_1_464' title='bbox 1402 2761 1524 2809; x_wconf 83' lang='lat' dir='ltr'><strong>scripsi</strong></span> <span class='ocrx_word' id='word_1_465' title='bbox 1555 2762 1610 2797; x_wconf 88' lang='lat' dir='ltr'><strong>sui</strong></span> <span class='ocrx_word' id='word_1_466' title='bbox 1643 2762 1744 2798; x_wconf 87' lang='lat' dir='ltr'><strong>officii</strong></span> 
     </span>
     <span class='ocr_line' id='line_1_43' title="bbox 204 2823 1742 2875; baseline -0.007 -7"><span class='ocrx_word' id='word_1_467' title='bbox 204 2844 291 2875; x_wconf 84' lang='lat' dir='ltr'><strong>esse,</strong></span> <span class='ocrx_word' id='word_1_468' title='bbox 319 2831 346 2867; x_wconf 91' lang='lat' dir='ltr'><strong>si</strong></span> <span class='ocrx_word' id='word_1_469' title='bbox 375 2834 492 2867; x_wconf 84' lang='lat' dir='ltr'><strong>tecum</strong></span> <span class='ocrx_word' id='word_1_470' title='bbox 518 2830 670 2866; x_wconf 86' lang='lat' dir='ltr'><strong>fideliter</strong></span> <span class='ocrx_word' id='word_1_471' title='bbox 697 2828 784 2866; x_wconf 88' lang='lat' dir='ltr'><strong>velit</strong></span> <span class='ocrx_word' id='word_1_472' title='bbox 809 2840 923 2874; x_wconf 80' lang='lat' dir='ltr'><strong>agere,</strong></span> <span class='ocrx_word' id='word_1_473' title='bbox 949 2830 990 2862; x_wconf 86' lang='lat' dir='ltr'><strong>ut</strong></span> <span class='ocrx_word' id='word_1_474' title='bbox 1016 2828 1053 2863; x_wconf 87' lang='lat' dir='ltr'><strong>te</strong></span> <span class='ocrx_word' id='word_1_475' title='bbox 1080 2838 1184 2873; x_wconf 80' lang='lat' dir='ltr'><strong>quam</strong></span> <span class='ocrx_word' id='word_1_476' title='bbox 1210 2826 1360 2874; x_wconf 88' lang='lat' dir='ltr'><strong>primum</strong></span> <span class='ocrx_word' id='word_1_477' title='bbox 1387 2824 1490 2859; x_wconf 88' lang='lat' dir='ltr'><strong>istinc</strong></span> <span class='ocrx_word' id='word_1_478' title='bbox 1516 2823 1657 2867; x_wconf 75' lang='lat' dir='ltr'><strong>eximat,</strong></span> <span class='ocrx_word' id='word_1_479' title='bbox 1683 2836 1742 2859; x_wconf 90' lang='lat' dir='ltr'><strong>ne-</strong></span> 
     </span>
     <span class='ocr_line' id='line_1_44' title="bbox 201 2884 1739 2939; baseline -0.007 -9"><span class='ocrx_word' id='word_1_480' title='bbox 201 2894 283 2930; x_wconf 82' lang='lat' dir='ltr'><strong>dum</strong></span> <span class='ocrx_word' id='word_1_481' title='bbox 319 2895 360 2928; x_wconf 88' lang='lat' dir='ltr'><strong>ut</strong></span> <span class='ocrx_word' id='word_1_482' title='bbox 397 2895 431 2928; x_wconf 89' lang='lat' dir='ltr'><strong>te</strong></span> <span class='ocrx_word' id='word_1_483' title='bbox 467 2892 546 2928; x_wconf 87' lang='lat' dir='ltr'><strong>istic</strong></span> <span class='ocrx_word' id='word_1_484' title='bbox 580 2890 728 2939; x_wconf 82' lang='lat' dir='ltr'><strong>amplius</strong></span> <span class='ocrx_word' id='word_1_485' title='bbox 763 2889 904 2925; x_wconf 79' lang='lat' dir='ltr'><strong>haerere</strong></span> <span class='ocrx_word' id='word_1_486' title='bbox 938 2888 1133 2936; x_wconf 81' lang='lat' dir='ltr'><strong>permittat.</strong></span> <span class='ocrx_word' id='word_1_487' title='bbox 1191 2887 1251 2924; x_wconf 83' lang='lat' dir='ltr'><strong>Ita</strong></span> <span class='ocrx_word' id='word_1_488' title='bbox 1283 2885 1442 2923; x_wconf 82' lang='lat' dir='ltr'><strong>fortassis</strong></span> <span class='ocrx_word' id='word_1_489' title='bbox 1467 2884 1535 2924; x_wconf 72' lang='lat' dir='ltr'><strong>ville</strong></span> <span class='ocrx_word' id='word_1_490' title='bbox 1571 2888 1607 2920; x_wconf 86' lang='lat' dir='ltr'><strong>tc</strong></span> <span class='ocrx_word' id='word_1_491' title='bbox 1632 2884 1739 2922; x_wconf 87' lang='lat' dir='ltr'><strong>solito</strong></span> 
     </span>
    </p>
   </div>
  </div>
 </body>
</html>
