1830 3147
1508 162 1580 198 225

46 275 95 313 ab
122 274 205 314 istis
233 274 429 320 docentur,
456 287 533 312 non
562 273 866 325 equi-(508)dem
893 273 1077 311 humanae
1105 272 1262 311 rationis
1290 285 1333 310 ac
1359 271 1580 324 prudentiae

46 339 216 386 consilia,
268 339 332 378 sed
376 338 471 388 legis
518 338 680 376 Divinae
723 338 762 376 in
801 338 1009 389 scripturae
1045 337 1271 375 testimoniis
1308 336 1579 388 praescriptum

45 407 158 455 atque
184 403 422 442 autoritatem
451 402 629 454 requirat,
656 416 702 440 ne
730 415 807 440 non
833 405 912 440 tam
940 401 1034 451 legis
1063 401 1236 448 Divinae,
1263 415 1375 452 quam
1395 400 1583 438 humanae

44 467 265 519 prudentiae
311 466 487 505 Minister
531 467 657 518 potius
702 466 820 504 fuisse
863 466 904 504 in
943 465 1012 504 Dei
1049 465 1139 503 olim
1176 465 1319 503 iudicio
1354 465 1582 504 inveniatur.

49 533 163 571 Nunc
189 546 288 578 vero,
314 545 390 570 non
417 536 494 570 tam
524 546 613 570 sane
640 533 760 582 legem
788 532 871 578 Dei,
897 544 1010 582 quam
1037 531 1225 569 humanae
1252 530 1470 582 prudentiae
1491 543 1580 568 con·

48 599 132 637 silia
167 598 304 650 requiri
341 597 510 636 videmus
546 598 686 649 passim
722 598 761 635 in
791 610 900 635 causa
928 596 1181 635 restituendae
1207 596 1413 645 religionis,
1441 600 1490 641 et,
1516 607 1581 633 ne-

47 664 180 714 glectis
222 663 400 713 legitimis
436 663 627 701 Ecclesiae
660 663 824 708 iudiciis,
861 662 1041 713 neglectis
1075 662 1164 700 item
1203 674 1330 699 eorum
1373 661 1584 706 sententiis,

48 740 142 778 quos
183 741 248 779 per
290 727 472 779 Spiritum
516 732 686 766 sanctum
715 727 755 764 in
790 731 952 765 rectores
989 740 1032 764 ac
1065 726 1338 777 gubernatores
1379 725 1581 770 Ecclesiae,

48 791 148 842 quod
186 792 232 829 ad
275 791 402 830 divina
440 792 586 838 attinet,
615 792 840 830 constitutos
868 805 947 830 esse
975 791 1082 829 docet
1110 791 1260 836 Paulus,
1287 782 1463 841 auspiciis
1492 803 1582 827 con-

48 856 216 907 siliisque
253 857 461 894 aulicorum
504 857 715 894 restituitur
743 856 872 905 religio
902 869 944 894 ex
972 855 1190 906 Principum
1218 854 1388 901 arbitriO,
1416 867 1497 891 cum
1523 854 1581 892 ni-

48 920 126 959 hilo
162 922 246 972 plus
282 921 496 960 autoritatis
523 921 766 973 potestatisve
794 921 866 958 sibi
895 934 916 958 a
951 920 1029 958 Deo
1057 919 1216 959 traditae
1245 919 1407 958 habeant
1435 919 1581 956 Princi-

48 999 112 1036 pes
147 986 398 1037 Satrapaeque
432 986 582 1024 illorum
619 999 748 1024 omnes
784 986 824 1023 in
862 986 1070 1024 statuendis
1107 985 1150 1023 de
1187 985 1370 1034 religione
1407 985 1582 1035 cultuque

48 1049 188 1088 Divino
224 1051 263 1088 in
300 1051 379 1089 eius
417 1051 586 1089 Ecclesia
622 1050 780 1100 legibus,
818 1064 930 1101 quam
959 1050 1063 1088 verbi
1093 1049 1260 1088 Ministri
1287 1050 1427 1088 habent
1454 1050 1494 1087 in
1522 1050 1580 1087 fo-

47 1114 218 1152 rensibus
255 1128 298 1152 ac
334 1115 499 1166 politicis
539 1115 686 1164 legibus
712 1115 752 1153 in
781 1128 820 1153 re
846 1115 998 1166 publica
1025 1115 1336 1166 praescribendis,
1365 1115 1440 1153 nisi
1467 1116 1582 1166 quod,

47 1177 361 1227 quemadmodum
400 1177 502 1215 verbi
539 1177 709 1215 Ministri
737 1182 823 1215 sunt
849 1178 1002 1228 quidem
1030 1182 1064 1215 et
1092 1178 1165 1228 ipsi
1193 1177 1365 1215 custodes
1406 1178 1581 1228 politicae

50 1240 296 1290 Magistratus
323 1242 363 1279 in
391 1241 532 1279 Christi
560 1241 728 1279 Ecclesia
755 1241 1054 1292 gubernationis,
1080 1247 1122 1280 ut
1151 1255 1196 1279 ne
1224 1242 1314 1292 quid
1341 1242 1381 1279 in
1408 1242 1472 1279 illa
1492 1255 1581 1279 con·

48 1309 106 1343 tra
144 1305 248 1343 verbi
284 1305 414 1344 Divini
448 1306 719 1357 praescriptum
746 1310 896 1356 geratur
940 1311 1125 1345 statuatur
1152 1307 1274 1345 alatur
1301 1319 1343 1344 ac
1370 1308 1482 1355 (509)
1519 1306 1582 1344 de-

49 1368 236 1415 fendatur,
273 1370 338 1408 sed
374 1371 553 1420 legitimis
593 1371 664 1415 hac
699 1372 739 1409 in
775 1376 879 1423 parte
918 1385 963 1410 ex
1002 1372 1114 1410 verbo
1155 1371 1227 1410 Dei
1261 1371 1584 1410 admonitionibus

47 1433 147 1484 apud
185 1433 451 1484 Magistratum
488 1436 693 1486 quemlibet
728 1440 896 1483 utantur,
924 1436 987 1487 qui
1016 1449 1084 1487 pro
1114 1436 1332 1474 Christiano
1370 1435 1499 1473 haberi
1526 1436 1585 1473 in-

48 1512 119 1550 que
149 1512 302 1550 corpore
329 1500 519 1538 Ecclesiae
546 1500 735 1538 numerari
764 1501 863 1546 velit,
892 1501 932 1538 in
960 1501 1042 1539 aliis
1071 1514 1157 1539 vero
1187 1501 1362 1551 omnibus
1392 1514 1586 1538 commen-

55 1563 144 1602 dent
181 1577 224 1602 ac
260 1569 503 1615 promoveant
539 1565 732 1616 politicam
770 1565 1018 1615 Magistratus
1055 1567 1293 1604 autoritatem
1329 1565 1427 1617 apud
1463 1569 1582 1603 totam

50 1628 271 1674 Ecclesiam,
296 1651 347 1658 -
374 1629 425 1674 ita
454 1633 490 1667 et
516 1630 692 1681 politicus
720 1631 876 1681 quisque
905 1630 1150 1681 Magistratus
1175 1631 1335 1668 vicissim
1358 1635 1413 1668 est
1433 1630 1583 1682 quidem

50 1699 84 1731 et
120 1694 198 1745 ipse
227 1698 351 1732 custos
379 1695 528 1746 pietatis
556 1695 729 1746 publicae
758 1696 925 1733 omnium
954 1696 995 1733 in
1024 1696 1195 1733 Ecclesia
1225 1696 1378 1740 Christi,
1407 1701 1446 1733 ut
1472 1695 1584 1733 intel-

46 1758 153 1808 ligat,
180 1772 306 1797 curam
332 1759 525 1809 religionis
552 1773 629 1798 non
658 1760 780 1798 minus
808 1760 854 1798 ad
892 1773 943 1806 se,
969 1773 1081 1811 quam
1109 1760 1155 1797 ad
1183 1761 1284 1811 ipsos
1312 1759 1422 1798 etiam
1451 1759 1584 1797 Eccle-

49 1823 124 1862 siae
150 1829 319 1875 pastores
361 1838 404 1863 ac
431 1829 594 1863 rectores
621 1826 660 1863 in
690 1826 792 1864 verbi
820 1825 1028 1863 ministerio
1057 1826 1252 1877 pertinere,
1282 1825 1346 1863 sed
1373 1839 1452 1864 esse
1479 1839 1584 1876 prae-

52 1889 228 1939 scriptam
265 1889 338 1926 sibi
373 1889 522 1927 interim
559 1889 638 1926 eius
667 1903 753 1927 suae
781 1889 972 1927 custodiae
999 1889 1196 1928 rationem.
1253 1889 1396 1939 Nempe
1433 1892 1485 1935 ut,
1514 1889 1584 1926 ob·

51 1952 206 1991 servatis
241 1953 420 2003 legitimis
458 1953 649 1991 Ecclesiae
677 1967 721 1991 ex
749 1954 862 1992 verbo
902 1954 971 1991 Dei
1006 1953 1169 2000 iudiciis,
1206 1953 1282 1991 illis
1318 1952 1585 2003 gubernandae

53 2016 244 2055 Ecclesiae
281 2018 520 2056 autoritatem
556 2019 758 2069 permittat,
794 2017 894 2069 quod
932 2018 979 2056 ad
1016 2018 1155 2057 Divina
1201 2017 1588 2068 conscientiarumque

51 2082 350 2134 pacificationem
386 2083 532 2129 attinet,
568 2096 663 2134 quos
698 2084 745 2121 ad
780 2083 819 2121 id
858 2084 1097 2135 peculiariter
1132 2083 1180 2121 ab
1218 2084 1378 2135 ipsomet
1406 2083 1484 2121 Deo
1520 2096 1586 2134 per

51 2147 233 2198 Spiritum
261 2152 433 2186 sanctum
462 2162 568 2186 suum
599 2149 826 2187 constitutos
854 2162 934 2187 esse
962 2149 1147 2200 scriptura
1174 2149 1255 2200 ipsa
1283 2153 1452 2193 testatur,
1470 2169 1521 2177 -
1539 2162 1584 2186 ex

54 2224 118 2249 ore
154 2216 278 2250 tamen
314 2212 464 2250 illorum
501 2213 621 2263 legem
659 2212 763 2251 verbi
802 2213 932 2250 Divini
959 2214 998 2251 in
1027 2213 1204 2251 omnibus
1240 2226 1384 2251 summa
1421 2226 1508 2251 cura
1544 2226 1588 2250 ac

56 2277 251 2326 diligentia
285 2278 462 2328 requirat,
488 2290 554 2328 pro
582 2278 728 2315 ratione
757 2291 842 2315 suae
871 2278 1075 2323 custodiae,
1102 2291 1345 2330 quaeeunque
1374 2278 1428 2315 illi
1456 2278 1585 2315 obser-

53 2342 175 2380 vanda
204 2356 282 2380 esse
311 2343 458 2389 docent,
494 2356 541 2381 ne
577 2343 668 2394 quid
703 2347 739 2381 et
775 2343 846 2394 ipsi
885 2345 996 2391 (510)
1025 2343 1230 2381 humanum
1257 2356 1325 2394 pro
1354 2343 1482 2380 divino
1510 2343 1583 2380 Ec-

56 2407 188 2445 clesiae
217 2407 436 2446 obtrudant.
491 2409 584 2445 Sunt
613 2407 712 2445 enim
740 2411 776 2445 et
804 2407 860 2445 illi
888 2407 1073 2454 homines,
1100 2407 1163 2459 qui
1191 2412 1227 2446 et
1256 2407 1337 2445 falli
1365 2412 1523 2458 possunt
1549 2413 1585 2446 et

54 2472 196 2519 fallere,
231 2476 271 2510 ut
306 2472 431 2510 omnia
467 2486 555 2511 sane
591 2473 743 2510 illorum
770 2473 921 2524 probari
958 2473 1239 2524 examinarique
1275 2477 1455 2524 oporteat.
1511 2474 1583 2511 Sed

57 2537 90 2575 si
127 2550 192 2575 sua
228 2537 284 2575 illi
322 2537 461 2584 omnia,
496 2538 704 2576 observatis
740 2538 918 2589 legitimis
954 2539 1144 2577 Ecclesiae
1171 2538 1334 2583 iudiciis,
1370 2539 1482 2577 verbo
1516 2539 1586 2577 Dei

57 2607 307 2641 consentanea
342 2617 423 2641 esse
459 2607 495 2642 et
532 2603 579 2641 ad
624 2603 814 2642 Ecclesiae
859 2604 1157 2642 aedificationem
1194 2603 1379 2654 pertinere
1416 2604 1586 2650 doceant,

57 2667 218 2705 officium
254 2667 498 2717 Magistratus
536 2672 604 2714 est,
638 2681 680 2705 ea
718 2668 842 2707 omnia
878 2669 1054 2720 amplecti
1089 2672 1125 2707 et
1162 2669 1300 2706 efficere
1338 2669 1441 2707 iuxta
1469 2669 1587 2718 gladii

59 2731 131 2769 sibi
159 2732 366 2770 concrediti
393 2733 656 2779 ministerium,
684 2737 725 2771 ut
752 2747 817 2785 per
845 2747 974 2772 omnes
1003 2747 1091 2772 suos
1119 2737 1341 2780 reverenter,
1367 2739 1408 2772 ut
1426 2747 1586 2785 aequum

57 2799 126 2840 est.
153 2808 196 2833 ac
222 2795 396 2845 religiose
423 2797 681 2836 observentur.
735 2797 822 2835 Hoc
851 2812 940 2836 sane
966 2802 1021 2836 est
1059 2798 1218 2835 officium
1257 2798 1435 2849 cuiusque
1464 2798 1587 2848 Magi-

59 2862 196 2898 stratus
232 2861 271 2899 in
300 2861 440 2899 Christi
466 2862 635 2900 Ecclesia
664 2861 761 2900 circa
790 2876 940 2902 causam
968 2862 1176 2912 religionis.
1230 2862 1302 2900 Sed
1330 2868 1511 2913 quantum
1539 2864 1586 2901 ab

57 2922 124 2960 illo
164 2937 264 2963 nunc
300 2925 503 2965 discessum
539 2927 598 2973 sit,
634 2927 744 2966 facile
770 2927 909 2978 passim
939 2928 1121 2967 videmus.
1176 2927 1289 2968 Quod
1316 2932 1441 2966 tamen
1468 2933 1588 2966 totum

111 2986 168 3026 Π.
1392 2993 1438 3030 15
