1830 3147
228 163 292 211 [A.
316 164 366 200 D.
390 163 501 209 1528]
959 159 1028 195 550

227 274 263 308 et
288 271 405 307 foelix.
429 271 560 306 Datum
587 270 621 305 in
646 267 825 304 Lubnicze
854 268 910 312 ¹⁷),
933 267 1016 303 xviii
1041 266 1251 303 Novembris
1280 279 1373 303 anuo
1392 266 1564 303 Dom.M.
1585 266 1628 303 D.
1643 265 1764 303 xxviii.

276 332 396 369 Eidem
424 336 563 368 vestrae
589 328 880 377 Magnificentiae
904 328 1144 364 deditissimus

1080 389 1252 425 Immune
1279 389 1300 425 a
1324 387 1445 425 LAsco

795 449 1051 485 Gnesnensium
1078 449 1294 496 praepositus
1322 452 1410 489 etc„
1439 461 1545 484 manu
1572 447 1720 494 propria.

230 517 292 562 [In
335 513 458 549 dorso:
493 513 675 558 Maynifico
710 510 850 546 Domino
883 511 1026 546 Antonio
1064 510 1205 555 Rynlcon
1244 510 1445 545 Consilt'arz'o
1486 512 1519 544 et
1558 508 1764 544 cambellano
1822 550 1826 554 1

228 575 502 612 Chrz'stianissr'mi
526 574 715 609 Galliarum
743 572 844 619 Reqis
868 573 940 613 ela,
963 572 1065 606 amico
1089 571 1418 616 observandissimo.]

273 698 298 737 ⁵)
321 698 482 728 Amomo
510 696 670 733 RYNKON,
699 694 767 726 sive
796 695 946 737 Rumon,
975 693 1135 725 Dominus
1167 693 1206 725 de
1235 693 1411 731 Germolas,
1434 692 1566 724 natione
1586 691 1764 734 Hispanus,

229 753 262 784 in
286 751 426 784 exercitu
454 750 632 792 Hispanico
661 749 700 781 ad
731 749 867 791 gradum
895 749 1064 791 Capitanei
1092 751 1275 791 provectus,
1304 748 1443 790 patriam
1466 759 1556 779 suam
1578 747 1710 789 reliquit
1733 749 1766 779 et

230 819 303 839 cum
325 817 449 838 summo
474 805 619 837 omnium
642 804 799 847 applausu
812 805 909 846 legati
921 804 1102 836 ministerio
1120 804 1177 836 sub
1192 803 1343 846 auspiciis
1360 803 1473 835 Franc.
1489 803 1516 842 1,
1533 803 1656 834 Galliae
1671 802 1768 845 regis,

228 865 359 895 functus
381 864 440 893 est.
484 863 577 893 Anno
601 861 683 893 1526
705 861 900 903 legationem
923 860 1066 902 suscepit
1088 859 1127 891 ad
1151 860 1334 902 Zapolyam.
1371 859 1422 893 Cf.
1443 859 1660 898 cummim,
1685 858 1766 900 Νέᾳ.

229 920 268 951 de
303 920 337 950 la
377 919 498 950 France
530 928 604 949 avec:
631 919 661 948 le
693 917 820 955 Levant,
855 916 881 948 I.
910 928 943 959 p.
975 917 1045 948 520.
1089 916 1325 954 „Anthonium
1354 916 1542 953 Rinconem,
1571 914 1699 946 fidelem
1729 925 1766 946 ac

229 976 383 1008 dilectum
406 974 649 1006 Cambellanum
672 973 957 1014 consiliariumque
980 975 1124 1004 nostrum
1148 982 1221 1003 cum
1243 971 1294 1003 his
1316 971 1435 1003 litteris
1458 971 1498 1002 ad
1513 970 1765 1002 illustrissimam

228 1031 491 1064 Dominationem
522 1032 663 1062 vestram
691 1028 883 1060 mittimuw
907 1028 1035 1069 (Frane.
1060 1028 1076 1059 1
1101 1027 1140 1058 ad
1163 1027 1362 1069 Zapolyam).
1385 1026 1499 1058 Mense
1520 1027 1609 1068 Sept.
1631 1037 1658 1058 a.
1682 1026 1765 1060 1527

229 1087 394 1121 Francisci
421 1081 505 1129 apud
533 1085 786 1128 sigismundum,
813 1084 885 1116 Pol.
914 1094 991 1125 reg..
1015 1085 1124 1114 orator
1152 1083 1226 1115 fuit.
1248 1083 1296 1115 Ib.
1319 1094 1351 1125 p.
1376 1082 1447 1114 160.
1491 1081 1542 1115 Cf.
1563 1082 1765 1119 memsEN,

235 1144 342 1176 Gesclz.
371 1143 426 1174 des
463 1142 545 1174 Osm.
576 1141 685 1172 Reiclz.
717 1140 764 1173 Π.
791 1139 863 1173 672.
894 1139 980 1172 BAR.
1007 1148 1054 1170 DE
1077 1139 1131 1171 ST.
1162 1138 1304 1177 GfiNOIS,
1328 1138 1419 1170 Miss.
1440 1137 1520 1179 dipl.
1542 1137 1582 1169 de
1607 1138 1640 1170 O.
1662 1136 1704 1169 D.
1726 1137 1766 1168 de

230 1200 393 1240 Schepper.
425 1199 523 1230 Brux.
552 1198 614 1229 ’56.
642 1207 675 1238 p.
706 1196 757 1228 14.
801 1196 973 1226 ADELUNG
1004 1205 1035 1226 u.
1068 1195 1227 1233 ROTERM,
1258 1194 1314 1227 VI.
1347 1194 1431 1226 2182
1461 1193 1603 1225 eiusdem
1625 1192 1766 1224 nominis

229 1256 445 1287 Franciscano
474 1253 581 1285 ordini
609 1252 792 1294 adscriptus
822 1251 966 1283 Antonio
988 1251 1114 1292 Rineon
1138 1252 1417 1287 commemoratur,
1441 1249 1495 1291 qui
1518 1248 1650 1290 scripsit
1673 1247 1770 1286 ‚‚M0·
1796 1290 1799 1291 .

230 1314 377 1344 numenta
400 1310 523 1342 ordinis
544 1309 609 1340 sive
629 1309 669 1340 de
690 1308 768 1339 viris
791 1308 978 1339 illustribus.
1001 1307 1118 1339 Salam.
1142 1307 1236 1338 1511.
1258 1307 1306 1339 4⁰.
1349 1306 1377 1344 2)
1400 1304 1565 1337 Ludovico
1588 1303 1673 1346 apud
1696 1304 1767 1335 Mo·

230 1369 318 1400 hacz.
341 1368 386 1399 a0.
408 1366 489 1397 1526
512 1365 683 1408 profligato
706 1364 803 1405 inque
825 1362 997 1405 paludibus
1028 1361 1248 1394 adiacentibus
1277 1361 1442 1398 suffocato,
1465 1360 1604 1391 Ioannes
1625 1359 1766 1401 Zapolya

230 1426 261 1456 et
292 1422 514 1455 Ferdinandus
548 1421 586 1452 de
610 1430 728 1451 corona
750 1418 912 1460 Ungariae
943 1418 1200 1455 decertaverunt.
1243 1416 1380 1447 Ioannes
1403 1416 1443 1447 ad
1465 1416 1494 1446 X
1516 1415 1599 1447 Nov.
1621 1414 1765 1446 eiusdem

231 1479 307 1511 anni
328 1478 363 1509 in
385 1476 535 1509 Comitiis
559 1473 1004 1515 Stuhlweissenburgensibus
1028 1473 1157 1510 electus,
1187 1483 1261 1504 mox
1291 1474 1399 1503 tamen
1427 1471 1465 1502 ab
1490 1471 1685 1502 aemulatore
1707 1481 1765 1501 suo

231 1534 355 1577 patriae
376 1532 494 1564 finibus
518 1531 630 1563 cedere
653 1532 795 1568 coaetus,
818 1529 973 1560 auxilium
995 1528 1183 1570 imploravit
1204 1538 1315 1569 regum
1337 1527 1493 1558 Poloniae
1510 1518 1707 1567 Galliaeque,
1729 1527 1768 1557 ut

231 1593 264 1622 et
296 1591 476 1622 Turcarum
507 1586 663 1619 Caesaris.
708 1585 933 1627 Sigismundus
968 1584 996 1615 ei
1027 1584 1187 1625 refugium
1210 1583 1347 1625 aperuit,
1371 1583 1494 1613 Galliae
1516 1593 1571 1613 rex
1593 1581 1770 1624 spopondit

231 1645 411 1688 pecuniam,
445 1643 608 1674 Suleiman
639 1643 755 1679 autem,
790 1640 906 1682 quibus
936 1639 1073 1671 maxime
1104 1639 1133 1670 ei
1156 1650 1235 1681 opus
1259 1640 1337 1677 erat,
1362 1638 1472 1680 copias
1495 1637 1524 1669 ei
1547 1636 1770 1679 suppeditavit

232 1713 328 1744 seque
357 1702 464 1743 ipsum
492 1698 632 1742 proximi
660 1697 746 1729 veris
769 1697 864 1728 initio
890 1707 961 1727 eum
985 1698 1054 1727 toto
1077 1695 1220 1727 exercitu
1243 1706 1299 1727 suo
1322 1697 1494 1727 venturum
1518 1705 1587 1725 esse
1608 1693 1768 1735 Zapolyae

232 1757 353 1790 oratori
383 1755 540 1788 Iaroslavi
574 1754 803 1795 (Hieronymo)
837 1752 957 1793 Lasky,
990 1751 1134 1783 Siradiae
1166 1750 1325 1789 Palatino,
1356 1750 1522 1792 pollicitus
1545 1751 1602 1781 est.
1646 1749 1685 1780 In
1708 1748 1768 1780 hae

231 1816 341 1846 nostra
373 1811 522 1854 Epistola
552 1809 692 1841 oratoris
725 1808 833 1849 Lasky
866 1809 977 1845 frater,
1011 1817 1120 1838 rerum
1154 1806 1238 1848 regis
1271 1806 1440 1847 Zapolyae,
1463 1808 1500 1836 ut
1521 1807 1665 1846 apparet,
1687 1804 1769 1835 bene

231 1879 359 1911 gnarus,
390 1866 531 1898 Antonio
562 1865 699 1906 Rincon,
730 1863 786 1906 qui
817 1863 904 1905 apud
932 1861 1142 1893 Franciscum
1164 1862 1181 1893 I
1203 1861 1298 1892 rebus
1322 1860 1503 1902 Hungarici
1525 1860 1610 1901 regis
1631 1860 1771 1902 patroci-

232 1924 378 1961 nabatur,
402 1922 530 1953 felicem
551 1920 675 1963 primae
699 1919 732 1951 in
755 1918 960 1960 Hungariam
981 1929 998 1949 e
1021 1917 1159 1949 Polonia
1181 1916 1378 1948 incursionis
1401 1918 1554 1947 eventum
1574 1916 1772 1957 exoptatam-

233 1990 293 2021 que
322 1979 501 2010 Turcarum
529 1975 690 2008 exercitus
724 1974 963 2017 apparitionem
995 1984 1031 2005 eo
1063 1972 1198 2004 consilio
1230 1971 1411 2010 annuntiat,
1434 1974 1471 2003 ut
1492 1973 1621 2003 strenue
1645 1970 1769 2002 Galliae

233 2045 340 2076 regem
362 2033 555 2075 impelleret,
579 2031 719 2063 nummis
742 2041 758 2062 e
781 2030 958 2071 longinquo
981 2030 1138 2061 Ioannem
1161 2029 1338 2060 sublevare.
1382 2027 1434 2060 Cf.
1454 2027 1631 2065 MAJLaTH‚
1659 2027 1769 2058 Gesclz.

235 2103 262 2123 v.
288 2089 492 2122 oesterreich.
515 2088 558 2120 II.
581 2098 613 2129 p.
638 2087 773 2119 18-21.
800 2087 909 2118 Gcsclz.
931 2086 963 2118 d.
987 2085 1174 2127 Mayyaren.
1197 2096 1229 2127 p.
1252 2084 1387 2116 21—23.
1409 2085 1609 2121 ZmKEISEN,
1634 2094 1662 2114 o.
1685 2082 1707 2114 l.
1723 2083 1770 2116 II.

235 2147 295 2178 659
319 2157 387 2188 sqq.
410 2154 480 2176 von
502 2144 670 2181 ΗΔΜΜΕΒ,
699 2142 808 2174 Gesclz.
837 2142 869 2174 d.
897 2142 977 2173 Osm.
1007 2141 1117 2173 Reiclz.
1140 2141 1204 2172 111.
1228 2139 1322 2182 1³:72
1345 2151 1414 2181 sqq.
1437 2140 1631 2177 BucHOLTZ‚
1660 2139 1768 2172 Gesclz.

239 2203 332 2234 Ferd.
354 2202 395 2240 L,
418 2201 482 2232 ΙΙΙ.
505 2201 566 2232 250
590 2196 659 2241 sqq.
703 2200 762 2239 (DE
789 2198 975 2237 BRENNER)
1007 2197 1094 2229 Hist.
1118 2197 1150 2229 d.
1182 2196 1258 2229 Re'v.
1280 2196 1320 2227 de
1341 2195 1495 2237 Honyrie.
1518 2195 1627 2236 Hagae
1651 2194 1770 2227 Comit.

236 2257 329 2294 1739.
362 2257 398 2288 Τ.
429 2255 455 2287 I.
479 2266 510 2297 p.
540 2255 590 2287 46.
636 2254 867 2291 ISTHUANFFY,
898 2252 1001 2294 Reym'
1023 2253 1132 2294 Huny.
1154 2252 1228 2283 hist.
1252 2251 1322 2283 Col.
1345 2252 1422 2292 Agr.
1447 2250 1539 2283 1724.
1562 2262 1594 2293 p.
1618 2251 1701 2289 96‚7.
1724 2260 1769 2282 DE

236 2314 333 2351 SAcY,
356 2312 444 2343 Hz'st.
470 2311 509 2341 de
539 2309 695 2352 Honyrz’e.
718 2310 792 2341 Par.
815 2308 908 2341 1778.
931 2309 958 2340 Ι.
982 2320 1014 2351 p.
1039 2308 1099 2340 268
1123 2319 1170 2349 sq.
1194 2308 1454 2345 SECKENDonrr‚
1478 2307 1566 2338 Hist.
1589 2306 1684 2339 laath.
1706 2307 1769 2340 ΙΙΙ.

237 2370 265 2401 5.
289 2372 303 2409 §
326 2369 355 2401 9.
385 2379 416 2410 p.
445 2368 496 2399 28.
525 2366 646 2404 CRAm,
677 2365 765 2397 Hist.
793 2367 836 2404 of
851 2365 903 2396 the
927 2367 1012 2406 prot.
1035 2365 1151 2396 charel»
1173 2365 1207 2395 in
1230 2365 1398 2405 Hunqary.
1422 2363 1525 2396 Lond.
1548 2363 1640 2395 1824.
1661 2373 1694 2405 p.
1717 2362 1769 2397 47.

236 2425 262 2463 3)
286 2424 335 2455 De
367 2424 515 2464 magnate
548 2421 605 2452 illo
636 2421 818 2462 Hoinofiay.
848 2419 900 2452 Cf.
938 2420 1009 2451 Urlc.
1040 2420 1108 2450 und
1135 2421 1277 2450 Acten-515.
1301 2429 1358 2450 zur
1385 2419 1493 2450 Geso-lt.
1516 2418 1573 2449 der
1603 2418 1691 2451 Verlz.
1712 2429 1767 2450 zw.

240 2479 375 2510 Oesterr.
405 2479 526 2520 Unqern
548 2489 579 2509 u.
601 2477 633 2508 d.
657 2477 770 2517 Pforte
790 2477 832 2506 im
855 2476 895 2507 16
918 2487 948 2508 u.
973 2474 1011 2507 17
1034 2476 1109 2508 led.
1132 2476 1224 2506 Wien
1240 2475 1331 2508 1840.
1345 2475 1380 2505 6e
1391 2475 1472 2506 Lief.
1500 2475 1569 2505 Ges.
1587 2474 1627 2505 K.
1643 2474 1772 2506 FerdJ

236 2548 278 2568 an
307 2536 420 2567 Sultan
450 2535 620 2570 Suleiman,
645 2533 693 2565 ed.
717 2533 845 2570 GEVAY,
868 2532 903 2563 in
925 2532 985 2573 Ep.
1009 2531 1150 2562 Thomae
1173 2530 1364 2571 Szalahazys
1388 2530 1428 2561 ad
1451 2530 1489 2561 R.
1511 2528 1606 2560 Ferd.
1629 2528 1660 2560 d.
1684 2529 1767 2560 Ofen

238 2593 256 2623 8
280 2592 367 2633 Sept.
390 2591 483 2622 1528.
507 2590 708 2631 „Exspectat
729 2590 890 2619 tormenta
911 2587 1034 2618 maiora
1057 2590 1089 2617 et
1111 2587 1265 2617 Ioannem
1287 2586 1394 2627 ipsum
1416 2584 1471 2626 qui
1487 2594 1549 2615 una
1565 2594 1637 2615 cum
1652 2584 1768 2617 Franc.

237 2649 431 2688 Homonnay
465 2646 609 2677 omnium
642 2643 884 2686 praedicatione
918 2645 949 2674 et
979 2643 1095 2684 plausu
1128 2644 1282 2673 venturus
1313 2641 1390 2672 est.’'
1411 2640 1638 2677 Ismarum,
1662 2651 1694 2682 p.
1717 2641 1768 2673 96.

236 2704 265 2743 Δ)
288 2703 340 2734 Sc.
370 2702 523 2733 Iaroslaw
551 2700 667 2741 Lasky,
694 2698 862 2730 Palatinus
896 2698 1049 2730 Siradiae.
1095 2697 1145 2729 Cf.
1176 2697 1381 2743 Snmmnps,
1411 2695 1467 2726 VI.
1503 2695 1580 2726 103³
1614 2697 1646 2726 et
1673 2695 1769 2727 Actio

238 2759 283 2790 H.
311 2756 416 2798 Lasky
441 2757 527 2797 apud
561 2756 690 2787 Tem-cam
719 2754 843 2785 nomine
873 2753 978 2794 Remis,
1006 2753 1040 2784 in
1070 2753 1152 2785 Bm..
1180 2753 1363 2793 Apparatus
1390 2750 1434 2781 ad
1460 2750 1533 2782 hist.
1568 2750 1768 2792 Hunyariae.

236 2812 370 2845 Posonii
394 2811 484 2844 1753.
507 2823 538 2853 p.
562 2812 633 2843 159.
655 2812 836 2847 Minium
865 2808 973 2840 Gesch.
995 2808 1027 2841 d.
1058 2808 1146 2849 May.
1168 2807 1225 2839 IV.
1248 2818 1280 2849 p.
1302 2807 1352 2838 21.
1396 2807 1423 2847 ⁵)
1448 2806 1498 2837 Cf.
1522 2806 1638 2838 GEVAY
1654 2818 1681 2838 c.
1697 2807 1718 2839 l.
1734 2817 1767 2849 p.

238 2868 277 2899 39
308 2866 431 2906 „addet
464 2868 500 2897 ut
532 2876 624 2907 spero
660 2867 717 2905 (sc.
751 2863 854 2906 copiis
887 2862 1098 2901 Ferdinandi)
1133 2872 1207 2893 suos
1236 2860 1392 2892 Dominus
1426 2859 1570 2891 Andreas
1593 2860 1769 2901 Bathory.''

238 2922 265 2966 ⁶)
290 2920 370 2967 Quis
399 2919 454 2951 ille
484 2919 536 2958 sit,
567 2917 682 2951 nullibi
712 2917 859 2960 detegere
888 2916 992 2959 potui.
1036 2916 1064 2956 ⁷)
1089 2914 1139 2947 Cf.
1163 2915 1289 2952 Gnvar,
1312 2925 1341 2946 o.
1363 2913 1385 2945 l.
1408 2913 1442 2944 in
1470 2924 1519 2955 ep.
1543 2913 1628 2945 laud.
1652 2912 1709 2945 sub
1734 2913 1764 2946 3.
