1830 3147
250 157 311 206 [A.
338 155 383 195 D.
408 154 521 203 1550]
977 149 1046 188 642

248 275 316 297 Knn
343 266 414 299 Soc.
444 275 473 297 ο.
502 264 523 296 l.
551 262 728 296 107—115.
771 261 799 302 ³)
824 260 981 292 Recensui
1016 260 1099 292 hanc
1133 260 1298 292 scedulam
1328 261 1413 292 inter
1437 270 1489 291 eas
1511 258 1674 301 epistolas,
1705 268 1783 299 quas

246 321 356 354 statim
388 324 462 364 post
495 330 586 352 suum
619 319 652 349 in
683 318 834 360 Angliam
858 317 1032 349 adventum
1054 317 1175 348 Lascus
1202 319 1311 348 noster
1340 315 1479 358 scripsit,
1504 315 1549 347 1⁰.
1571 314 1721 356 quoniam
1745 313 1783 345 de

249 378 372 420 Hoperi
395 377 533 409 adventu
556 376 602 406 ita
624 374 748 412 scribit,
771 377 807 406 ut
828 374 964 415 longum
985 373 1141 415 temporis
1164 373 1374 405 intervallum
1397 372 1435 404 ab
1459 382 1496 403 οο
1523 371 1663 402 abfuisse
1690 381 1785 412 appa·

248 438 326 472 reat,
364 434 410 466 2⁰.
443 432 518 475 quia
547 431 586 463 de
618 430 764 463 Ecclesia
798 440 855 462 sua
888 429 1113 461 constituenda
1144 429 1245 461 veluti
1280 428 1318 461 de
1348 439 1383 460 re
1406 427 1582 460 etiamnum
1604 425 1785 458 inchoanda

249 490 404 532 loquitur.

248 697 313 734 ΝΟ.
339 697 397 734 68.
1352 696 1400 740 [Ex
1416 697 1484 731 Arci..
1501 697 1566 731 Secr.
1584 698 1641 737 [leg.
1655 693 1779 738 Region]

800 817 857 854 Ad
884 817 1019 853 DncsM
1046 816 1241 852 Pnussm.

297 938 419 986 Quod
446 940 553 987 post
577 950 715 975 meum
741 937 823 974 huc
848 937 1101 974 adventum
1126 935 1244 973 nihil
1270 935 1416 972 adhuc
1442 935 1713 984 scripserim
1730 936 1781 971 ad

250 1004 372 1037 tuam
408 999 744 1036 Celsitudinem
778 1011 866 1036 non
900 998 1025 1035 aliud
1057 998 1098 1034 in
1125 1009 1257 1034 031153
1283 999 1371 1041 051,
1397 1009 1528 1044 11113111
1554 995 1672 1044 quod
1697 1008 1783 1032 non

250 1062 375 1109 prius
401 1060 452 1097 de
477 1060 607 1097 rebus
633 1059 842 1096 omnibus
868 1071 979 1107 quae
1004 1059 1055 1095 ad
1081 1061 1202 1094 tuam
1228 1057 1781 1105 Celsitudinempertine-

248 1126 351 1159 rent
375 1123 552 1159 certior
577 1122 685 1158 fieri
710 1122 864 1170 potui,
889 1133 1003 1158 nunc
1028 1123 1178 1157 autem
1205 1118 1787 1157 factuscertiorindicare

249 1185 397 1220 omnia
427 1184 554 1221 volui
586 1183 878 1220 celsitudini
911 1185 1026 1219 tuae.
1076 1183 1138 1219 Ac
1175 1183 1367 1230 primum
1399 1180 1590 1229 exposui
1628 1180 1783 1216 03111113-

248 1246 354 1281 riensi
379 1245 647 1292 Archiepiscopo
672 1245 882 1293 petitionem
908 1244 1020 1280 Ducis
1046 1243 1212 1280 Prussiae
1236 1256 1300 1291 pro
1324 1243 1521 1279 mutuanda
1537 1243 1698 1291 pecunia,
1724 1242 1784 1279 sed

251 1308 281 1343 is
311 1308 494 1356 respondit
528 1307 594 1345 hoc
626 1319 717 1343 anno
742 1306 778 1342 id
806 1306 938 1342 frustra
963 1305 1156 1354 petendum
1181 1318 1257 1342 esse
1281 1308 1427 1353 propter
1451 1304 1569 1341 debita
1594 1305 1686 1352 regis
1712 1306 1784 1341 An-

251 1368 343 1414 gliae
380 1371 417 1406 et
458 1369 542 1416 quia
581 1369 650 1405 iam
679 1371 705 1416 ¹)
741 1367 819 1404 aliis
861 1367 898 1402 in
930 1367 1057 1403 Brema
1089 1365 1225 1414 aliquid
1266 1365 1389 1402 datum
1423 1368 1526 1410 esset,
1558 1378 1684 1414 nempe
1717 1366 1784 1402 Co-

252 1430 332 1466 miti
357 1431 590 1467 Mansfeldico
617 1432 654 1467 et
679 1429 833 1466 Domino
859 1428 1018 1465 Heideck
1052 1429 1095 1475 2).
1121 1428 1368 1464 Caeterum
1394 1427 1425 1464 si
1450 1427 1535 1464 Dux
1559 1427 1726 1464 Prussiae
1750 1429 1787 1464 et

252 1492 410 1529 Marehio
436 1490 786 1539 Brandenburgensis
804 1492 833 1538 ³)
860 1490 1078 1527 coniunctim
1104 1489 1218 1526 velint
1244 1489 1360 1526 favere
1384 1489 1453 1537 ipsi
1476 1489 1552 1536 regi
1568 1490 1599 1536 ⁴)
1624 1489 1787 1537 Angliae,

252 1555 295 1588 ut
319 1556 400 1600 post
424 1553 518 1590 hunc
543 1565 715 1590 caesarem
741 1551 866 1588 habere
890 1551 1084 1599 Imperium
1109 1551 1222 1599 possit
1239 1551 1281 1598 ⁵),
1299 1552 1377 1586 tum
1394 1562 1511 1597 regem
1529 1549 1678 1597 Angliae
1696 1550 1787 1588 velle

252 1614 302 1650 eis
326 1626 399 1650 non
415 1613 672 1651 contemnenda
688 1613 819 1650 auxilia
836 1612 919 1648 dare
934 1611 978 1648 ad
995 1612 1088 1648 hunc
1105 1611 1256 1648 alterum
1272 1623 1417 1648 annum.
1442 1610 1540 1648 Haec
1557 1614 1633 1647 erat
1650 1623 1786 1648 5111111113

253 1675 412 1723 responsi
437 1675 556 1722 quod
592 1674 643 1711 ad
677 1686 769 1711 03111
807 1685 893 1710 rem
927 1672 1129 1709 attinet:
1157 1671 1287 1708 nolunt
1318 1674 1437 1708 tamen
1462 1671 1656 1719 quidquam
1680 1672 1786 1709 huius

255 1747 317 1783 per
354 1737 503 1773 nuncios
544 1735 602 1783 agi
634 1737 779 1782 propter
813 1733 1040 1781 suspitiones‚
1067 1733 1127 1769 sed
1159 1745 1221 1781 per
1246 1735 1398 1770 secretas
1430 1732 1556 1770 saltem
1579 1733 1720 1770 litteras
1743 1733 1788 1770 ad

254 1797 403 1833 nuncios
428 1796 720 1833 transmittendas
745 1797 788 1842 6).
831 1795 886 1831 De
910 1807 994 1842 pace
1019 1806 1100 1831 cum
1126 1806 1208 1841 rege
1234 1794 1368 1830 Galliae
1393 1793 1490 1830 1111113
1516 1797 1570 1831 051
1595 1794 1786 1839 dubitatio,

255 1858 371 1894 omnia
405 1858 496 1894 enim
535 1870 577 1894 ex
609 1857 718 1904 ipsius
744 1856 922 1892 sententia
947 1859 1032 1891 sunt
1057 1856 1229 1892 confecta.
1278 1855 1397 1891 Habet
1423 1855 1630 1899 Bononiam,
1656 1857 1788 1892 retinet

255 1920 409 1956 Scotiain
434 1932 548 1966 usque
572 1919 616 1955 ad
640 1931 772 1955 3111111111
797 1917 932 1954 XVIII
957 1917 1069 1965 ipsius
1102 1917 1195 1964 regis
1225 1917 1387 1964 Angliae,
1419 1919 1463 1952 ut
1488 1919 1611 1965 postea
1640 1916 1787 1953 arbitra·

256 1981 428 2017 mentorie
454 1982 484 2028 ⁷)
510 1993 565 2017 res
590 1980 823 2027 transigatur,
848 1981 885 2015 01
902 1979 1033 2015 retinet
1049 1978 1155 2015 filiam
1174 1978 1323 2022 Seotiae,
1348 1980 1458 2025 atque
1473 1990 1537 2025 pro
1555 1978 1609 2013 his
1625 1977 1788 2015 omnibus

255 2043 317 2079 dat
343 2046 506 2079 sexcenta
532 2042 626 2079 milia
651 2045 921 2084 coronatorum3
946 2040 1015 2076 iam
1029 2040 1127 2076 dedit
1145 2038 1377 2088 quadraginta
1394 2041 1431 2075 et
1448 2039 1560 2076 adhuc
1579 2039 1716 2076 obsides
1734 2040 1788 2076 hie

255 2105 420 2142 habemus
443 2117 507 2153 pro
533 2104 695 2141 ducentis
719 2102 877 2140 milibus:
904 2103 987 2139 11300
1011 2105 1108 2138 certa
1133 2104 1218 2138 sunt
1242 2103 1286 2149 S).
1312 2101 1367 2137 De
1391 2101 1463 2137 filia
1486 2102 1579 2148 regis
1604 2101 1739 2138 Galliae
1756 2102 1787 2149 9)

256 2167 323 2214 ipsi
356 2166 447 2214 Regi
472 2165 621 2213 Angliae
647 2164 759 2201 danda
792 2163 879 2200 nihil
912 2168 966 2200 est
998 2162 1217 2206 conclusum,
1252 2161 1371 2199 oblata
1395 2165 1450 2198 est
1475 2161 1616 2209 quidem
1640 2161 1683 2198 ab
1708 2174 1789 2209 rege

258 2227 402 2271 Galliae,
438 2227 498 2263 sed
522 2240 593 2263 non
619 2238 763 2274 prorsus
788 2228 970 2273 acceptata
995 2229 1063 2261 010.
1112 2224 1167 2260 Ι)0
1191 2223 1402 2260 Protectore
1435 2235 1548 2270 quae
1580 2222 1631 2259 ad
1664 2227 1787 2259 tuam

258 2288 591 2324 celsitudinem
623 2287 803 2335 perlata
836 2287 964 2329 sunt,
990 2297 1078 2321 vana
1102 2297 1247 2332 prorsus
1273 2286 1369 2320 sunt.
1394 2283 1461 2319 Est
1486 2296 1626 2320 rursum
1650 2295 1788 2331 praeses

255 2349 370 2386 totius
395 2349 535 2386 consilii
558 2348 651 2395 regis
676 2347 827 2394 Angliae
852 2347 965 2395 primo
991 2345 1069 2382 loco
1095 2348 1177 2382 ante
1203 2358 1336 2389 omnes,
1361 2344 1440 2381 sed
1464 2347 1652 2393 propter
1677 2343 1800 2380 solam‘

257 2410 506 2456 negligentiam
532 2409 707 2446 duntaxat
732 2407 945 2455 capiebatur,
971 2409 1008 2444 et
1033 2406 1129 2454 quod
1153 2405 1384 2442 autoritatem
1402 2405 1529 2452 reliqui
1546 2407 1689 2441 senatus
1705 2417 1787 2440 con-

255 2476 412 2509 temnere
446 2471 644 2508 videbatur.
694 2470 749 2506 De
775 2468 979 2505 Marchione
1004 2467 1153 2504 Alberto
1178 2479 1223 2503 110
1247 2467 1443 2513 cogitatum
1470 2465 1610 2513 quidem
1636 2468 1700 2509 est,
1727 2465 1787 2501 sed

256 2533 344 2569 istae
369 2536 453 2569 sunt
477 2532 623 2569 technae
649 2530 806 2568 Caesaris
832 2530 876 2567 ad
902 2529 1092 2566 fallendum
1118 2528 1311 2565 maritimas
1336 2528 1501 2564 civitates
1517 2527 1687 2564 confictae
1730 2528 1789 2574 ¹⁰).

257 2595 351 2631 Imo
376 2607 486 2631 vero
511 2606 593 2630 non
622 2596 692 2630 est
717 2596 812 2629 certa
839 2604 917 2639 spes
941 2591 1035 2638 pacis
1060 2591 1154 2627 inter
1181 2591 1343 2626 Cesarem
1368 2592 1406 2626 01
1430 2587 1606 2636 Angliam.
1631 2588 1789 2636 Nuper

257 2658 402 2692 venerat
425 2655 514 2691 clam
539 2655 582 2690 ad
607 2658 750 2702 portum
775 2652 948 2700 quendam
975 2651 1030 2687 hic
1056 2651 1092 2687 in
1118 2650 1248 2697 Anglia
1272 2663 1353 2687 cum
1379 2652 1461 2686 octo
1494 2648 1642 2684 navibus
1676 2648 1788 2696 ipsius

259 2713 395 2750 cesaris
426 2713 611 2749 Cornelius
637 2712 828 2760 Scheperus
856 2712 913 2758 ¹¹),
937 2712 982 2746 ut
1012 2722 1166 2746 sororem
1192 2710 1283 2756 regis
1306 2708 1455 2761 Angliae
1476 2707 1661 2743 maximam
1687 2711 1787 2753 natu,

257 2774 433 2810 dominam
458 2774 618 2818 Mariam,
645 2773 768 2808 furtim
794 2771 981 2808 abduceret
1009 2773 1062 2813 ¹2),
1088 2768 1165 2806 sed
1199 2782 1245 2805 re
1269 2770 1320 2806 ad
1345 2770 1565 2805 senatum
1591 2769 1788 2817 tempori

256 2835 412 2871 delata
437 2847 517 2870 mox
542 2837 596 2871 est
622 2836 859 2882 prospectum,
884 2835 926 2868 ut
952 2831 1040 2867 nihil
1065 2831 1178 2867 facere
1201 2830 1362 2878 potuerit
1385 2829 1543 2876 adeoque
1569 2821 1605 2865 01
1631 2829 1689 2865 vix
1707 2841 1787 2864 011111

257 2893 331 2930 51115
368 2893 518 2930 navibus
551 2894 742 2940 aufugerit.
791 2891 923 2928 Unde
956 2891 1128 2927 demum
1164 2902 1280 2928 nova
1305 2888 1387 2926 belli
1419 2889 1556 2926 occasio
1581 2891 1789 2937 expectatur

257 2955 438 3004 maiorque
462 2958 517 2992 est
543 2967 637 2992 nunc
663 2953 718 2991 hic
743 2956 857 2990 metus
884 2951 965 2989 belli
989 2964 1069 2989 cum
1096 2951 1221 2989 Cesare
1245 2963 1349 2998 quam
1376 2962 1453 2998 spes
1479 2949 1583 2997 pacis,
1609 2950 1787 2986 tantum
