1830 3147
361 149 434 184 498
888 156 978 183 cA‘r.
1009 156 1117 183 cccc.
1147 155 1245 184 EMD.

362 258 484 309 pueri,
521 257 686 296 Domino
725 259 763 296 in
802 257 990 307 baptismo
1028 256 1160 304 oblati,
1195 269 1286 294 sana
1322 259 1495 307 rectaque
1531 256 1704 294 doctrina
1730 257 1769 294 in

362 335 512 360 omnem
548 322 725 373 pictatem
761 321 927 359 Domino
963 320 1171 358 educentur
1197 325 1233 358 ct
1261 320 1373 357 homo
1403 320 1448 358 de
1475 320 1584 371 plebe
1612 334 1650 358 se
1679 333 1769 358 con-

361 387 479 424 tineat
514 400 535 424 a
572 385 778 424 violatione
807 384 985 422 sabbathi
1012 384 1101 430 diei,
1127 397 1222 435 quae
1249 384 1289 422 in
1317 385 1550 429 temulentia,
1576 385 1676 430 lusu,
1703 383 1769 422 dc-

361 449 630 496 ambulatione,
665 449 867 500 emptione,
902 448 1034 486 labore
1059 448 1218 498 aliisque
1246 448 1445 486 servilibus
1473 448 1650 499 operibus
1679 459 1770 485 con-

361 515 532 566 spicitur,
567 519 603 553 et
640 513 869 553 sabbathum
912 516 1043 550 contra
1079 512 1187 550 iuxta
1223 512 1464 563 Deipartim
1494 513 1726 551 voluntatem
1749 525 1770 550 a

360 579 472 617 rebus
500 578 704 617 mundanis
735 581 919 627 segreget.

412 645 541 682 Quum
587 643 688 680 enim
726 641 895 693 quotidie
931 641 1187 685 observemus,
1222 641 1322 691 apud
1359 644 1481 678 aetate
1516 640 1771 691 provectiores

360 708 530 758 adeoque
557 707 734 744 maiorem
763 706 897 743 mundi
923 708 1081 755 partem,
1103 704 1272 742 laborem
1299 708 1472 742 nostrum
1507 704 1658 742 irritum
1694 705 1771 742 fere

359 786 439 811 esse
468 777 502 810 et
531 771 686 810 nonnisi
712 783 920 821 perpaucos
948 769 989 807 in
1018 783 1108 807 sana
1128 769 1300 807 doctrina
1321 769 1502 807 continuo
1522 782 1772 820 perseverare,

360 837 399 874 in
437 836 509 873 hoc
545 836 677 873 saltem
704 835 924 879 eluctemur,
952 847 998 871 ne
1024 833 1130 884 pueri
1157 846 1308 884 quoque
1335 832 1486 870 inscitia
1513 836 1667 883 pereant
1694 833 1772 870 sive

359 901 493 939 mundi
539 899 782 951 perversitate
826 911 980 949 prorsus
1020 897 1059 934 in
1096 897 1255 935 exitium
1294 897 1503 947 rapiantur,
1540 897 1605 934 sed
1639 900 1771 935 nostro

361 965 536 1015 diligenti
562 977 606 1002 ac
632 963 735 1001 fideli
762 962 973 1000 ministerio
1002 961 1213 999 doctrinam
1243 961 1432 998 bonorum
1459 973 1624 1011 operum,
1647 960 1771 1005 fidem,

361 1031 594 1067 sacramenta
632 1026 829 1077 sanctique
864 1025 986 1063 divini
1012 1025 1179 1063 nominis
1206 1024 1487 1063 invocationem
1513 1023 1631 1075 probe
1660 1023 1771 1062 doce-

361 1096 474 1131 antur
509 1094 876 1143 promoveanturque
901 1090 943 1127 in
970 1102 1057 1127 vera
1084 1088 1155 1126 Dei
1183 1088 1399 1139 Christique
1427 1087 1656 1137 cognitione.
1711 1087 1772 1125 Ne

361 1161 487 1195 autem
515 1169 625 1205 aegre
653 1155 744 1192 haec
771 1168 792 1192 a
820 1155 930 1192 nobis
959 1167 1048 1191 cura
1075 1157 1187 1204 atque
1215 1151 1433 1190 sollicitudo
1462 1153 1620 1189 feratur!
1675 1152 1772 1189 Sunt

359 1222 461 1260 enim
495 1220 603 1272 pueri
638 1220 738 1257 bona
764 1232 851 1270 pars
886 1218 1080 1256 Ecclesiae
1115 1222 1266 1267 tamque
1303 1216 1382 1253 Deo
1420 1215 1585 1253 Domino
1615 1215 1771 1266 accepti,

359 1290 401 1324 ut
436 1285 591 1335 angelos
630 1297 717 1322 suos
754 1283 801 1321 iis
837 1283 878 1321 in
914 1283 1070 1334 spiritus
1104 1281 1363 1319 ministrantes
1400 1279 1598 1325 ordinarit,
1632 1283 1667 1317 et
1705 1292 1772 1317 vae

360 1363 470 1389 suum
506 1347 769 1400 pronunciarit
806 1348 847 1386 in
875 1360 959 1386 eum
987 1347 1052 1398 qui
1081 1346 1139 1384 vel
1165 1359 1283 1383 unum
1310 1358 1330 1383 e
1357 1344 1525 1396 parvulis
1552 1344 1628 1381 illis
1655 1342 1771 1381 offen-

360 1413 458 1452 derit
486 1412 695 1451 laeseritve.

410 1540 601 1578 Dominus
636 1539 876 1590 omnipotens
913 1537 1015 1575 Deus
1056 1539 1185 1574 noster
1219 1535 1404 1584 largiatur
1437 1534 1550 1572 nobis
1589 1533 1772 1584 Spiritum

361 1616 473 1641 suum
507 1606 694 1648 sanctum,
730 1615 876 1653 nosque
910 1601 951 1639 in
985 1599 1198 1638 ministerio
1227 1602 1360 1637 nostro
1388 1597 1443 1635 sic
1471 1597 1704 1642 corroboret,
1732 1600 1772 1634 ut

360 1666 526 1704 Domino
563 1666 712 1705 Christo
750 1667 892 1704 multos
918 1665 1186 1710 lucrificemus,
1212 1662 1433 1701 adducendo
1462 1662 1510 1700 ad
1537 1675 1618 1699 eum
1648 1660 1772 1698 homi-

360 1744 439 1779 neS,
474 1736 516 1770 ut
552 1732 653 1770 beati
688 1733 782 1770 fiant
816 1731 858 1768 in
893 1730 1042 1768 laudem
1079 1742 1124 1767 ac
1149 1728 1311 1779 gloriam
1340 1726 1460 1765 divini
1486 1726 1565 1765 cius
1594 1725 1772 1764 nominis.

360 1798 495 1836 Amen.

412 1924 553 1963 Datum
583 1925 788 1971 Aembdac,
817 1938 917 1963 anno
947 1926 1046 1961 1554
1074 1923 1120 1960 ud
1151 1922 1185 1960 d.
1221 1921 1273 1957 VI
1303 1919 1517 1967 Octobris]
