1830 3147
60 246 214 278 Proverb.
238 246 288 278 13.

61 288 79 320 1
104 288 245 320 Timoth.
268 289 298 321 6.

60 331 179 363 Psalm.
204 331 274 362 104.

62 572 79 603 1
103 571 244 603 Thessal.
269 571 297 603 3.

61 614 180 645 Psalm.
205 615 276 645 104.

60 656 181 688 Psalm.
204 657 276 688 106.

61 699 180 730 Matth.
203 699 232 729 6.

65 741 82 772 1
107 741 246 772 ΤὶιΠοΗι.
269 741 298 772 6.

64 784 84 814 2
107 783 253 814 Corinth.
277 783 306 813 8.

64 825 233 866 Ephesios.
256 826 286 855 4.

65 868 233 899 Actorum.
256 868 286 898 4.

64 909 199 941 Roman.
226 909 273 941 12.

65 950 145 984 Tob.
167 953 197 984 4.

75 1908 194 1940 Psalm.
219 1907 291 1938 143.

74 1950 166 1981 Ioan.
191 1949 241 1981 15.

74 1992 194 2034 Ephes.
214 1993 244 2029 4,
267 1991 296 2022 5.

73 2034 193 2066 Matth.
216 2033 265 2064 18.

74 2076 195 2107 Psalm.
220 2076 269 2106 51.

74 2118 193 2150 Matth.
216 2118 246 2156 6,
270 2117 321 2149 18.

80 2667 198 2699 Matth.
221 2666 272 2697 26.

78 2709 156 2740 Luc.
179 2709 229 2740 22.

79 2751 247 2792 Ephesios.
271 2750 301 2782 6.

78 2793 198 2824 Psalm.
221 2792 273 2823 39.

80 2835 98 2867 1
122 2834 220 2866 Petri.
245 2834 275 2864 2.

346 117 420 153 540
875 122 967 150 cm.
995 121 1104 150 ECCL.
1135 121 1232 149 EMD.

346 225 659 264 sustentationem
695 229 732 262 et
769 224 941 270 salutem,
975 228 1057 262 tum
1095 223 1218 269 nobis,
1253 226 1334 261 turn
1361 221 1533 273 proximo
1562 220 1655 258 utile
1681 223 1751 263 est,

346 289 499 334 victum,
534 289 702 340 inquam,
740 289 932 334 amictum,
969 301 1097 340 pacem
1126 292 1164 327 et
1192 288 1389 326 sanitatem
1420 285 1600 337 consequi
1627 284 1751 336 possi-

345 367 442 399 mus,
468 354 499 392 si
527 354 641 392 modo
670 353 717 391 ad
746 354 906 392 salutem
934 353 1046 391 nobis
1075 353 1260 404 expediat.

832 456 839 463 ,
974 417 1024 455 Q.
1054 419 1115 458 87.

398 481 470 520 Sed
499 481 588 533 quid
620 485 774 520 monent
801 485 838 520 te
867 481 978 519 huius
1006 481 1187 532 postulati
1215 480 1355 519 verba?

1029 546 1076 585 R.

396 611 578 656 Primum,
605 611 774 663 quotidie
802 610 986 648 orandum
1015 624 1108 649 esse.
1139 609 1285 648 Deinde
1313 610 1409 648 vitae
1438 608 1648 647 necessaria
1678 621 1755 646 non

349 677 540 725 [proprie]
578 675 853 727 (peculiariter)
890 689 910 713 a
939 675 1128 726 (proprio)
1156 674 1296 719 labore,
1324 673 1467 711 viribus
1504 678 1568 711 aut
1607 673 1755 724 sapien·

348 740 412 786 tia,
442 739 505 777 sed
535 740 579 778 de
608 754 721 777 mauu
750 739 819 777 Dei
847 739 1092 790 expectanda.
1123 740 1318 776 Postremo
1348 738 1468 776 victus
1498 738 1754 787 [temporalis]

350 818 438 843 eura
483 804 638 842 minime
676 817 744 842 nos
782 805 950 855 torqueri
987 809 1172 855 oportere,
1211 803 1272 841 sed
1308 803 1366 849 iis,
1400 816 1494 854 quae
1530 802 1699 853 quotidie
1735 816 1758 840 a

350 869 514 906 Domino
560 868 772 918 largiuntur
811 869 945 916 (sies),
987 873 1186 906 contentos
1225 881 1316 914 esse,
1358 872 1394 905 et
1429 867 1466 904 in
1504 880 1698 918 pauperes,
1726 867 1757 904 si

351 933 440 986 quid
469 934 642 985 supersit,
669 933 832 983 aliquam
860 938 1002 984 partem
1031 946 1197 982 ero-gare,

991 1061 1040 1099 Q.
1070 1063 1132 1099 88.

404 1125 507 1165 Quid
534 1124 777 1177 sequentibus
804 1124 983 1162 membris
1011 1125 1205 1176 postulas?

1035 1189 1082 1227 R.

404 1252 733 1293 Quemadmodum
773 1252 1032 1304 superioribus
1070 1256 1232 1303 quatuor
1259 1252 1363 1304 petii,
1392 1251 1574 1303 quicquid
1604 1256 1684 1290 tum
1713 1251 1760 1289 ad

353 1318 533 1370 corporis,
567 1323 644 1355 tum
682 1317 729 1355 ad
766 1317 913 1354 animae
948 1317 1248 1354 incolumitatem
1286 1329 1437 1354 necesse
1473 1323 1528 1353 est
1557 1315 1682 1358 nobis,
1710 1315 1761 1352 ita

354 1382 598 1434 sequentibus
635 1394 780 1432 precor,
812 1385 854 1418 ut
893 1381 1032 1425 omnia,
1067 1393 1164 1431 quae
1193 1381 1250 1417 vel
1279 1380 1319 1418 in
1349 1380 1421 1417 hoc
1450 1380 1612 1423 saeculo,
1638 1380 1694 1416 vel
1723 1379 1763 1416 in

353 1449 494 1491 futuro,
521 1452 584 1485 aut
613 1445 761 1497 corpori
790 1450 933 1490 nostro,
961 1450 1024 1483 aut
1053 1445 1212 1488 animae,
1239 1449 1303 1482 aut
1321 1446 1498 1482 fortunae
1520 1443 1628 1482 bonis
1651 1443 1764 1481 noxia

357 1512 651 1562 (damnosaque)
681 1514 782 1556 sunt,
809 1514 952 1546 avertat
979 1522 1023 1546 ac
1049 1509 1208 1552 minuat,
1236 1513 1300 1546 aut
1326 1509 1543 1560 patientiam
1563 1508 1602 1546 in
1622 1508 1680 1554 iis,
1697 1521 1765 1559 pro

358 1590 423 1614 sua
452 1576 663 1621 voluntate,
691 1573 907 1622 (ferendis)
936 1573 1049 1610 nobis
1078 1573 1204 1611 donet.

995 1638 1046 1676 Q.
1075 1641 1136 1677 89.

409 1705 506 1744 Quis
533 1708 589 1742 est
617 1703 742 1755 quinti
770 1702 952 1753 postulati
980 1716 1132 1740 sensus:
1164 1702 1326 1740 Remitte
1348 1702 1459 1740 nobis
1478 1701 1603 1740 debita
1626 1705 1768 1746 nostra,

359 1770 455 1808 sicut
481 1774 518 1807 et
546 1782 615 1806 nos
644 1766 869 1806 remittimus
900 1767 1137 1805 debitoribus
1167 1767 1335 1806 nostris?

1038 1831 1084 1869 R.

410 1897 519 1947 (Tria
554 1897 593 1935 in
628 1897 847 1935 universum
876 1895 1078 1943 continet.)
1132 1895 1299 1933 Primum
1328 1894 1465 1943 (enim)
1492 1907 1700 1946 precamur,
1726 1900 1769 1933 ut

362 1963 464 2002 Deus
512 1961 685 2000 coelestis
722 1962 833 1999 Pater
868 1974 933 2011 per
970 1961 1097 1998 Iesum
1135 1960 1327 1998 Christum
1365 1964 1530 2011 peecata,
1566 1973 1769 2011 eorumque

361 2040 520 2079 poenam
549 2026 723 2076 ignoscat
751 2025 876 2064 nobis.
913 2024 1074 2068 Deinde,
1097 2029 1141 2062 ‘ut
1167 2024 1207 2062 in
1236 2029 1426 2075 posterum
1455 2037 1519 2061 cor
1538 2024 1769 2075 poenitentia

363 2093 531 2130 saucium
569 2090 721 2140 elargiri
755 2090 942 2139 dignetur,
978 2102 1053 2141 quo
1082 2094 1161 2128 tum
1188 2090 1268 2140 ipsa
1295 2094 1462 2140 peccata,
1489 2095 1567 2126 tum
1596 2093 1767 2140 peccato-

361 2171 444 2195 rum
473 2155 691 2194 occasiones
720 2154 844 2192 odisse
871 2159 907 2192 et
936 2154 1054 2191 vitare
1080 2167 1288 2205 possemus.
1326 2153 1535 2197 Postremo,
1563 2159 1603 2191 ut
1630 2167 1676 2191 ex
1705 2153 1768 2191 ad—

363 2235 470 2259 verso
506 2234 571 2259 sua
601 2220 771 2258 bonitate
800 2219 913 2256 corda
943 2223 1071 2256 nostra
1100 2231 1143 2255 eo
1174 2231 1318 2269 semper
1345 2217 1484 2261 flectat,
1512 2231 1588 2269 quo
1616 2223 1652 2256 et
1679 2231 1767 2269 pro·

361 2287 454 2325 ximi
488 2285 789 2323 imbecillitatem
827 2285 935 2328 serre,
961 2288 998 2321 et
1026 2283 1058 2321 si
1086 2282 1177 2333 quid
1205 2282 1310 2320 illum
1338 2295 1427 2331 erga
1455 2295 1524 2320 nos
1552 2282 1769 2334 delinquere
1817 2322 1820 2324 ,

363 2352 571 2400 contingat,
598 2362 643 2388 ex
670 2348 798 2387 animo
826 2348 1041 2386 condonare
1069 2347 1271 2385 valeamus.

996 2411 1047 2450 Q.
1076 2414 1138 2449 90.

414 2478 520 2516 Quae
550 2480 606 2514 est
635 2480 763 2514 sextae
790 2474 986 2526 petitionis
1015 2474 1220 2512 sentent-ia:
1250 2473 1310 2511 Ne
1336 2472 1494 2510 inducas
1524 2484 1591 2510 nos
1618 2471 1658 2509 in
1686 2475 1767 2509 ten-

362 2542 572 2581 tationem?

414 2671 487 2708 Illa
524 2669 699 2721 petimus,
738 2673 777 2706 ut
813 2668 976 2705 clemens
1013 2671 1049 2704 et
1085 2666 1273 2715 benignus
1308 2666 1429 2712 Pater,
1467 2677 1535 2703 nos
1571 2677 1682 2715 porro
1720 2664 1768 2702 ab

364 2736 540 2774 omnibus
570 2734 737 2785 corporis
765 2733 986 2783 animaeque
1012 2731 1137 2768 noxiis
1163 2723 1440 2769 tentationibus
1468 2729 1576 2772 tueri,
1597 2734 1661 2766 aut
1688 2742 1768 2767 om-

364 2801 556 2852 nipotente
585 2812 649 2837 sua
678 2798 817 2835 virtute
842 2810 908 2847 per
936 2808 1064 2833 omnes
1083 2795 1335 2833 tentationum
1355 2794 1538 2838 assultus,
1564 2798 1639 2831 tam
1660 2807 1768 2845 pros·
1829 2840 1830 2845 ¹

79 2877 97 2909 I
120 2875 268 2909 Corinth.
296 2875 341 2907 ιο.
364 2864 475 2918 periS,
510 2876 621 2916 quam
650 2862 814 2901 adversis
841 2861 881 2899 in
910 2861 1020 2899 rebus
1048 2859 1183 2898 ducere
1212 2860 1400 2910 dignetur,
1427 2872 1474 2897 ne
1502 2858 1578 2896 illis
1601 2858 1769 2910 oppressi
