<?xml version="1.0" encoding="UTF-8"?>
<!DOCTYPE html PUBLIC "-//W3C//DTD XHTML 1.0 Transitional//EN"
    "http://www.w3.org/TR/xhtml1/DTD/xhtml1-transitional.dtd">
<html xmlns="http://www.w3.org/1999/xhtml" xml:lang="en" lang="en">
 <head>
  <title>
</title>
<meta http-equiv="Content-Type" content="text/html;charset=utf-8" />
  <meta name='ocr-system' content='tesseract 3.04.00' />
  <meta name='ocr-capabilities' content='ocr_page ocr_carea ocr_par ocr_line ocrx_word'/>
</head>
<body>
  <div class='ocr_page' id='page_1' title='image "./operatameditaqua02lask_0324.png"; bbox 0 0 1830 3147; ppageno 0'>
   <div class='ocr_carea' id='block_1_1' title="bbox 52 376 200 408">
    <p class='ocr_par' dir='ltr' id='par_1_1' title="bbox 52 376 200 408">
     <span class='ocr_line' id='line_1_1' title="bbox 52 376 200 408; baseline 0 -1"><span class='ocrx_word' id='word_1_1' title='bbox 52 376 145 407; x_wconf 82' lang='lat' dir='ltr'><strong>Acto.</strong></span> <span class='ocrx_word' id='word_1_2' title='bbox 170 376 200 408; x_wconf 74' lang='lat'><strong>4.</strong></span> 
     </span>
    </p>
   </div>
   <div class='ocr_carea' id='block_1_2' title="bbox 50 1352 314 1387">
    <p class='ocr_par' dir='ltr' id='par_1_2' title="bbox 50 1352 314 1387">
     <span class='ocr_line' id='line_1_2' title="bbox 50 1352 314 1387; baseline 0.011 -3"><span class='ocrx_word' id='word_1_3' title='bbox 50 1352 172 1385; x_wconf 80' lang='lat' dir='ltr'>Christi</span> <span class='ocrx_word' id='word_1_4' title='bbox 178 1353 314 1387; x_wconf 85' lang='lat' dir='ltr'><strong>Nomen.</strong></span> 
     </span>
    </p>
   </div>
   <div class='ocr_carea' id='block_1_3' title="bbox 51 1476 245 1594">
    <p class='ocr_par' dir='ltr' id='par_1_3' title="bbox 51 1476 245 1594">
     <span class='ocr_line' id='line_1_3' title="bbox 54 1476 224 1518; baseline 0.006 -10"><span class='ocrx_word' id='word_1_5' title='bbox 54 1476 70 1508; x_wconf 94' lang='grc'>1</span> <span class='ocrx_word' id='word_1_6' title='bbox 95 1477 172 1518; x_wconf 84' lang='lat' dir='ltr'><strong>Reg.</strong></span> <span class='ocrx_word' id='word_1_7' title='bbox 196 1478 224 1509; x_wconf 89' lang='lat'><strong>5.</strong></span> 
     </span>
     <span class='ocr_line' id='line_1_4' title="bbox 51 1519 245 1560; baseline 0.015 -10"><span class='ocrx_word' id='word_1_8' title='bbox 51 1519 71 1550; x_wconf 76' lang='lat'><strong>2</strong></span> <span class='ocrx_word' id='word_1_9' title='bbox 93 1519 172 1560; x_wconf 84' lang='lat' dir='ltr'><strong>Reg.</strong></span> <span class='ocrx_word' id='word_1_10' title='bbox 196 1519 245 1553; x_wconf 88' lang='lat'><strong>19.</strong></span> 
     </span>
     <span class='ocr_line' id='line_1_5' title="bbox 52 1561 208 1594; baseline 0.013 -3"><span class='ocrx_word' id='word_1_11' title='bbox 52 1561 155 1594; x_wconf 85' lang='lat' dir='ltr'><strong>Levit.</strong></span> <span class='ocrx_word' id='word_1_12' title='bbox 179 1561 208 1594; x_wconf 88' lang='lat'><strong>8.</strong></span> 
     </span>
    </p>
   </div>
   <div class='ocr_carea' id='block_1_4' title="bbox 56 2573 290 2816">
    <p class='ocr_par' dir='ltr' id='par_1_4' title="bbox 56 2573 290 2648">
     <span class='ocr_line' id='line_1_6' title="bbox 56 2573 290 2614; baseline -0.009 -9"><span class='ocrx_word' id='word_1_13' title='bbox 56 2573 178 2605; x_wconf 83' lang='lat' dir='ltr'><strong>Christi</strong></span> <span class='ocrx_word' id='word_1_14' title='bbox 213 2573 290 2614; x_wconf 87' lang='lat' dir='ltr'><strong>Reg-</strong></span> 
     </span>
     <span class='ocr_line' id='line_1_7' title="bbox 58 2627 144 2648; baseline 0.012 -1"><span class='ocrx_word' id='word_1_15' title='bbox 58 2627 144 2648; x_wconf 87' lang='lat' dir='ltr'><strong>num.</strong></span> 
     </span>
    </p>

    <p class='ocr_par' dir='ltr' id='par_1_5' title="bbox 56 2657 233 2816">
     <span class='ocr_line' id='line_1_8' title="bbox 58 2657 196 2689; baseline 0 -1"><span class='ocrx_word' id='word_1_16' title='bbox 58 2657 143 2689; x_wconf 91' lang='lat' dir='ltr'><strong>Luce</strong></span> <span class='ocrx_word' id='word_1_17' title='bbox 167 2657 196 2689; x_wconf 87' lang='lat'><strong>1.</strong></span> 
     </span>
     <span class='ocr_line' id='line_1_9' title="bbox 56 2700 188 2732; baseline 0 -1"><span class='ocrx_word' id='word_1_18' title='bbox 56 2700 136 2732; x_wconf 83' lang='lat' dir='ltr'><strong>Mat.</strong></span> <span class='ocrx_word' id='word_1_19' title='bbox 158 2700 188 2731; x_wconf 83' lang='lat'><strong>4.</strong></span> 
     </span>
     <span class='ocr_line' id='line_1_10' title="bbox 56 2741 233 2774; baseline 0.006 -2"><span class='ocrx_word' id='word_1_20' title='bbox 56 2741 157 2774; x_wconf 84' lang='lat' dir='ltr'><strong>Exod.</strong></span> <span class='ocrx_word' id='word_1_21' title='bbox 183 2741 233 2773; x_wconf 81' lang='lat'><strong>49.</strong></span> 
     </span>
     <span class='ocr_line' id='line_1_11' title="bbox 59 2782 205 2816; baseline 0 -1"><span class='ocrx_word' id='word_1_22' title='bbox 59 2784 130 2816; x_wconf 83' lang='lat' dir='ltr'><strong>Eze.</strong></span> <span class='ocrx_word' id='word_1_23' title='bbox 153 2782 205 2816; x_wconf 82' lang='lat'><strong>47.</strong></span> 
     </span>
    </p>
   </div>
   <div class='ocr_carea' id='block_1_5' title="bbox 339 71 1244 109">
    <p class='ocr_par' dir='ltr' id='par_1_6' title="bbox 339 71 1244 109">
     <span class='ocr_line' id='line_1_12' title="bbox 339 71 1244 109; baseline 0.001 -2"><span class='ocrx_word' id='word_1_24' title='bbox 339 71 413 107; x_wconf 79' lang='lat'><strong>304</strong></span> <span class='ocrx_word' id='word_1_25' title='bbox 849 79 961 108; x_wconf 69' lang='lat' dir='ltr'><strong>conr.</strong></span> <span class='ocrx_word' id='word_1_26' title='bbox 991 80 1099 108; x_wconf 71' lang='lat' dir='ltr'><strong>acer..</strong></span> <span class='ocrx_word' id='word_1_27' title='bbox 1130 80 1244 109; x_wconf 70' lang='lat' dir='ltr'><strong>noun.</strong></span> 
     </span>
    </p>
   </div>
   <div class='ocr_carea' id='block_1_6' title="bbox 338 180 1745 426">
    <p class='ocr_par' dir='ltr' id='par_1_7' title="bbox 338 180 1745 426">
     <span class='ocr_line' id='line_1_13' title="bbox 339 180 1745 232; baseline 0.001 -15"><span class='ocrx_word' id='word_1_28' title='bbox 339 192 582 232; x_wconf 88' lang='lat' dir='ltr'><strong>quoscunque</strong></span> <span class='ocrx_word' id='word_1_29' title='bbox 610 183 816 218; x_wconf 88' lang='lat' dir='ltr'><strong>servatores</strong></span> <span class='ocrx_word' id='word_1_30' title='bbox 845 180 1022 219; x_wconf 81' lang='lat' dir='ltr'><strong>salutisve</strong></span> <span class='ocrx_word' id='word_1_31' title='bbox 1050 194 1137 219; x_wconf 87' lang='lat' dir='ltr'><strong>suae</strong></span> <span class='ocrx_word' id='word_1_32' title='bbox 1156 183 1347 232; x_wconf 73' lang='lat' dir='ltr'><strong>patronos,</strong></span> <span class='ocrx_word' id='word_1_33' title='bbox 1368 183 1469 219; x_wconf 82' lang='lat' dir='ltr'><strong>extra</strong></span> <span class='ocrx_word' id='word_1_34' title='bbox 1487 180 1588 218; x_wconf 90' lang='lat' dir='ltr'><strong>hunc</strong></span> <span class='ocrx_word' id='word_1_35' title='bbox 1606 180 1745 226; x_wconf 83' lang='lat' dir='ltr'><strong>Iesum,</strong></span> 
     </span>
     <span class='ocr_line' id='line_1_14' title="bbox 340 243 1744 296; baseline 0.001 -14"><span class='ocrx_word' id='word_1_36' title='bbox 340 244 483 282; x_wconf 89' lang='lat' dir='ltr'><strong>Mariae</strong></span> <span class='ocrx_word' id='word_1_37' title='bbox 519 243 677 294; x_wconf 86' lang='lat' dir='ltr'><strong>virginis</strong></span> <span class='ocrx_word' id='word_1_38' title='bbox 713 245 845 292; x_wconf 85' lang='lat' dir='ltr'><strong>filium,</strong></span> <span class='ocrx_word' id='word_1_39' title='bbox 880 250 945 283; x_wconf 86' lang='lat' dir='ltr'><strong>aut</strong></span> <span class='ocrx_word' id='word_1_40' title='bbox 979 258 1092 296; x_wconf 88' lang='lat' dir='ltr'><strong>penes</strong></span> <span class='ocrx_word' id='word_1_41' title='bbox 1126 245 1232 283; x_wconf 88' lang='lat' dir='ltr'><strong>illum</strong></span> <span class='ocrx_word' id='word_1_42' title='bbox 1268 246 1391 291; x_wconf 91' lang='lat' dir='ltr'><strong>etiam,</strong></span> <span class='ocrx_word' id='word_1_43' title='bbox 1419 246 1653 284; x_wconf 86' lang='lat' dir='ltr'><strong>constituunt</strong></span> <span class='ocrx_word' id='word_1_44' title='bbox 1678 249 1744 284; x_wconf 85' lang='lat' dir='ltr'><strong>aut</strong></span> 
     </span>
     <span class='ocr_line' id='line_1_15' title="bbox 338 309 1744 361; baseline 0.001 -14"><span class='ocrx_word' id='word_1_45' title='bbox 338 312 550 360; x_wconf 77' lang='lat' dir='ltr'><strong>expectant.</strong></span> <span class='ocrx_word' id='word_1_46' title='bbox 605 309 692 348; x_wconf 93' lang='lat' dir='ltr'><strong>Non</strong></span> <span class='ocrx_word' id='word_1_47' title='bbox 731 315 788 348; x_wconf 88' lang='lat' dir='ltr'><strong>est</strong></span> <span class='ocrx_word' id='word_1_48' title='bbox 824 309 923 349; x_wconf 89' lang='lat' dir='ltr'><strong>enim</strong></span> <span class='ocrx_word' id='word_1_49' title='bbox 959 309 1062 348; x_wconf 91' lang='lat' dir='ltr'><strong>aliud</strong></span> <span class='ocrx_word' id='word_1_50' title='bbox 1099 323 1234 349; x_wconf 88' lang='lat' dir='ltr'><strong>nomen</strong></span> <span class='ocrx_word' id='word_1_51' title='bbox 1265 310 1334 348; x_wconf 88' lang='lat' dir='ltr'><strong>sub</strong></span> <span class='ocrx_word' id='word_1_52' title='bbox 1363 310 1480 357; x_wconf 90' lang='lat' dir='ltr'><strong>coelo,</strong></span> <span class='ocrx_word' id='word_1_53' title='bbox 1505 310 1545 348; x_wconf 92' lang='lat' dir='ltr'><strong>in</strong></span> <span class='ocrx_word' id='word_1_54' title='bbox 1572 323 1647 361; x_wconf 89' lang='lat' dir='ltr'><strong>quo</strong></span> <span class='ocrx_word' id='word_1_55' title='bbox 1675 323 1744 350; x_wconf 87' lang='lat' dir='ltr'><strong>nos</strong></span> 
     </span>
     <span class='ocr_line' id='line_1_16' title="bbox 341 374 693 426; baseline 0.006 -15"><span class='ocrx_word' id='word_1_56' title='bbox 341 374 479 412; x_wconf 88' lang='lat' dir='ltr'><strong>servari</strong></span> <span class='ocrx_word' id='word_1_57' title='bbox 507 378 693 426; x_wconf 72' lang='lat' dir='ltr'><strong>oporteat.</strong></span> 
     </span>
    </p>
   </div>
   <div class='ocr_carea' id='block_1_7' title="bbox 336 566 1742 812">
    <p class='ocr_par' dir='ltr' id='par_1_8' title="bbox 336 566 1742 812">
     <span class='ocr_line' id='line_1_17' title="bbox 390 566 1742 619; baseline 0.001 -15"><span class='ocrx_word' id='word_1_58' title='bbox 390 567 478 605; x_wconf 79' lang='lat' dir='ltr'><strong>Quo</strong></span> <span class='ocrx_word' id='word_1_59' title='bbox 506 567 656 618; x_wconf 88' lang='lat' dir='ltr'><strong>quidem</strong></span> <span class='ocrx_word' id='word_1_60' title='bbox 683 566 835 605; x_wconf 91' lang='lat' dir='ltr'><strong>nomine</strong></span> <span class='ocrx_word' id='word_1_61' title='bbox 862 580 932 605; x_wconf 90' lang='lat' dir='ltr'><strong>nos</strong></span> <span class='ocrx_word' id='word_1_62' title='bbox 959 567 1097 619; x_wconf 82' lang='lat' dir='ltr'>Papam</span> <span class='ocrx_word' id='word_1_63' title='bbox 1127 567 1351 612; x_wconf 86' lang='lat' dir='ltr'><strong>Romanum,</strong></span> <span class='ocrx_word' id='word_1_64' title='bbox 1378 570 1414 604; x_wconf 89' lang='lat' dir='ltr'><strong>et</strong></span> <span class='ocrx_word' id='word_1_65' title='bbox 1441 567 1513 605; x_wconf 87' lang='lat' dir='ltr'><strong>iam</strong></span> <span class='ocrx_word' id='word_1_66' title='bbox 1533 567 1646 605; x_wconf 83' lang='lat' dir='ltr'><strong>etiam</strong></span> <span class='ocrx_word' id='word_1_67' title='bbox 1664 567 1742 606; x_wconf 91' lang='lat' dir='ltr'><strong>Da-</strong></span> 
     </span>
     <span class='ocr_line' id='line_1_18' title="bbox 338 630 1741 683; baseline 0.001 -14"><span class='ocrx_word' id='word_1_68' title='bbox 338 630 460 669; x_wconf 83' lang='lat' dir='ltr'>videm</span> <span class='ocrx_word' id='word_1_69' title='bbox 489 631 706 681; x_wconf 85' lang='lat' dir='ltr'><strong>Georgium,</strong></span> <span class='ocrx_word' id='word_1_70' title='bbox 734 644 936 683; x_wconf 86' lang='lat' dir='ltr'><strong>omnesque</strong></span> <span class='ocrx_word' id='word_1_71' title='bbox 962 636 1151 683; x_wconf 82' lang='lat' dir='ltr'><strong>praeterea</strong></span> <span class='ocrx_word' id='word_1_72' title='bbox 1171 645 1324 683; x_wconf 90' lang='lat' dir='ltr'><strong>operum</strong></span> <span class='ocrx_word' id='word_1_73' title='bbox 1343 644 1387 670; x_wconf 90' lang='lat' dir='ltr'><strong>ac</strong></span> <span class='ocrx_word' id='word_1_74' title='bbox 1403 631 1622 670; x_wconf 86' lang='lat' dir='ltr'><strong>meritorum</strong></span> <span class='ocrx_word' id='word_1_75' title='bbox 1641 631 1741 670; x_wconf 89' lang='lat' dir='ltr'><strong>Doc-</strong></span> 
     </span>
     <span class='ocr_line' id='line_1_19' title="bbox 336 696 1742 748; baseline 0.001 -15"><span class='ocrx_word' id='word_1_76' title='bbox 336 700 436 734; x_wconf 82' lang='lat' dir='ltr'><strong>tores</strong></span> <span class='ocrx_word' id='word_1_77' title='bbox 464 709 693 742; x_wconf 80' lang='lat' dir='ltr'><strong>accusamuS,</strong></span> <span class='ocrx_word' id='word_1_78' title='bbox 722 696 829 747; x_wconf 89' lang='lat' dir='ltr'><strong>quasi</strong></span> <span class='ocrx_word' id='word_1_79' title='bbox 855 710 952 734; x_wconf 89' lang='lat' dir='ltr'><strong>unus</strong></span> <span class='ocrx_word' id='word_1_80' title='bbox 979 709 1023 734; x_wconf 90' lang='lat' dir='ltr'><strong>ac</strong></span> <span class='ocrx_word' id='word_1_81' title='bbox 1051 697 1153 734; x_wconf 88' lang='lat' dir='ltr'><strong>solus</strong></span> <span class='ocrx_word' id='word_1_82' title='bbox 1179 697 1299 744; x_wconf 84' lang='lat' dir='ltr'><strong>Iesus,</strong></span> <span class='ocrx_word' id='word_1_83' title='bbox 1324 697 1387 736; x_wconf 87' lang='lat' dir='ltr'><strong>ille</strong></span> <span class='ocrx_word' id='word_1_84' title='bbox 1415 697 1571 748; x_wconf 87' lang='lat' dir='ltr'><strong>virginis</strong></span> <span class='ocrx_word' id='word_1_85' title='bbox 1600 696 1742 735; x_wconf 86' lang='lat' dir='ltr'><strong>Mariae</strong></span> 
     </span>
     <span class='ocr_line' id='line_1_20' title="bbox 336 760 1261 812; baseline 0.002 -15"><span class='ocrx_word' id='word_1_86' title='bbox 336 760 448 807; x_wconf 87' lang='lat' dir='ltr'><strong>filius,</strong></span> <span class='ocrx_word' id='word_1_87' title='bbox 477 760 669 798; x_wconf 83' lang='lat' dir='ltr'><strong>servandis</strong></span> <span class='ocrx_word' id='word_1_88' title='bbox 697 760 808 799; x_wconf 91' lang='lat' dir='ltr'><strong>nobis</strong></span> <span class='ocrx_word' id='word_1_89' title='bbox 837 762 1000 799; x_wconf 89' lang='lat' dir='ltr'><strong>sufficere</strong></span> <span class='ocrx_word' id='word_1_90' title='bbox 1026 774 1101 799; x_wconf 86' lang='lat' dir='ltr'><strong>non</strong></span> <span class='ocrx_word' id='word_1_91' title='bbox 1130 762 1261 812; x_wconf 86' lang='lat' dir='ltr'><strong>possit.</strong></span> 
     </span>
    </p>
   </div>
   <div class='ocr_carea' id='block_1_8' title="bbox 334 889 1743 1250">
    <p class='ocr_par' dir='ltr' id='par_1_9' title="bbox 334 889 1743 1250">
     <span class='ocr_line' id='line_1_21' title="bbox 385 889 1741 938; baseline 0.001 -12"><span class='ocrx_word' id='word_1_92' title='bbox 385 889 592 932; x_wconf 80' lang='lat' dir='ltr'><strong>Postremo,</strong></span> <span class='ocrx_word' id='word_1_93' title='bbox 619 889 748 927; x_wconf 91' lang='lat' dir='ltr'><strong>eodem</strong></span> <span class='ocrx_word' id='word_1_94' title='bbox 776 889 928 927; x_wconf 90' lang='lat' dir='ltr'><strong>nomine</strong></span> <span class='ocrx_word' id='word_1_95' title='bbox 955 889 1043 927; x_wconf 90' lang='lat' dir='ltr'><strong>Iesu</strong></span> <span class='ocrx_word' id='word_1_96' title='bbox 1070 889 1258 935; x_wconf 82' lang='lat' dir='ltr'><strong>docemur,</strong></span> <span class='ocrx_word' id='word_1_97' title='bbox 1285 889 1441 938; x_wconf 84' lang='lat' dir='ltr'><strong>virginis</strong></span> <span class='ocrx_word' id='word_1_98' title='bbox 1470 889 1571 927; x_wconf 91' lang='lat' dir='ltr'><strong>hunc</strong></span> <span class='ocrx_word' id='word_1_99' title='bbox 1600 889 1741 928; x_wconf 86' lang='lat' dir='ltr'><strong>Mariae</strong></span> 
     </span>
     <span class='ocr_line' id='line_1_22' title="bbox 335 952 1741 1001; baseline 0.001 -11"><span class='ocrx_word' id='word_1_100' title='bbox 335 952 453 991; x_wconf 89' lang='lat' dir='ltr'><strong>filium</strong></span> <span class='ocrx_word' id='word_1_101' title='bbox 482 966 559 991; x_wconf 86' lang='lat' dir='ltr'><strong>non</strong></span> <span class='ocrx_word' id='word_1_102' title='bbox 587 957 732 992; x_wconf 85' lang='lat' dir='ltr'><strong>tantum</strong></span> <span class='ocrx_word' id='word_1_103' title='bbox 762 953 952 992; x_wconf 90' lang='lat' dir='ltr'><strong>hominem</strong></span> <span class='ocrx_word' id='word_1_104' title='bbox 981 967 1074 1001; x_wconf 90' lang='lat' dir='ltr'><strong>esse,</strong></span> <span class='ocrx_word' id='word_1_105' title='bbox 1101 953 1164 992; x_wconf 93' lang='lat' dir='ltr'><strong>sed</strong></span> <span class='ocrx_word' id='word_1_106' title='bbox 1192 953 1305 992; x_wconf 84' lang='lat' dir='ltr'><strong>etiam</strong></span> <span class='ocrx_word' id='word_1_107' title='bbox 1332 953 1466 993; x_wconf 87' lang='lat' dir='ltr'><strong>Deum.</strong></span> <span class='ocrx_word' id='word_1_108' title='bbox 1521 954 1612 992; x_wconf 89' lang='lat' dir='ltr'><strong>Cum</strong></span> <span class='ocrx_word' id='word_1_109' title='bbox 1640 953 1741 991; x_wconf 89' lang='lat' dir='ltr'><strong>enim</strong></span> 
     </span>
     <span class='ocr_line' id='line_1_23' title="bbox 334 1017 1741 1069; baseline 0 -14"><span class='ocrx_word' id='word_1_110' title='bbox 334 1017 421 1055; x_wconf 91' lang='lat' dir='ltr'><strong>Iesu</strong></span> <span class='ocrx_word' id='word_1_111' title='bbox 457 1018 609 1056; x_wconf 90' lang='lat' dir='ltr'><strong>nomine</strong></span> <span class='ocrx_word' id='word_1_112' title='bbox 643 1021 803 1057; x_wconf 83' lang='lat' dir='ltr'><strong>testetur</strong></span> <span class='ocrx_word' id='word_1_113' title='bbox 837 1019 959 1069; x_wconf 85' lang='lat' dir='ltr'><strong>ipsum</strong></span> <span class='ocrx_word' id='word_1_114' title='bbox 995 1032 1074 1057; x_wconf 85' lang='lat' dir='ltr'><strong>esse</strong></span> <span class='ocrx_word' id='word_1_115' title='bbox 1109 1022 1349 1064; x_wconf 83' lang='lat' dir='ltr'><strong>servatorem,</strong></span> <span class='ocrx_word' id='word_1_116' title='bbox 1390 1022 1426 1056; x_wconf 89' lang='lat' dir='ltr'><strong>et</strong></span> <span class='ocrx_word' id='word_1_117' title='bbox 1454 1022 1620 1056; x_wconf 86' lang='lat' dir='ltr'><strong>servator</strong></span> <span class='ocrx_word' id='word_1_118' title='bbox 1646 1018 1741 1056; x_wconf 86' lang='lat' dir='ltr'><strong>alius</strong></span> 
     </span>
     <span class='ocr_line' id='line_1_24' title="bbox 335 1081 1742 1134; baseline -0.001 -14"><span class='ocrx_word' id='word_1_119' title='bbox 335 1094 413 1120; x_wconf 88' lang='lat' dir='ltr'><strong>non</strong></span> <span class='ocrx_word' id='word_1_120' title='bbox 452 1082 500 1120; x_wconf 89' lang='lat' dir='ltr'><strong>sit</strong></span> <span class='ocrx_word' id='word_1_121' title='bbox 526 1095 645 1133; x_wconf 92' lang='lat' dir='ltr'><strong>neque</strong></span> <span class='ocrx_word' id='word_1_122' title='bbox 673 1095 752 1121; x_wconf 90' lang='lat' dir='ltr'><strong>esse</strong></span> <span class='ocrx_word' id='word_1_123' title='bbox 777 1083 899 1134; x_wconf 83' lang='lat' dir='ltr'><strong>possit</strong></span> <span class='ocrx_word' id='word_1_124' title='bbox 926 1083 1000 1121; x_wconf 91' lang='lat' dir='ltr'><strong>nisi</strong></span> <span class='ocrx_word' id='word_1_125' title='bbox 1028 1083 1130 1121; x_wconf 89' lang='lat' dir='ltr'><strong>Deus</strong></span> <span class='ocrx_word' id='word_1_126' title='bbox 1159 1083 1273 1127; x_wconf 88' lang='lat' dir='ltr'><strong>solus,</strong></span> <span class='ocrx_word' id='word_1_127' title='bbox 1300 1083 1411 1119; x_wconf 87' lang='lat' dir='ltr'><strong>simul</strong></span> <span class='ocrx_word' id='word_1_128' title='bbox 1440 1082 1614 1120; x_wconf 87' lang='lat' dir='ltr'><strong>docemur</strong></span> <span class='ocrx_word' id='word_1_129' title='bbox 1641 1081 1742 1119; x_wconf 88' lang='lat' dir='ltr'><strong>hunc</strong></span> 
     </span>
     <span class='ocr_line' id='line_1_25' title="bbox 336 1146 1743 1198; baseline 0 -14"><span class='ocrx_word' id='word_1_130' title='bbox 336 1146 460 1184; x_wconf 91' lang='lat' dir='ltr'><strong>Iesum</strong></span> <span class='ocrx_word' id='word_1_131' title='bbox 499 1150 576 1185; x_wconf 86' lang='lat' dir='ltr'><strong>tam</strong></span> <span class='ocrx_word' id='word_1_132' title='bbox 612 1160 692 1185; x_wconf 91' lang='lat' dir='ltr'><strong>esse</strong></span> <span class='ocrx_word' id='word_1_133' title='bbox 727 1147 976 1198; x_wconf 86' lang='lat' dir='ltr'><strong>proculdubio</strong></span> <span class='ocrx_word' id='word_1_134' title='bbox 1014 1147 1148 1193; x_wconf 87' lang='lat' dir='ltr'><strong>Deum,</strong></span> <span class='ocrx_word' id='word_1_135' title='bbox 1176 1160 1287 1198; x_wconf 86' lang='lat' dir='ltr'><strong>quam</strong></span> <span class='ocrx_word' id='word_1_136' title='bbox 1315 1151 1369 1185; x_wconf 88' lang='lat' dir='ltr'><strong>est</strong></span> <span class='ocrx_word' id='word_1_137' title='bbox 1397 1159 1436 1185; x_wconf 90' lang='lat' dir='ltr'><strong>re</strong></span> <span class='ocrx_word' id='word_1_138' title='bbox 1463 1160 1548 1185; x_wconf 87' lang='lat' dir='ltr'><strong>vera</strong></span> <span class='ocrx_word' id='word_1_139' title='bbox 1576 1150 1743 1185; x_wconf 89' lang='lat' dir='ltr'><strong>servator</strong></span> 
     </span>
     <span class='ocr_line' id='line_1_26' title="bbox 335 1211 480 1250; baseline 0.007 -1"><span class='ocrx_word' id='word_1_140' title='bbox 335 1211 480 1250; x_wconf 90' lang='lat' dir='ltr'><strong>mundi.</strong></span> 
     </span>
    </p>
   </div>
   <div class='ocr_carea' id='block_1_9' title="bbox 334 1340 1742 1768">
    <p class='ocr_par' dir='ltr' id='par_1_10' title="bbox 334 1340 1742 1768">
     <span class='ocr_line' id='line_1_27' title="bbox 388 1340 1742 1389; baseline 0 -11"><span class='ocrx_word' id='word_1_141' title='bbox 388 1342 472 1389; x_wconf 88' lang='lat'>(10)</span> <span class='ocrx_word' id='word_1_142' title='bbox 501 1340 667 1379; x_wconf 88' lang='lat' dir='ltr'><strong>Nomine</strong></span> <span class='ocrx_word' id='word_1_143' title='bbox 703 1354 791 1379; x_wconf 91' lang='lat' dir='ltr'><strong>vero</strong></span> <span class='ocrx_word' id='word_1_144' title='bbox 828 1340 969 1380; x_wconf 88' lang='lat' dir='ltr'><strong>Christi</strong></span> <span class='ocrx_word' id='word_1_145' title='bbox 1003 1341 1043 1380; x_wconf 91' lang='lat' dir='ltr'><strong>in</strong></span> <span class='ocrx_word' id='word_1_146' title='bbox 1079 1341 1315 1380; x_wconf 90' lang='lat' dir='ltr'><strong>confessione</strong></span> <span class='ocrx_word' id='word_1_147' title='bbox 1342 1341 1429 1379; x_wconf 89' lang='lat' dir='ltr'><strong>fidei</strong></span> <span class='ocrx_word' id='word_1_148' title='bbox 1456 1340 1742 1379; x_wconf 83' lang='lat' dir='ltr'><strong>Ecclesiasticae</strong></span> 
     </span>
     <span class='ocr_line' id='line_1_28' title="bbox 335 1404 1742 1457; baseline 0.001 -15"><span class='ocrx_word' id='word_1_149' title='bbox 335 1404 525 1450; x_wconf 89' lang='lat' dir='ltr'><strong>docemur,</strong></span> <span class='ocrx_word' id='word_1_150' title='bbox 560 1405 719 1444; x_wconf 90' lang='lat' dir='ltr'><strong>eundem</strong></span> <span class='ocrx_word' id='word_1_151' title='bbox 753 1406 877 1457; x_wconf 90' lang='lat' dir='ltr'><strong>ipsum</strong></span> <span class='ocrx_word' id='word_1_152' title='bbox 903 1406 1030 1444; x_wconf 90' lang='lat' dir='ltr'><strong>Iesum</strong></span> <span class='ocrx_word' id='word_1_153' title='bbox 1058 1406 1255 1457; x_wconf 86' lang='lat' dir='ltr'><strong>complecti</strong></span> <span class='ocrx_word' id='word_1_154' title='bbox 1281 1406 1318 1444; x_wconf 92' lang='lat' dir='ltr'><strong>in</strong></span> <span class='ocrx_word' id='word_1_155' title='bbox 1349 1419 1387 1444; x_wconf 91' lang='lat' dir='ltr'><strong>se</strong></span> <span class='ocrx_word' id='word_1_156' title='bbox 1413 1419 1455 1444; x_wconf 87' lang='lat' dir='ltr'><strong>ea</strong></span> <span class='ocrx_word' id='word_1_157' title='bbox 1482 1405 1621 1451; x_wconf 83' lang='lat' dir='ltr'><strong>omnia,</strong></span> <span class='ocrx_word' id='word_1_158' title='bbox 1648 1417 1742 1456; x_wconf 89' lang='lat' dir='ltr'><strong>quae</strong></span> 
     </span>
     <span class='ocr_line' id='line_1_29' title="bbox 334 1469 1741 1521; baseline -0.001 -13"><span class='ocrx_word' id='word_1_159' title='bbox 334 1470 471 1521; x_wconf 84' lang='lat' dir='ltr'><strong>typicis</strong></span> <span class='ocrx_word' id='word_1_160' title='bbox 505 1470 543 1508; x_wconf 91' lang='lat' dir='ltr'><strong>in</strong></span> <span class='ocrx_word' id='word_1_161' title='bbox 582 1474 702 1508; x_wconf 90' lang='lat' dir='ltr'><strong>vetere</strong></span> <span class='ocrx_word' id='word_1_162' title='bbox 736 1470 907 1508; x_wconf 84' lang='lat' dir='ltr'><strong>Ecclesia</strong></span> <span class='ocrx_word' id='word_1_163' title='bbox 934 1470 1180 1508; x_wconf 87' lang='lat' dir='ltr'><strong>unctionibus</strong></span> <span class='ocrx_word' id='word_1_164' title='bbox 1208 1470 1544 1510; x_wconf 81' lang='lat' dir='ltr'><strong>adumbrabantur.</strong></span> <span class='ocrx_word' id='word_1_165' title='bbox 1597 1469 1741 1508; x_wconf 90' lang='lat' dir='ltr'><strong>Unctio</strong></span> 
     </span>
     <span class='ocr_line' id='line_1_30' title="bbox 335 1535 1742 1586; baseline 0.001 -14"><span class='ocrx_word' id='word_1_166' title='bbox 335 1547 447 1586; x_wconf 86' lang='lat' dir='ltr'><strong>porro</strong></span> <span class='ocrx_word' id='word_1_167' title='bbox 483 1535 572 1572; x_wconf 90' lang='lat' dir='ltr'><strong>olim</strong></span> <span class='ocrx_word' id='word_1_168' title='bbox 601 1535 644 1573; x_wconf 87' lang='lat' dir='ltr'><strong>ad</strong></span> <span class='ocrx_word' id='word_1_169' title='bbox 675 1548 779 1584; x_wconf 82' lang='lat' dir='ltr'><strong>reges</strong></span> <span class='ocrx_word' id='word_1_170' title='bbox 807 1535 1016 1586; x_wconf 79' lang='lat' dir='ltr'><strong>praecipue,</strong></span> <span class='ocrx_word' id='word_1_171' title='bbox 1043 1535 1249 1586; x_wconf 85' lang='lat' dir='ltr'><strong>Prophetas</strong></span> <span class='ocrx_word' id='word_1_172' title='bbox 1277 1539 1313 1574; x_wconf 88' lang='lat' dir='ltr'><strong>et</strong></span> <span class='ocrx_word' id='word_1_173' title='bbox 1341 1535 1550 1573; x_wconf 81' lang='lat' dir='ltr'><strong>sacerdotes</strong></span> <span class='ocrx_word' id='word_1_174' title='bbox 1577 1535 1742 1586; x_wconf 89' lang='lat' dir='ltr'><strong>pertine-</strong></span> 
     </span>
     <span class='ocr_line' id='line_1_31' title="bbox 335 1599 1742 1651; baseline 0 -14"><span class='ocrx_word' id='word_1_175' title='bbox 335 1599 413 1646; x_wconf 86' lang='lat' dir='ltr'><strong>bat,</strong></span> <span class='ocrx_word' id='word_1_176' title='bbox 447 1600 771 1650; x_wconf 88' lang='lat' dir='ltr'><strong>adumbrabatque</strong></span> <span class='ocrx_word' id='word_1_177' title='bbox 798 1600 889 1637; x_wconf 87' lang='lat' dir='ltr'><strong>haec</strong></span> <span class='ocrx_word' id='word_1_178' title='bbox 915 1600 1042 1637; x_wconf 86' lang='lat' dir='ltr'><strong>omnia</strong></span> <span class='ocrx_word' id='word_1_179' title='bbox 1070 1599 1219 1637; x_wconf 89' lang='lat' dir='ltr'><strong>Christo</strong></span> <span class='ocrx_word' id='word_1_180' title='bbox 1247 1600 1398 1651; x_wconf 86' lang='lat' dir='ltr'><strong>propria</strong></span> <span class='ocrx_word' id='word_1_181' title='bbox 1424 1600 1516 1646; x_wconf 87' lang='lat' dir='ltr'><strong>fore,</strong></span> <span class='ocrx_word' id='word_1_182' title='bbox 1541 1612 1673 1651; x_wconf 90' lang='lat' dir='ltr'><strong>nempe</strong></span> <span class='ocrx_word' id='word_1_183' title='bbox 1699 1602 1742 1637; x_wconf 89' lang='lat' dir='ltr'><strong>ut</strong></span> 
     </span>
     <span class='ocr_line' id='line_1_32' title="bbox 337 1663 1739 1716; baseline 0.001 -15"><span class='ocrx_word' id='word_1_184' title='bbox 337 1664 511 1702; x_wconf 88' lang='lat' dir='ltr'><strong>Christus</strong></span> <span class='ocrx_word' id='word_1_185' title='bbox 538 1678 648 1703; x_wconf 88' lang='lat' dir='ltr'><strong>verus</strong></span> <span class='ocrx_word' id='word_1_186' title='bbox 676 1664 825 1703; x_wconf 85' lang='lat' dir='ltr'><strong>demum</strong></span> <span class='ocrx_word' id='word_1_187' title='bbox 852 1668 950 1703; x_wconf 86' lang='lat' dir='ltr'><strong>esset</strong></span> <span class='ocrx_word' id='word_1_188' title='bbox 977 1664 1126 1703; x_wconf 88' lang='lat' dir='ltr'><strong>futurus</strong></span> <span class='ocrx_word' id='word_1_189' title='bbox 1153 1664 1247 1712; x_wconf 85' lang='lat' dir='ltr'><strong>Rex,</strong></span> <span class='ocrx_word' id='word_1_190' title='bbox 1273 1664 1460 1716; x_wconf 83' lang='lat' dir='ltr'><strong>Propheta</strong></span> <span class='ocrx_word' id='word_1_191' title='bbox 1486 1677 1530 1703; x_wconf 91' lang='lat' dir='ltr'><strong>ac</strong></span> <span class='ocrx_word' id='word_1_192' title='bbox 1557 1663 1739 1702; x_wconf 86' lang='lat' dir='ltr'><strong>Sacerdos</strong></span> 
     </span>
     <span class='ocr_line' id='line_1_33' title="bbox 334 1728 681 1768; baseline 0 -1"><span class='ocrx_word' id='word_1_193' title='bbox 334 1729 376 1767; x_wconf 92' lang='lat' dir='ltr'><strong>in</strong></span> <span class='ocrx_word' id='word_1_194' title='bbox 403 1728 571 1767; x_wconf 85' lang='lat' dir='ltr'><strong>Ecclesia</strong></span> <span class='ocrx_word' id='word_1_195' title='bbox 598 1728 681 1768; x_wconf 86' lang='lat' dir='ltr'><strong>Dei.</strong></span> 
     </span>
    </p>
   </div>
   <div class='ocr_carea' id='block_1_10' title="bbox 335 1854 1743 2422">
    <p class='ocr_par' dir='ltr' id='par_1_11' title="bbox 335 1854 1743 2422">
     <span class='ocr_line' id='line_1_34' title="bbox 388 1854 1740 1907; baseline -0.001 -13"><span class='ocrx_word' id='word_1_196' title='bbox 388 1856 530 1895; x_wconf 84' lang='lat' dir='ltr'><strong>Christi</strong></span> <span class='ocrx_word' id='word_1_197' title='bbox 565 1856 682 1907; x_wconf 86' lang='lat' dir='ltr'><strong>igitur</strong></span> <span class='ocrx_word' id='word_1_198' title='bbox 718 1856 871 1895; x_wconf 91' lang='lat' dir='ltr'><strong>nomine</strong></span> <span class='ocrx_word' id='word_1_199' title='bbox 909 1856 1097 1902; x_wconf 76' lang='lat' dir='ltr'><strong>docemur,</strong></span> <span class='ocrx_word' id='word_1_200' title='bbox 1123 1855 1329 1894; x_wconf 88' lang='lat' dir='ltr'><strong>Dominum</strong></span> <span class='ocrx_word' id='word_1_201' title='bbox 1356 1855 1494 1900; x_wconf 90' lang='lat' dir='ltr'><strong>Iesum,</strong></span> <span class='ocrx_word' id='word_1_202' title='bbox 1522 1854 1666 1893; x_wconf 86' lang='lat' dir='ltr'><strong>Mariae</strong></span> <span class='ocrx_word' id='word_1_203' title='bbox 1692 1855 1740 1893; x_wconf 86' lang='lat' dir='ltr'><strong>il-</strong></span> 
     </span>
     <span class='ocr_line' id='line_1_35' title="bbox 335 1919 1741 1970; baseline -0.001 -12"><span class='ocrx_word' id='word_1_204' title='bbox 335 1920 411 1958; x_wconf 89' lang='lat' dir='ltr'><strong>lum</strong></span> <span class='ocrx_word' id='word_1_205' title='bbox 448 1920 578 1958; x_wconf 89' lang='lat' dir='ltr'><strong>matris</strong></span> <span class='ocrx_word' id='word_1_206' title='bbox 614 1920 773 1970; x_wconf 86' lang='lat' dir='ltr'><strong>virginis</strong></span> <span class='ocrx_word' id='word_1_207' title='bbox 808 1920 941 1966; x_wconf 90' lang='lat' dir='ltr'><strong>filium,</strong></span> <span class='ocrx_word' id='word_1_208' title='bbox 977 1934 1057 1958; x_wconf 90' lang='lat' dir='ltr'><strong>esse</strong></span> <span class='ocrx_word' id='word_1_209' title='bbox 1093 1933 1219 1958; x_wconf 89' lang='lat' dir='ltr'><strong>verum</strong></span> <span class='ocrx_word' id='word_1_210' title='bbox 1255 1919 1408 1969; x_wconf 83' lang='lat' dir='ltr'><strong>Regem,</strong></span> <span class='ocrx_word' id='word_1_211' title='bbox 1447 1919 1670 1970; x_wconf 85' lang='lat' dir='ltr'><strong>Prophetam</strong></span> <span class='ocrx_word' id='word_1_212' title='bbox 1697 1931 1741 1957; x_wconf 86' lang='lat' dir='ltr'><strong>ac</strong></span> 
     </span>
     <span class='ocr_line' id='line_1_36' title="bbox 336 1983 1740 2033; baseline -0.001 -11"><span class='ocrx_word' id='word_1_213' title='bbox 336 1983 574 2022; x_wconf 82' lang='lat' dir='ltr'><strong>Sacerdotem</strong></span> <span class='ocrx_word' id='word_1_214' title='bbox 610 1984 801 2022; x_wconf 84' lang='lat' dir='ltr'><strong>Ecclesiae</strong></span> <span class='ocrx_word' id='word_1_215' title='bbox 836 1984 918 2023; x_wconf 90' lang='lat' dir='ltr'><strong>Dei.</strong></span> <span class='ocrx_word' id='word_1_216' title='bbox 973 1984 1075 2023; x_wconf 75' lang='lat' dir='ltr'><strong>Quia</strong></span> <span class='ocrx_word' id='word_1_217' title='bbox 1111 1997 1197 2022; x_wconf 91' lang='lat' dir='ltr'><strong>vero</strong></span> <span class='ocrx_word' id='word_1_218' title='bbox 1234 1983 1342 2021; x_wconf 87' lang='lat' dir='ltr'><strong>multi</strong></span> <span class='ocrx_word' id='word_1_219' title='bbox 1377 1996 1478 2021; x_wconf 89' lang='lat' dir='ltr'><strong>nunc</strong></span> <span class='ocrx_word' id='word_1_220' title='bbox 1505 1987 1541 2021; x_wconf 89' lang='lat' dir='ltr'><strong>et</strong></span> <span class='ocrx_word' id='word_1_221' title='bbox 1568 1983 1740 2033; x_wconf 85' lang='lat' dir='ltr'><strong>Regnum</strong></span> 
     </span>
     <span class='ocr_line' id='line_1_37' title="bbox 336 2047 1742 2100; baseline -0.001 -13"><span class='ocrx_word' id='word_1_222' title='bbox 336 2053 372 2087; x_wconf 91' lang='lat' dir='ltr'><strong>et</strong></span> <span class='ocrx_word' id='word_1_223' title='bbox 398 2048 638 2100; x_wconf 88' lang='lat' dir='ltr'><strong>Prophetiam</strong></span> <span class='ocrx_word' id='word_1_224' title='bbox 668 2053 704 2088; x_wconf 90' lang='lat' dir='ltr'><strong>et</strong></span> <span class='ocrx_word' id='word_1_225' title='bbox 734 2049 992 2087; x_wconf 86' lang='lat' dir='ltr'><strong>Sacerdotium</strong></span> <span class='ocrx_word' id='word_1_226' title='bbox 1021 2049 1093 2087; x_wconf 90' lang='lat' dir='ltr'><strong>sibi</strong></span> <span class='ocrx_word' id='word_1_227' title='bbox 1112 2062 1288 2098; x_wconf 83' lang='lat' dir='ltr'><strong>arrogare</strong></span> <span class='ocrx_word' id='word_1_228' title='bbox 1308 2054 1502 2094; x_wconf 85' lang='lat' dir='ltr'><strong>conantur,</strong></span> <span class='ocrx_word' id='word_1_229' title='bbox 1521 2047 1742 2099; x_wconf 82' lang='lat' dir='ltr'><strong>explicanda</strong></span> 
     </span>
     <span class='ocr_line' id='line_1_38' title="bbox 338 2111 1743 2165; baseline -0.001 -14"><span class='ocrx_word' id='word_1_230' title='bbox 338 2117 394 2151; x_wconf 90' lang='lat' dir='ltr'><strong>est</strong></span> <span class='ocrx_word' id='word_1_231' title='bbox 422 2117 556 2151; x_wconf 87' lang='lat' dir='ltr'><strong>natura</strong></span> <span class='ocrx_word' id='word_1_232' title='bbox 584 2113 718 2163; x_wconf 84' lang='lat' dir='ltr'><strong>Regni,</strong></span> <span class='ocrx_word' id='word_1_233' title='bbox 745 2113 967 2165; x_wconf 87' lang='lat' dir='ltr'><strong>Prophetiae</strong></span> <span class='ocrx_word' id='word_1_234' title='bbox 995 2117 1030 2152; x_wconf 92' lang='lat' dir='ltr'><strong>et</strong></span> <span class='ocrx_word' id='word_1_235' title='bbox 1050 2112 1258 2151; x_wconf 87' lang='lat' dir='ltr'><strong>Sacerdotii</strong></span> <span class='ocrx_word' id='word_1_236' title='bbox 1277 2112 1431 2151; x_wconf 85' lang='lat' dir='ltr'><strong>Christi.</strong></span> <span class='ocrx_word' id='word_1_237' title='bbox 1460 2113 1629 2163; x_wconf 89' lang='lat' dir='ltr'><strong>Suntque</strong></span> <span class='ocrx_word' id='word_1_238' title='bbox 1648 2111 1743 2150; x_wconf 84' lang='lat' dir='ltr'><strong>duae</strong></span> 
     </span>
     <span class='ocr_line' id='line_1_39' title="bbox 335 2176 1743 2230; baseline -0.001 -14"><span class='ocrx_word' id='word_1_239' title='bbox 335 2182 536 2230; x_wconf 86' lang='lat' dir='ltr'><strong>perpetuae</strong></span> <span class='ocrx_word' id='word_1_240' title='bbox 571 2191 614 2216; x_wconf 89' lang='lat' dir='ltr'><strong>ac</strong></span> <span class='ocrx_word' id='word_1_241' title='bbox 651 2192 867 2216; x_wconf 88' lang='lat' dir='ltr'><strong>communes</strong></span> <span class='ocrx_word' id='word_1_242' title='bbox 904 2183 1016 2217; x_wconf 90' lang='lat' dir='ltr'><strong>notae</strong></span> <span class='ocrx_word' id='word_1_243' title='bbox 1051 2178 1187 2227; x_wconf 79' lang='lat' dir='ltr'><strong>Regni,</strong></span> <span class='ocrx_word' id='word_1_244' title='bbox 1213 2177 1447 2229; x_wconf 86' lang='lat' dir='ltr'><strong>Prophetiae,</strong></span> <span class='ocrx_word' id='word_1_245' title='bbox 1473 2181 1509 2215; x_wconf 87' lang='lat' dir='ltr'><strong>et</strong></span> <span class='ocrx_word' id='word_1_246' title='bbox 1536 2176 1743 2215; x_wconf 84' lang='lat' dir='ltr'><strong>Sacerdotii</strong></span> 
     </span>
     <span class='ocr_line' id='line_1_40' title="bbox 338 2239 1742 2293; baseline -0.002 -13"><span class='ocrx_word' id='word_1_247' title='bbox 338 2241 492 2288; x_wconf 86' lang='lat' dir='ltr'><strong>Christi,</strong></span> <span class='ocrx_word' id='word_1_248' title='bbox 529 2255 624 2293; x_wconf 88' lang='lat' dir='ltr'><strong>quae</strong></span> <span class='ocrx_word' id='word_1_249' title='bbox 659 2242 698 2280; x_wconf 92' lang='lat' dir='ltr'><strong>in</strong></span> <span class='ocrx_word' id='word_1_250' title='bbox 727 2242 913 2280; x_wconf 86' lang='lat' dir='ltr'><strong>neminem</strong></span> <span class='ocrx_word' id='word_1_251' title='bbox 942 2243 1100 2280; x_wconf 76' lang='lat' dir='ltr'><strong>alterum</strong></span> <span class='ocrx_word' id='word_1_252' title='bbox 1128 2241 1259 2279; x_wconf 88' lang='lat' dir='ltr'><strong>cadere</strong></span> <span class='ocrx_word' id='word_1_253' title='bbox 1284 2244 1455 2292; x_wconf 89' lang='lat' dir='ltr'><strong>possunt,</strong></span> <span class='ocrx_word' id='word_1_254' title='bbox 1483 2253 1615 2291; x_wconf 90' lang='lat' dir='ltr'><strong>nempe</strong></span> <span class='ocrx_word' id='word_1_255' title='bbox 1642 2239 1742 2291; x_wconf 86' lang='lat' dir='ltr'><strong>quod</strong></span> 
     </span>
     <span class='ocr_line' id='line_1_41' title="bbox 339 2305 1741 2358; baseline -0.002 -14"><span class='ocrx_word' id='word_1_256' title='bbox 339 2320 539 2352; x_wconf 87' lang='lat' dir='ltr'><strong>summum,</strong></span> <span class='ocrx_word' id='word_1_257' title='bbox 576 2307 710 2345; x_wconf 88' lang='lat' dir='ltr'><strong>deinde</strong></span> <span class='ocrx_word' id='word_1_258' title='bbox 736 2307 839 2358; x_wconf 88' lang='lat' dir='ltr'><strong>quod</strong></span> <span class='ocrx_word' id='word_1_259' title='bbox 866 2311 1057 2345; x_wconf 83' lang='lat' dir='ltr'><strong>aeternum</strong></span> <span class='ocrx_word' id='word_1_260' title='bbox 1085 2307 1145 2352; x_wconf 90' lang='lat' dir='ltr'><strong>sit,</strong></span> <span class='ocrx_word' id='word_1_261' title='bbox 1173 2306 1359 2355; x_wconf 84' lang='lat' dir='ltr'><strong>Regnum,</strong></span> <span class='ocrx_word' id='word_1_262' title='bbox 1385 2305 1583 2356; x_wconf 88' lang='lat' dir='ltr'><strong>Prophetia</strong></span> <span class='ocrx_word' id='word_1_263' title='bbox 1611 2308 1647 2343; x_wconf 84' lang='lat' dir='ltr'><strong>et</strong></span> <span class='ocrx_word' id='word_1_264' title='bbox 1673 2305 1741 2342; x_wconf 88' lang='lat' dir='ltr'><strong>Sa-</strong></span> 
     </span>
     <span class='ocr_line' id='line_1_42' title="bbox 338 2371 701 2422; baseline 0.003 -12"><span class='ocrx_word' id='word_1_265' title='bbox 338 2371 545 2410; x_wconf 85' lang='lat' dir='ltr'><strong>cerdotium</strong></span> <span class='ocrx_word' id='word_1_266' title='bbox 572 2371 701 2422; x_wconf 80' lang='lat' dir='ltr'><strong>ipsiuS.</strong></span> 
     </span>
    </p>
   </div>
   <div class='ocr_carea' id='block_1_11' title="bbox 339 2561 1742 2873">
    <p class='ocr_par' dir='ltr' id='par_1_12' title="bbox 339 2561 1742 2873">
     <span class='ocr_line' id='line_1_43' title="bbox 391 2561 1742 2616; baseline -0.003 -13"><span class='ocrx_word' id='word_1_267' title='bbox 391 2565 564 2616; x_wconf 87' lang='lat' dir='ltr'><strong>Regnum</strong></span> <span class='ocrx_word' id='word_1_268' title='bbox 612 2564 751 2603; x_wconf 89' lang='lat' dir='ltr'><strong>Christi</strong></span> <span class='ocrx_word' id='word_1_269' title='bbox 793 2564 880 2602; x_wconf 89' lang='lat' dir='ltr'><strong>Iesu</strong></span> <span class='ocrx_word' id='word_1_270' title='bbox 925 2565 1092 2603; x_wconf 84' lang='lat' dir='ltr'><strong>fatentur</strong></span> <span class='ocrx_word' id='word_1_271' title='bbox 1126 2563 1264 2613; x_wconf 86' lang='lat' dir='ltr'><strong>Angeli</strong></span> <span class='ocrx_word' id='word_1_272' title='bbox 1301 2576 1379 2601; x_wconf 86' lang='lat' dir='ltr'><strong>esse</strong></span> <span class='ocrx_word' id='word_1_273' title='bbox 1416 2566 1619 2608; x_wconf 84' lang='lat' dir='ltr'><strong>aeternum,</strong></span> <span class='ocrx_word' id='word_1_274' title='bbox 1653 2561 1742 2600; x_wconf 90' lang='lat' dir='ltr'><strong>dum</strong></span> 
     </span>
     <span class='ocr_line' id='line_1_44' title="bbox 339 2628 1742 2679; baseline -0.003 -12"><span class='ocrx_word' id='word_1_275' title='bbox 339 2630 485 2667; x_wconf 85' lang='lat' dir='ltr'><strong>nullum</strong></span> <span class='ocrx_word' id='word_1_276' title='bbox 513 2630 615 2667; x_wconf 89' lang='lat' dir='ltr'><strong>illius</strong></span> <span class='ocrx_word' id='word_1_277' title='bbox 643 2630 753 2667; x_wconf 88' lang='lat' dir='ltr'><strong>finem</strong></span> <span class='ocrx_word' id='word_1_278' title='bbox 783 2629 863 2666; x_wconf 88' lang='lat' dir='ltr'><strong>fore</strong></span> <span class='ocrx_word' id='word_1_279' title='bbox 890 2629 1118 2679; x_wconf 86' lang='lat' dir='ltr'><strong>praedicant.</strong></span> <span class='ocrx_word' id='word_1_280' title='bbox 1159 2628 1343 2666; x_wconf 86' lang='lat' dir='ltr'><strong>Fatentur</strong></span> <span class='ocrx_word' id='word_1_281' title='bbox 1369 2630 1405 2664; x_wconf 88' lang='lat' dir='ltr'><strong>et</strong></span> <span class='ocrx_word' id='word_1_282' title='bbox 1432 2640 1633 2672; x_wconf 83' lang='lat' dir='ltr'><strong>summum,</strong></span> <span class='ocrx_word' id='word_1_283' title='bbox 1659 2639 1742 2664; x_wconf 90' lang='lat' dir='ltr'><strong>cum</strong></span> 
     </span>
     <span class='ocr_line' id='line_1_45' title="bbox 341 2692 1742 2741; baseline -0.002 -9"><span class='ocrx_word' id='word_1_284' title='bbox 341 2707 378 2732; x_wconf 91' lang='lat' dir='ltr'><strong>se</strong></span> <span class='ocrx_word' id='word_1_285' title='bbox 405 2694 598 2732; x_wconf 91' lang='lat' dir='ltr'><strong>ministros</strong></span> <span class='ocrx_word' id='word_1_286' title='bbox 625 2694 726 2731; x_wconf 89' lang='lat' dir='ltr'><strong>illius</strong></span> <span class='ocrx_word' id='word_1_287' title='bbox 754 2706 833 2731; x_wconf 89' lang='lat' dir='ltr'><strong>esse</strong></span> <span class='ocrx_word' id='word_1_288' title='bbox 860 2697 1081 2741; x_wconf 80' lang='lat' dir='ltr'><strong>agnoscunt.</strong></span> <span class='ocrx_word' id='word_1_289' title='bbox 1120 2692 1206 2730; x_wconf 92' lang='lat' dir='ltr'><strong>Hoc</strong></span> <span class='ocrx_word' id='word_1_290' title='bbox 1232 2692 1354 2741; x_wconf 82' lang='lat' dir='ltr'><strong>ipsum</strong></span> <span class='ocrx_word' id='word_1_291' title='bbox 1383 2703 1468 2728; x_wconf 93' lang='lat' dir='ltr'><strong>vero</strong></span> <span class='ocrx_word' id='word_1_292' title='bbox 1496 2694 1680 2729; x_wconf 86' lang='lat' dir='ltr'><strong>testantur</strong></span> <span class='ocrx_word' id='word_1_293' title='bbox 1706 2695 1742 2729; x_wconf 89' lang='lat' dir='ltr'><strong>et</strong></span> 
     </span>
     <span class='ocr_line' id='line_1_46' title="bbox 339 2754 1742 2809; baseline -0.004 -12"><span class='ocrx_word' id='word_1_294' title='bbox 339 2757 547 2809; x_wconf 87' lang='lat' dir='ltr'><strong>Prophetae</strong></span> <span class='ocrx_word' id='word_1_295' title='bbox 582 2771 724 2802; x_wconf 87' lang='lat' dir='ltr'><strong>omnes,</strong></span> <span class='ocrx_word' id='word_1_296' title='bbox 763 2757 849 2795; x_wconf 91' lang='lat' dir='ltr'><strong>dum</strong></span> <span class='ocrx_word' id='word_1_297' title='bbox 877 2757 1051 2806; x_wconf 84' lang='lat' dir='ltr'><strong>Regnum</strong></span> <span class='ocrx_word' id='word_1_298' title='bbox 1078 2757 1179 2794; x_wconf 85' lang='lat' dir='ltr'><strong>illius</strong></span> <span class='ocrx_word' id='word_1_299' title='bbox 1207 2756 1378 2805; x_wconf 89' lang='lat' dir='ltr'><strong>Regnum</strong></span> <span class='ocrx_word' id='word_1_300' title='bbox 1405 2755 1570 2793; x_wconf 87' lang='lat' dir='ltr'><strong>omnium</strong></span> <span class='ocrx_word' id='word_1_301' title='bbox 1599 2754 1742 2793; x_wconf 88' lang='lat' dir='ltr'><strong>seculo·</strong></span> 
     </span>
     <span class='ocr_line' id='line_1_47' title="bbox 340 2818 1742 2873; baseline -0.002 -12"><span class='ocrx_word' id='word_1_302' title='bbox 340 2835 423 2861; x_wconf 90' lang='lat' dir='ltr'><strong>rum</strong></span> <span class='ocrx_word' id='word_1_303' title='bbox 470 2835 549 2861; x_wconf 90' lang='lat' dir='ltr'><strong>esse</strong></span> <span class='ocrx_word' id='word_1_304' title='bbox 586 2822 780 2873; x_wconf 89' lang='lat' dir='ltr'><strong>Regesque</strong></span> <span class='ocrx_word' id='word_1_305' title='bbox 822 2821 915 2860; x_wconf 89' lang='lat' dir='ltr'><strong>alios</strong></span> <span class='ocrx_word' id='word_1_306' title='bbox 952 2833 1081 2859; x_wconf 87' lang='lat' dir='ltr'><strong>omnes</strong></span> <span class='ocrx_word' id='word_1_307' title='bbox 1117 2820 1309 2860; x_wconf 87' lang='lat' dir='ltr'><strong>ministros</strong></span> <span class='ocrx_word' id='word_1_308' title='bbox 1343 2818 1444 2858; x_wconf 87' lang='lat' dir='ltr'><strong>illius</strong></span> <span class='ocrx_word' id='word_1_309' title='bbox 1480 2820 1560 2858; x_wconf 90' lang='lat' dir='ltr'><strong>fore</strong></span> <span class='ocrx_word' id='word_1_310' title='bbox 1596 2819 1742 2858; x_wconf 91' lang='lat' dir='ltr'><strong>docent.</strong></span> 
     </span>
    </p>
   </div>
  </div>
 </body>
</html>
