1830 3147
187 99 262 148 204

182 209 378 262 productis
405 211 549 263 aliquot
577 212 784 263 scripturae
810 213 904 251 locis
940 213 1118 261 ostendit,
1145 217 1287 265 quanta
1314 213 1475 254 Divinae
1503 216 1551 255 sit
1568 217 1724 256 ultionis

185 280 315 314 contra
343 276 576 315 obstinatum
602 276 818 317 istiusmodi
846 282 1101 330 contemptum
1128 280 1317 319 severitas.
1372 280 1617 320 Horrendum
1644 297 1724 321 esse

182 341 349 379 incidere
374 341 415 379 in
440 355 574 380 manus
601 342 673 380 Dei
701 343 873 383 viventis.
910 345 968 381 Ac
993 345 1113 382 multo
1143 345 1392 383 miserrimum
1420 359 1511 393 0550,
1540 360 1617 386 11011
1638 361 1722 386 sen·

184 406 254 444 tire
278 405 372 444 iram
401 406 473 444 Dei
499 407 538 444 in
567 407 708 446 nostris
737 408 915 446 cordibus
943 407 1123 447 adversus
1148 415 1356 460 peccatum,
1383 415 1419 449 et
1437 411 1597 462 proinde
1614 412 1722 450 illum

183 470 328 508 moneri
363 470 486 509 adhuc
524 473 636 510 semel
673 475 785 524 atque
820 472 958 510 iterum
994 486 1059 524 per
1094 486 1232 512 nomen
1270 474 1413 512 Christi
1450 475 1619 522 Domini,
1654 490 1723 528 pro

181 535 346 587 peccatis
383 536 526 574 nostris
561 537 714 584 mortui,
751 541 791 575 ut
827 538 976 589 culpam
1002 538 1149 589 peccati
1176 543 1489 592 contemptusque
1516 540 1574 578 sui
1601 541 1725 580 adhuc

180 606 362 651 agnoscat
398 615 511 653 seque
546 602 737 641 Ecclesiae
772 602 991 640 reconciliet
1018 606 1054 641 et
1082 603 1303 653 sanguinem
1332 604 1475 643 Christi
1502 604 1658 644 Domini
1684 606 1724 645 in

182 679 233 712 se,
259 679 334 717 quo
362 666 515 705 ablutus
543 672 611 714 est,
640 681 686 706 ne
716 668 937 705 conculcare
964 672 1111 719 pergat.

235 731 384 770 Quodsi
413 732 515 770 hisce
551 732 676 770 adhuc
710 736 774 770 aut
814 732 1003 771 similibus
1041 732 1370 772 admonitionibus
1398 736 1514 774 frater
1539 735 1724 787 impoeni-

180 800 263 835 tens
296 797 360 835 ille
393 797 535 836 lucrifit
570 803 682 848 atque
717 797 1015 849 resipiscentiam
1050 798 1263 849 pollicetur,
1299 800 1488 849 agendum
1534 814 1619 839 cum
1655 801 1722 840 illo

182 862 265 909 erit,
298 868 340 901 ut
376 863 450 901 iam
485 876 598 914 supra
637 863 778 901 dictum
815 867 883 902 est.
940 863 1008 900 Sin
1045 862 1185 909 minus,
1221 863 1285 901 sed
1321 863 1447 902 animo
1477 865 1725 903 nihilominus

180 927 305 966 adhuc
341 927 532 966 obstinato
569 932 713 979 perstat
750 928 789 965 111
830 933 1050 979 contemptu
1086 928 1255 966 omnium
1293 928 1609 977 admonitionum,
1643 934 1723 969 tum

180 992 427 1031 Ecclesiastes
455 992 565 1030 vertit
587 992 634 1030 ad
652 994 764 1041 (356)
787 993 996 1031 Ecclesiam
1019 1006 1124 1031 suam
1142 993 1352 1032 orationem
1367 994 1414 1032 ad
1433 995 1532 1033 hunc
1546 995 1723 1034 modum:

236 1057 351 1094 uViri
377 1057 531 1095 fratres!
559 1062 802 1108 posteaquam
828 1057 1135 1109 impoenitentem
1156 1058 1311 1096 fratrem
1331 1065 1503 1097 nostrum
1520 1060 1570 1098 N.
1595 1064 1725 1098 contra

182 1121 389 1160 Dominum
425 1127 462 1160 et
497 1121 595 1160 hanc
629 1122 748 1174 ipsius
785 1123 994 1161 Ecclesiam
1021 1128 1080 1161 tot
1108 1124 1229 1162 modis
1257 1137 1442 1175 peccasse,
1479 1129 1519 1164 ut
1555 1127 1727 1171 audistis,

183 1201 302 1238 neque
338 1188 383 1225 ad
422 1188 720 1239 resipiscentiam
755 1188 833 1225 ullo
872 1189 984 1226 modo
1020 1188 1150 1226 induci
1185 1202 1297 1241 posse
1326 1190 1474 1237 videtis,
1502 1196 1723 1243 constatque

184 1253 290 1290 illum
320 1252 426 1290 verbi
453 1252 584 1290 Divini
611 1252 828 1290 testimonio
858 1267 878 1291 a
908 1266 1025 1303 regno
1056 1254 1246 1292 coelorum
1276 1254 1460 1306 beataque
1489 1255 1630 1294 Christi
1646 1256 1726 1295 Do·

184 1318 275 1356 1111111
303 1318 480 1356 societate
508 1318 706 1363 excidisse,
731 1340 783 1347 —
802 1323 839 1357 et
867 1319 978 1357 nobis
996 1332 1097 1365 sane,
1117 1333 1330 1371 quanquam
1347 1320 1488 1367 invitis,
1510 1322 1724 1360 faciendum

182 1388 238 1422 est
272 1397 356 1421 cum
390 1383 544 1435 publico
579 1384 684 1421 luctu
718 1388 850 1421 nostro
889 1385 1071 1430 omnium,
1107 1385 1208 1435 quod
1245 1385 1351 1423 iuxta
1389 1385 1532 1424 Christi
1570 1386 1725 1425 Domini

180 1452 420 1500 praeceptum
453 1452 489 1486 et
526 1447 784 1499 Apostolicam
814 1448 1115 1486 observationem
1145 1450 1266 1487 nostri
1295 1449 1411 1488 debiti
1435 1450 1620 1502 officiique
1646 1465 1726 1490 esse

182 1513 334 1552 scimus.
390 1513 535 1564 Nempe
570 1516 612 1551 ut
649 1525 742 1564 quos
780 1512 827 1550 ad
864 1512 1007 1550 Christi
1043 1513 1200 1551 Domini
1234 1513 1354 1551 nostri
1391 1514 1608 1553 societatem
1647 1528 1723 1554 non

181 1579 368 1630 pertinere
398 1578 500 1616 verbi
529 1577 587 1616 sui
616 1577 840 1631 testimonio·
867 1577 1057 1624 docemur,
1085 1591 1147 1616 eos
1176 1578 1222 1616 ad
1252 1585 1418 1617 nostram
1449 1581 1561 1618 etiam
1587 1580 1627 1619 in
1644 1581 1726 1633 ipso

182 1642 399 1681 societatem
427 1656 504 1680 non
531 1642 728 1694 pertinere,
755 1656 821 1694 per
854 1642 1069 1681 institutam
1106 1643 1153 1680 ab
1183 1643 1267 1694 ipso
1294 1645 1723 1684 excommunicationem

182 1712 435 1746 contestemur
472 1712 508 1746 et
546 1707 791 1746 declaremus.
846 1707 901 1745 Ut
937 1712 1062 1746 autem
1100 1721 1177 1746 11011
1205 1714 1335 1746 nostro
1364 1698 1532 1761 ipsorum
1560 1710 1600 1748 id
1629 1710 1725 1748 dun-

181 1778 296 1821 taxat,
324 1773 389 1812 sed
415 1773 456 1811 in
484 1773 627 1811 Christi
654 1773 774 1824 ipsius
802 1772 959 1811 Domini
987 1773 1140 1811 nomine
1169 1787 1242 1811 una
1271 1787 1357 1811 cum
1386 1775 1523 1813 virtute
1551 1779 1587 1813 et
1614 1779 1724 1826 pote·

181 1841 278 1876 state
311 1837 432 1889 ipsius
469 1838 664 1884 faciamus,
699 1837 1020 1889 eundemfipsum
1060 1838 1250 1876 Christum
1290 1838 1497 1876 Dominum
1534 1844 1723 1885 nostrum,

182 1903 241 1941 cui
269 1916 309 1941 50
335 1916 446 1941 0111110
472 1903 616 1954 alioqui
642 1916 742 1953 genu
770 1902 919 1941 flectere
948 1902 1069 1950 debet,
1097 1903 1138 1940 in
1164 1916 1287 1953 genua
1315 1909 1352 1941 et
1370 1903 1443 1954 ipsi
1462 1908 1591 1942 nostra
1611 1905 1723 1952 (357)

180 1968 470 2020 procumbentes
496 1968 713 2006 invocemus
741 1967 787 2006 ad
818 1968 917 2006 hunc
945 1968 1119 2005 modum:

232 2100 496 2138 Invocatio
526 2099 739 2137 nominis
768 2098 962 2137 Christi
991 2098 1188 2136 Domini
1216 2099 1272 2136 ad
1300 2098 1722 2136 excommunican-

181 2164 289 2203 dum
324 2165 522 2202 fratrem
560 2163 968 2214 impoenitentem
1007 2176 1097 2201 una
1127 2175 1227 2200 cum
1256 2163 1364 2214 ipsa
1391 2163 1723 2201 excommuni-

183 2230 394 2268 catione.

235 2359 314 2407 nO,
342 2357 504 2397 Domine
531 2359 618 2397 Iesu
647 2359 809 2405 Christe,
838 2359 944 2397 unice
972 2364 1085 2411 atque
1111 2363 1259 2398 aeterne
1288 2358 1369 2397 Rex
1398 2363 1483 2397 tuae
1511 2358 1721 2396 Ecclesiae!

182 2424 246 2476 qui
272 2425 350 2462 oris
377 2424 433 2462 tui
459 2423 590 2464 Divini
617 2423 731 2462 verbo
758 2424 994 2475 praecepisti,
1021 2429 1074 2471 ut,
1103 2425 1168 2476 qui
1197 2424 1242 2462 de
1270 2428 1423 2476 peccato
1450 2437 1518 2462 suo
1537 2423 1724 2461 admoniti

181 2488 467 2526 Ecclesiasticas
504 2488 752 2526 nihilominus
781 2488 1064 2526 admonitiones
1091 2502 1222 2527 omnes
1251 2489 1318 2527 abs
1347 2494 1382 2526 te
1409 2487 1604 2526 institutas
1633 2500 1723 2525 con-

181 2557 401 2598 temnerent,
428 2566 448 2591 e
476 2553 742 2591 communione
769 2557 855 2590 tuae
883 2552 1076 2591 Ecclesiae
1103 2553 1305 2591 eiiciantur
1342 2557 1454 2603 atque
1492 2564 1565 2589 11110
1593 2556 1630 2589 01
1657 2564 1720 2588 00-

183 2617 267 2655 dem
301 2618 387 2655 loco
417 2630 501 2656 curn
528 2618 704 2656 Ethnicis
732 2617 953 2656 hominibus
982 2618 1206 2658 habeantur.
1262 2617 1365 2656 Huic
1392 2617 1511 2666 igitur
1538 2621 1625 2654 tuae
1653 2617 1722 2654 ob-

180 2686 430 2734 temperantes
459 2683 702 2730 institutioni,
729 2697 794 2735 per
823 2683 1030 2734 Apostolos
1056 2688 1144 2722 tuos
1165 2683 1276 2721 nobis
1297 2682 1409 2720 etiam
1428 2681 1721 2728 commendatae,

180 2748 360 2786 adsumus
396 2761 480 2785 0000
515 2748 554 2786 111
589 2754 654 2787 1110
693 2749 847 2787 nomine
884 2749 1116 2798 congregati,
1153 2754 1191 2787 ut
1218 2750 1374 2786 fratrem
1401 2754 1571 2784 nostrum
1601 2747 1650 2785 N.
1680 2747 1718 2785 in

179 2817 332 2865 peccato
367 2813 485 2864 ipsius
521 2818 557 2851 et
593 2818 810 2865 contemptu
845 2817 931 2851 tuae
969 2813 1081 2851 huius
1119 2813 1311 2851 Ecclesiae
1347 2811 1581 2850 obstinatum
1609 2818 1721 2863 atque

176 2879 496 2931 impoenitentem,
525 2891 609 2917 cum
639 2879 777 2918 virtute
804 2884 839 2917 01
869 2882 1051 2930 potestate
1078 2883 1142 2917 tua
1170 2892 1190 2917 e
1218 2883 1345 2916 coetus
1365 2879 1476 2927 (358)
1498 2878 1620 2916 nostri
1638 2890 1721 2916 001·-
