1830 3147
152 75 215 123 [A.
235 74 288 117 D.
316 74 428 121 1555]
898 76 965 113 712

166 181 390 229 responderet
415 183 451 217 ct
477 182 665 218 editionem
693 182 827 217 interea
853 182 1019 219 differret.
1061 183 1203 220 Placuit
1226 184 1262 220 id
1287 184 1432 231 reliquis
1457 185 1616 233 collegis:
1642 199 1695 224 re·

164 243 326 289 cognitor
352 243 562 279 Catechismi
587 243 826 279 defensionem
854 243 891 280 in
918 256 954 280 se
980 245 1124 292 recepit,
1151 258 1338 294 suppresso
1364 247 1594 284 Catechismo.
1619 249 1697 295 Ego

165 304 404 340 defensionem
436 304 603 348 refutavi,
634 309 678 340 ut
703 304 854 352 amplius
880 305 1089 352 respondere
1114 306 1237 350 nollet,
1263 310 1299 343 et
1324 310 1538 344 conventum
1563 312 1627 352 est,
1653 312 1696 346 ut

167 378 203 401 se
236 378 355 401 omnes
390 365 485 401 intra
519 377 621 401 voees
655 367 793 401 vestrae
818 366 1059 402 consensionis
1086 366 1246 415 deinceps
1271 380 1352 404 cum
1376 368 1471 405 iusta
1495 382 1612 406 earum
1639 382 1696 406 ex-

167 426 356 474 plicatione
380 427 614 463 continerent.

213 487 271 522 Ita
304 486 510 533 conquievit
543 486 733 533 tragoedia.
782 487 859 533 Ego
886 500 969 523 vero
994 490 1117 535 postea
1143 489 1462 527 confessiunculam
1488 503 1598 526 meam
1623 490 1693 527 edi-

164 547 200 584 di
225 551 267 595 5),
303 550 345 583 ut
378 560 515 595 sparsae
546 548 589 584 de
619 561 675 584 me
708 548 899 595 suspicioni
931 562 1160 594 occurrerem,
1186 550 1224 586 in
1249 564 1319 598 qua
1343 552 1428 588 mihi
1452 552 1593 588 minime
1618 553 1694 588 hae-

164 611 323 653 rendum,
357 609 471 646 multo
504 609 619 646 minus
644 612 762 646 autem
788 610 884 646 illam
909 610 1050 647 silentio
1076 625 1153 648 meo
1177 613 1431 661 approbandam
1458 627 1534 650 esse
1558 615 1695 662 putavi.

166 671 223 708 lbi
249 684 389 707 rursum
415 672 614 719 recognitor
639 671 697 707 ille
723 684 832 707 novas
857 672 891 707 in
918 685 973 708 me
997 673 1120 709 turbas
1137 687 1277 711 movere
1293 676 1456 722 protinus
1473 676 1576 724 cepit.
1604 676 1695 713 Con-

168 733 353 769 fessionem
387 745 498 769 meam
530 733 565 768 in
599 733 709 781 ipsius
741 733 988 770 contumeliam
1014 735 1143 770 editam
1174 748 1249 772 esse
1274 740 1310 772 et
1335 738 1451 773 nescio
1476 749 1575 784 quae.
1625 738 1696 774 Re-

167 794 303 841 spondi,
336 807 391 830 me
424 807 494 830 non
526 793 636 841 ipsius
668 806 789 830 caussa
824 807 898 830 eam
932 795 1090 839 edidisse,
1122 796 1183 832 sed
1217 800 1258 833 ut
1284 809 1435 844 sparsam
1461 798 1549 834 falso
1576 799 1618 835 de
1642 811 1697 835 me

166 853 400 901 suspicionem
432 852 525 900 apud
559 852 635 900 pios
661 865 780 888 omnes
815 865 835 888 a
868 866 923 889 me
958 853 1177 901 depellerem.
1227 855 1361 901 Quodsi
1386 856 1459 904 ipse
1485 857 1559 892 eius
1584 857 1695 905 suspi-

164 915 277 952 cionis
308 920 412 950 autor
447 927 518 950 non
552 916 655 958 esset,
690 914 943 951 confessionem
968 928 1079 951 meam
1104 915 1147 951 ad
1173 916 1287 963 ipsum
1313 916 1399 952 nihil
1424 917 1610 965 pertinere.
1659 918 1698 954 Si

167 990 250 1013 vero
285 979 388 1012 autor
414 978 516 1019 esset,
543 978 620 1012 tum
647 989 729 1012 sane
754 976 941 1012 adversum
967 976 1081 1024 ipsum
1117 979 1153 1013 et
1186 990 1304 1014 omnes
1330 978 1393 1025 qui
1417 978 1509 1014 idem
1534 991 1697 1025 agnosce-

165 1040 243 1074 rent
269 1037 434 1085 scriptam
461 1049 547 1073 esse.
597 1036 732 1082 Quodsi
758 1040 821 1072 aut
847 1036 960 1084 ipsum
985 1042 1048 1072 aut
1072 1036 1178 1073 alium
1205 1037 1404 1085 quempiam
1430 1038 1503 1074 ulla
1527 1038 1565 1074 in
1596 1042 1698 1087 parte

167 1099 368 1142 offenderet,
393 1110 449 1134 me
475 1098 571 1134 illam
595 1097 870 1146 approbaturum
896 1111 981 1134 esse.
1008 1098 1218 1135 Postulabat
1236 1099 1375 1135 demum
1394 1099 1463 1144 ille,
1480 1100 1576 1136 utin
1592 1103 1697 1137 coetu

166 1161 306 1210 publico
339 1161 528 1196 Pastorum
562 1164 806 1196 excuteretur:
841 1170 1058 1207 excussaque
1083 1164 1118 1196 et
1143 1160 1333 1208 approbata
1358 1163 1422 1198 est.
1464 1161 1613 1198 Interim
1637 1161 1698 1198 ille

167 1226 285 1258 tamen
317 1221 487 1258 articulos
520 1221 691 1268 quosdam
726 1234 810 1257 suos
841 1221 994 1269 protulit
1032 1221 1243 1269 volebatque
1276 1225 1318 1258 ut
1344 1222 1387 1258 ad
1411 1222 1491 1259 illos
1516 1223 1700 1270 responde-

171 1296 255 1320 rem.
297 1282 478 1330 Respondi
504 1282 647 1329 scripto,
673 1284 716 1317 ut
741 1281 828 1317 nihil
853 1282 991 1318 demum
1017 1282 1273 1319 contradiceret
1299 1286 1334 1319 et
1359 1283 1461 1330 plane
1486 1284 1591 1319 etiam
1617 1296 1698 1320 con·

168 1345 376 1391 quiesceret.
403 1343 500 1379 Haec
525 1355 630 1390 porro
656 1355 711 1378 res
736 1342 868 1379 aulicos
894 1342 975 1379 illos
1001 1343 1225 1379 vehementer
1238 1343 1448 1380 offendebat.
1475 1344 1562 1380 Mox
1580 1344 1696 1381 editus

166 1409 219 1440 est
246 1404 496 1446 Catechismus,
522 1415 696 1439 consensu
713 1403 880 1446 omnium,
899 1403 1036 1440 reiectis
1055 1404 1230 1452 prioribus
1246 1404 1318 1439 illis
1336 1404 1638 1450 recognitionibus
1651 1407 1694 1452 ⁶),

171 1479 242 1512 quo
278 1465 385 1502 aulici
419 1464 533 1500 multo
565 1464 678 1501 adhuc
710 1464 819 1512 magis
854 1468 937 1501 sunt
969 1465 1101 1501 offensi.
1151 1465 1199 1501 Et
1239 1478 1319 1501 cum
1351 1465 1522 1509 viderent,
1547 1478 1602 1502 me
1627 1466 1700 1503 illic

169 1529 363 1574 praesente,
399 1539 468 1562 non
494 1538 594 1573 posse
619 1526 694 1561 sine
719 1538 846 1572 magno
872 1526 986 1562 totius
1011 1528 1145 1574 patriae
1177 1529 1279 1563 motu
1312 1527 1545 1564 mutationem
1570 1528 1699 1564 doctri-

167 1601 231 1624 nae
256 1587 364 1623 ullam
388 1587 519 1630 induci,
545 1587 730 1623 consilium
755 1586 798 1622 de
822 1599 878 1623 me
902 1586 999 1624 illinc
1024 1587 1249 1635 propellendo
1275 1588 1444 1624 inierunt.
1488 1589 1578 1628 ,Me
1604 1589 1698 1626 vide-

174 1649 287 1690 ,licet
320 1650 371 1685 ita
395 1649 550 1685 invisum
576 1661 652 1685 esse
676 1648 776 1685 aulae
802 1649 1084 1696 Burgundiacae,
1110 1652 1152 1685 ut
1178 1649 1253 1686 sine
1280 1650 1412 1698 patriae
1437 1650 1593 1698 periculo
1620 1651 1702 1688 ferri

174 1711 275 1751 nillic
309 1710 458 1758 amplius
491 1723 562 1747 non
595 1711 767 1758 possem.''
817 1711 915 1747 Cessi
947 1711 1070 1758 itaque
1105 1711 1205 1746 furiis
1239 1711 1392 1755 illorum,
1417 1712 1562 1748 hortatu
1587 1713 1702 1749 totius

172 1772 362 1817 Ecclesiae,
395 1784 485 1819 quae
520 1784 575 1808 me
606 1771 748 1807 interim
774 1773 852 1808 tota
876 1771 1091 1808 unanimiter
1116 1785 1178 1820 pro
1204 1785 1268 1808 suo
1293 1772 1403 1809 adhuc
1429 1776 1571 1820 pastore
1595 1786 1700 1821 agno·

174 1835 240 1870 scit
276 1846 390 1880 neque
423 1833 527 1869 alium
565 1846 766 1880 quenquam
803 1832 883 1869 vult
916 1835 1035 1880 petere
1059 1836 1122 1869 aut
1147 1846 1346 1880 agnoscere,
1372 1836 1408 1870 et
1433 1834 1543 1870 tantis
1567 1847 1623 1870 me
1649 1837 1704 1871 est

175 1895 294 1931 officiis
327 1898 515 1942 prosecuta
546 1896 656 1940 atque
689 1894 883 1929 etiamnum
915 1893 1153 1941 prosequitur,
1179 1895 1221 1928 ut
1246 1893 1341 1929 illius
1367 1906 1448 1940 erga
1472 1906 1527 1931 me
1552 1906 1703 1930 amorem

175 1968 216 1992 ac
247 1955 350 1991 fidem
383 1955 470 1991 satis
504 1955 703 2002 praedicare
727 1967 798 1990 non
824 1954 966 2002 possim.
1017 1953 1193 1990 volumen
1220 1966 1294 1990 esse
1319 1956 1510 2002 oporteret,
1536 1954 1565 1990 si
1590 1955 1704 1991 omnia

173 2017 340 2065 prosequi
372 2016 508 2060 vellem,
542 2016 602 2052 sed
634 2029 749 2063 neque
774 2018 913 2063 tempus
938 2015 973 2052 id
997 2015 1065 2051 iam
1091 2015 1236 2063 patitur,
1264 2027 1378 2062 neque
1402 2027 1478 2051 mea
1503 2015 1704 2051 etiamnunc

176 2078 342 2115 valetudo
368 2078 555 2125 permittit.
580 2077 679 2113 Alias
704 2077 814 2124 igitur
840 2076 952 2124 plura.
985 2077 1139 2112 Tantum
1165 2076 1229 2113 hoc
1254 2076 1389 2120 addam,
1416 2077 1466 2112 ita
1490 2088 1545 2112 me
1569 2076 1642 2113 illic
1668 2078 1704 2113 et

176 2141 358 2177 ministros
391 2138 624 2175 Ecclesiarum
652 2138 723 2174 fere
748 2138 905 2174 omnium
931 2141 967 2174 et
991 2138 1191 2174 universam
1216 2150 1325 2174 meam
1351 2137 1553 2181 Ecclesiam,
1578 2138 1705 2174 adhaec

176 2203 212 2238 et
237 2213 396 2249 proceres
422 2200 563 2236 Patriae
589 2212 707 2236 omnes
732 2200 768 2234 in
793 2199 953 2235 doctrina
977 2203 1098 2235 nostra
1123 2199 1346 2235 confirmatos
1371 2199 1543 2247 planeque
1560 2211 1703 2236 consen-

177 2263 306 2299 tientes
341 2261 538 2308 reliquisse,
564 2263 606 2296 ut
631 2273 812 2307 nunquam
837 2263 942 2296 antea
966 2264 1066 2296 tanta
1092 2260 1246 2296 omniurn
1273 2259 1376 2296 simul
1401 2260 1595 2296 animorum
1621 2272 1702 2296 con-

176 2324 312 2360 iunctio
338 2323 386 2359 sit
410 2322 483 2358 illic
508 2325 703 2368 conspecta,
730 2321 777 2358 sit
801 2323 914 2369 gratia
939 2322 1091 2358 Domino
1118 2323 1193 2358 Deo
1212 2322 1352 2358 nostro!
1372 2321 1439 2357 nisi
1457 2321 1552 2368 quod
1568 2320 1704 2357 aulicus
1759 2326 1763 2328 “

178 2385 413 2432 Magistratus
438 2383 541 2432 plane
565 2383 693 2431 impius
719 2386 784 2419 est.
821 2383 870 2419 Et
895 2383 970 2431 ipsa
994 2383 1163 2431 Princeps
1189 2383 1294 2418 vidua
1321 2383 1357 2418 in
1382 2382 1502 2419 studio
1527 2381 1706 2428 religionis

178 2447 279 2494 plane
305 2445 481 2482 refrixisse
505 2444 659 2481 videtur.
707 2444 762 2480 Ad
788 2445 923 2491 reliqua
949 2450 1066 2481 vestra
1092 2457 1185 2481 nunc
1210 2443 1297 2480 1111111
1322 2444 1524 2491 respondeo,
1550 2456 1629 2479 nam
1654 2455 1705 2479 re-

178 2521 259 2544 vera
284 2520 355 2544 non
379 2519 523 2555 possum
549 2508 590 2554 ⁷).

225 2568 366 2605 Salvere
390 2568 493 2604 iubeo
518 2567 660 2603 Patrem
685 2568 847 2603 nostrum
872 2578 1089 2602 communem
1116 2567 1161 2602 D.
1200 2567 1405 2603 Pelicanum
1430 2569 1466 2603 et
1490 2567 1706 2614 Symmystas

184 2643 314 2666 omnes.
341 2629 514 2665 Dominus
540 2629 631 2664 adsit
657 2628 767 2664 Vobis
793 2628 927 2675 Spiritu
953 2640 1029 2672 suo,
1060 2631 1184 2666 Amen.
1235 2629 1389 2676 Raptim.
1437 2628 1658 2664 Francoforti
1685 2629 1704 2663 8

187 2690 283 2725 Iunii
308 2690 412 2726 1555.

1110 2735 1237 2771 Vester
1262 2734 1418 2783 quantus
1444 2738 1497 2771 est

1051 2798 1214 2833 lOANNEs
1238 2799 1257 2833 a
1283 2799 1402 2833 lmsco
1429 2810 1469 2833 m.
1495 2811 1543 2843 pr.

230 2881 254 2919 ⁵)
277 2879 412 2911 Iacobus
436 2879 467 2911 in
492 2880 574 2924 Epp.
598 2881 698 2913 nostri
728 2880 767 2912 ad
791 2880 891 2912 Hard.
914 2890 1038 2923 semper
1061 2880 1126 2913 lac.
1150 2880 1262 2923 Praep.
1286 2879 1416 2911 indicat.
1459 2880 1518 2910 Ast
1540 2878 1631 2911 illum
1655 2879 1714 2911 hoc
