1830 3147
819 125 887 163 567
1342 127 1408 172 [A.
1435 126 1479 163 D.
1505 127 1618 173 1544]

81 235 154 269 stra
178 232 273 268 verbi
296 231 403 268 divini
428 232 647 274 tesiimoniis,
672 235 734 268 aut
758 232 802 268 ab
826 233 902 269 aliis
926 233 1006 269 iude
1031 233 1164 269 discere
1186 234 1216 269 si
1238 233 1321 281 quid
1345 234 1437 270 sorte
1455 234 1608 271 nondum

82 293 336 329 didicissemus.

129 355 187 390 Ita
211 354 340 391 factum
365 356 430 396 est,
455 356 496 389 ut
519 366 596 390 cum
622 355 693 391 tuis
717 356 991 398 conveniremus,
1022 355 1066 391 de
1097 356 1222 404 quibus
1246 359 1351 405 atque
1375 355 1461 392 adeo
1485 356 1529 392 de
1553 360 1615 393 tua

85 414 246 451 doctrina
279 415 382 450 etiam
415 415 500 450 mira
533 415 588 452 hic
624 417 888 464 spargebantur,
915 417 1018 465 idque
1042 429 1112 452 non
1135 417 1226 464 apud
1253 417 1385 464 plebem
1409 418 1528 458 solam,
1553 418 1614 453 sed

81 476 187 511 etiam
218 475 311 522 apud
349 475 609 521 Magistratum.
660 477 770 512 Erant
801 479 917 513 autem
943 477 1001 525 qui
1031 477 1130 513 nobis
1157 490 1227 514 non
1252 490 1391 525 prorsus
1418 477 1505 513 bene
1529 479 1615 514 omi·

82 539 248 572 narentur
279 536 310 570 si
343 547 422 571 cum
460 536 527 571 tuis
562 536 848 584 colloqueremur.
899 538 1073 573 Dicebant
1107 538 1209 580 euim,
1246 542 1282 574 te
1321 538 1438 574 studio
1463 537 1616 574 nondum

82 596 226 643 prodere
261 602 322 630 tua
354 596 468 631 omnia
494 597 682 644 iubereque
723 601 759 633 ut
784 609 902 634 omnes
930 599 980 634 tui
1005 599 1095 634 idem
1121 599 1263 639 faciant,
1288 599 1398 635 donec
1423 599 1482 635 lux
1503 600 1618 636 nescio

81 669 170 704 quae
207 656 332 692 clarior
364 657 552 693 exoriatur.
601 658 669 694 Sed
701 671 763 694 uos
798 659 881 695 haec
915 659 1000 695 nihil
1025 661 1160 703 morati,
1184 660 1432 707 experiundum
1459 661 1493 696 id
1519 661 1618 696 nobis

82 729 158 753 esse
191 717 432 759 iudicavimus,
467 719 663 767 priusquam
698 720 740 755 de
765 733 933 767 quoquam
960 721 997 756 in
1020 720 1227 757 alterutram
1254 724 1387 769 partem
1411 723 1619 769 pronuncia-

80 789 206 814 remus.
254 778 488 814 Convenimus
525 779 633 826 igitur
665 792 743 816 cum
781 781 849 816 tuis
886 785 922 816 et
957 793 1124 816 summam
1159 781 1339 817 doctrinae
1374 785 1514 817 nostrae
1552 782 1620 818 illis

80 839 181 875 claris
207 842 242 874 et
268 839 456 886 perspicuis
482 841 596 876 verbis
621 842 854 888 exposuimus.
879 854 948 877 non
974 841 1070 877 alind
1096 846 1290 889 prementes
1316 843 1352 879 in
1377 843 1503 884 animo,
1517 855 1618 890 quam

82 899 176 947 quod
200 899 314 936 verbis
339 900 564 947 apertissimis
590 901 818 936 testabamur.
857 901 1065 937 Petebamus
1090 903 1205 943 etiam,
1230 906 1271 937 ut
1297 903 1369 949 pari
1393 903 1542 939 candore
1568 903 1620 937 tui

80 959 262 996 nobiscum
298 965 441 1007 agerent
473 966 520 1004 et,
553 962 674 1008 positis
709 962 868 997 omnibus
903 963 1193 1005 simulationibus,
1227 967 1346 999 nostra
1370 968 1431 999 aut
1455 963 1622 1011 approba-

81 1025 162 1057 rent
185 1025 248 1057 aut
271 1022 525 1068 impugnarent.
553 1022 707 1058 iudicem
735 1023 886 1058 omnium
910 1023 1206 1059 constituebamus
1227 1024 1420 1060 doctrinam
1438 1024 1621 1072 Evangelii

80 1081 222 1125 Christi,
261 1095 350 1130 quae
385 1095 503 1118 omnes
528 1083 680 1131 alioquin
707 1084 861 1120 homiues
887 1084 930 1119 ad
956 1089 1148 1120 extremum
1173 1085 1370 1121 iudicatura
1394 1091 1499 1123 esset.
1550 1087 1621 1122 Ac·

81 1147 250 1189 ceperunt
287 1143 340 1179 tui
375 1144 626 1185 conditionem,
665 1147 701 1178 et
737 1144 863 1180 habitis
898 1145 990 1180 ultro
1026 1145 1180 1192 citroque
1206 1145 1419 1181 sermonibus
1443 1146 1622 1181 doctrinae

79 1208 218 1239 nostrae
244 1204 380 1239 demum
409 1205 615 1240 unanimiter
641 1204 731 1249 (Deo
746 1205 792 1240 sit
808 1206 954 1252 gratia!)
968 1206 1254 1253 subscripserunt,
1272 1215 1509 1254 praeterquam
1527 1207 1619 1254 quod

80 1265 117 1301 in
142 1265 365 1300 vocationum
389 1264 587 1301 discrimine
612 1266 766 1301 nondum
795 1266 910 1312 potuit
934 1266 1102 1302 internos
1120 1267 1316 1308 convenire,
1333 1274 1512 1314 propterea
1528 1269 1620 1316 quod

81 1327 134 1362 tui
167 1326 372 1373 peculiarem
408 1325 471 1362 tibi
504 1326 674 1374 quandam
709 1338 812 1373 super
845 1327 931 1362 alios
958 1329 1174 1364 vocationem
1198 1328 1401 1370 decernunt,
1426 1333 1462 1364 et
1488 1333 1524 1365 tu
1550 1330 1624 1377 ipse

83 1399 271 1434 agnoscere
292 1387 387 1422 illam
414 1386 539 1422 videris
555 1387 672 1428 etiam,
693 1408 734 1413 —
760 1399 821 1423 nos
836 1392 951 1423 autem
965 1388 1105 1424 unicum
1119 1388 1290 1425 duntaxat
1305 1390 1495 1425 vocationis
1510 1403 1622 1437 genus

82 1452 161 1494 post
195 1447 324 1483 Christi
361 1447 551 1494 Apostolos
580 1448 615 1483 in
650 1447 805 1483 Ecclesia
830 1453 1037 1489 statuamus,
1064 1449 1199 1485 etiamsi
1223 1450 1258 1485 iu
1284 1462 1351 1486 una
1375 1455 1480 1498 atque
1504 1450 1622 1487 eadem

82 1507 266 1543 vocatione
304 1519 376 1542 non
409 1518 575 1553 negamus
608 1506 694 1542 alios
725 1507 802 1542 aliis
836 1508 966 1542 virtute
1001 1512 1037 1543 et
1061 1509 1187 1556 spiritu
1213 1509 1436 1546 antecellere.
1485 1511 1541 1547 Sic
1567 1511 1624 1546 Io-

83 1568 212 1603 hannes
237 1567 315 1614 plus
332 1580 435 1615 quam
462 1568 627 1614 propheta
654 1573 808 1608 vocatur,
833 1580 912 1604 cum
939 1574 1056 1604 tamen
1081 1569 1315 1617 propheticam
1328 1570 1502 1607 duntaxat
1521 1584 1622 1607 voea-

83 1629 211 1663 tionem
236 1628 388 1663 haberet.
414 1628 471 1664 Sic
495 1634 531 1663 et
558 1628 701 1670 Paulus,
726 1629 793 1664 etsi
818 1631 963 1665 caeteris
989 1630 1172 1676 Apostolis
1198 1631 1276 1678 plus
1303 1632 1437 1667 fructus
1463 1633 1623 1669 attulerit

82 1689 119 1725 in
145 1688 329 1736 Evangelii
354 1689 624 1735 praedicatione,
654 1689 739 1724 nihil
765 1694 877 1724 tamen
904 1690 970 1725 sibi
996 1703 1100 1736 supra
1133 1691 1327 1738 Apostolos
1353 1696 1505 1739 arrogat,
1529 1694 1621 1741 quod

82 1748 220 1796 quidem
254 1749 298 1784 ad
331 1750 547 1784 vocationem
585 1749 725 1791 attinet,
758 1750 827 1785 imo
862 1762 944 1785 vero
969 1762 1006 1785 se
1030 1750 1168 1786 illorum
1198 1753 1373 1787 minimum
1399 1753 1563 1800 appellat,
1588 1760 1624 1789 et

81 1810 180 1856 ponit
205 1809 390 1845 discrimen
411 1810 503 1846 inter
528 1822 587 1846 eos
614 1811 672 1858 qui
699 1810 879 1846 doctrinae
906 1811 1168 1848 fundamentum
1191 1813 1359 1855 iecerunt,
1383 1815 1490 1862 etqui
1508 1816 1623 1862 posito

82 1871 310 1907 fundamento
344 1875 600 1917 superstruunt.
628 1872 675 1907 Et
701 1872 760 1920 qui
787 1876 864 1919 post
888 1872 1018 1908 iactum
1043 1873 1148 1908 semel
1175 1873 1439 1911 fundamentum
1464 1875 1499 1911 in
1525 1877 1623 1912 mini-

81 1932 186 1967 sterio
219 1932 493 1972 constituuntur,
530 1932 742 1978 intelligant,
777 1944 813 1966 se
850 1933 935 1966 fines
972 1932 1074 1978 positi
1108 1933 1323 1969 fundamenti
1358 1934 1524 1970 excedere
1554 1935 1621 1971 iam

83 1992 231 2039 amplius
257 2005 325 2028 non
351 2005 465 2040 posse,
491 1993 601 2028 multo
627 1993 739 2028 minus
763 1992 890 2039 aliquid
919 1993 1135 2039 peregrinum
1161 1994 1212 2029 illi
1238 1995 1327 2029 velle
1354 1994 1530 2036 inducere,
1558 2003 1622 2031 aut

81 2052 168 2089 illud
191 2053 236 2089 ad
262 2054 369 2089 alium
395 2054 565 2100 quendam
594 2053 731 2088 modum
755 2054 915 2089 formare.
955 2054 1127 2095 Breviter,
1154 2053 1188 2089 id
1215 2055 1378 2101 petimus,
1405 2059 1444 2091 ut
1469 2056 1623 2102 peculia-

83 2126 153 2149 rem
190 2114 278 2150 hanc
315 2119 409 2150 tuam
445 2115 661 2150 vocatiouem
695 2127 796 2162 quam
829 2114 892 2150 tibi
927 2127 1085 2162 usurpas,
1119 2120 1179 2150 aut
1205 2116 1374 2163 approbes
1400 2116 1499 2152 nobis
1527 2117 1623 2152 verbi

83 2174 192 2211 divini
217 2176 442 2217 testimoniis,
470 2182 530 2211 aut
556 2177 694 2211 missam
722 2176 860 2211 omniuo
887 2177 1008 2216 facias,
1036 2189 1079 2212 ne
1105 2176 1270 2212 ecclesiae
1297 2178 1512 2214 scindantur.
1541 2179 1622 2214 Non

83 2237 277 2273 invidemus
302 2236 366 2272 tibi
392 2237 497 2276 dona.
525 2238 553 2272 si
579 2249 665 2284 quae
691 2237 726 2272 in
751 2242 785 2272 te
813 2242 947 2282 praeter
971 2238 1058 2273 alios
1084 2238 1235 2273 contulit
1263 2239 1372 2279 Deus,
1399 2239 1482 2286 quin
1509 2241 1622 2286 polius

82 2298 142 2333 illa
176 2298 402 2343 suspiciemus
439 2298 554 2338 etiam,
587 2298 648 2332 sed
684 2297 883 2332 consultum
919 2299 1075 2342 cupimus
1112 2299 1238 2334 unitati
1278 2299 1454 2335 Ecclesiae
1479 2300 1625 2343 Christi,

83 2359 162 2405 plus
197 2359 281 2393 satis
318 2359 447 2405 alioqui
481 2358 648 2393 hacteuus
683 2357 914 2403 perturbatae.
949 2360 993 2393 ab
1027 2359 1081 2397 iis,
1107 2360 1167 2406 qui
1193 2359 1257 2394 sibi
1282 2359 1368 2396 alias
1393 2361 1498 2396 etiam
1524 2373 1625 2408 pecu-

82 2419 166 2455 liare
199 2419 394 2454 vocationis
429 2430 538 2464 genus
573 2419 791 2463 arrogiibant.
843 2419 935 2454 Huic
966 2431 1047 2454 sane
1081 2419 1247 2455 debemus
1283 2433 1417 2456 omnem
1446 2421 1562 2468 Papae
1587 2426 1623 2457 et

83 2480 296 2515 Mahumetis
332 2478 560 2525 tyrannidem.
588 2479 677 2519 huic,
700 2491 801 2526 quam
829 2484 864 2513 et
889 2486 1010 2514 nostro
1036 2482 1154 2516 seculo
1180 2480 1340 2520 vidimus.
1367 2482 1623 2519 Monasterieu-

80 2541 167 2576 sium
194 2540 376 2581 insaniam,
402 2545 439 2575 ut
464 2540 506 2575 de
532 2541 703 2576 Montano
730 2544 876 2581 taceam,
904 2541 962 2588 qui
988 2542 1022 2576 in
1049 2553 1086 2576 se
1112 2543 1173 2588 Sp.
1202 2541 1238 2576 S.
1266 2541 1488 2578 descendisse
1514 2544 1621 2581 iacta-

82 2600 155 2636 bat.
205 2602 324 2639 Quare
363 2605 408 2642 te,
442 2601 487 2636 mi
513 2601 636 2635 frater!
674 2613 732 2646 per
768 2601 883 2636 lesuin
912 2602 1086 2637 Christum
1115 2615 1286 2647 rogamus.
1313 2607 1352 2637 ut
1377 2608 1490 2639 tecum
1519 2607 1622 2650 probe

80 2662 256 2708 expendas
282 2662 365 2709 quid
390 2674 482 2708 agas.
521 2662 686 2696 Extreum
712 2671 794 2696 suut
820 2667 987 2708 tempora,
1015 2664 1143 2710 quihus
1169 2663 1222 2699 leo
1249 2664 1306 2699 iile
1333 2664 1481 2711 rugiens,
1506 2666 1534 2701 si
1562 2680 1623 2702 uu-

81 2734 182 2768 quam
216 2722 301 2757 alias
335 2722 469 2758 solicite
504 2723 639 2769 quaerit
678 2734 777 2769 quem
812 2723 966 2763 devoret7
1005 2725 1109 2758 vertit
1143 2737 1179 2759 se
1215 2725 1249 2759 in
1273 2725 1359 2760 lueis
1384 2726 1557 2771 angelum,
1582 2734 1623 2763 ut

83 2782 240 2816 omnibus
274 2782 440 2828 imponat,
472 2787 507 2816 et
544 2781 647 2817 habet
682 2782 834 2818 additam
867 2783 1039 2819 illusionis
1074 2784 1259 2819 efficaciam
1286 2785 1388 2820 etiam
1416 2786 1451 2820 iu
1478 2787 1620 2822 edendis

85 2841 268 2884 miraculis,
304 2846 342 2877 ut
375 2844 418 2877 ad
453 2842 707 2878 mendaciorum
745 2844 845 2878 iidem
886 2844 1061 2890 pertrahat
1086 2857 1219 2885 omnes,
1247 2845 1307 2892 qui
1333 2845 1458 2881 nolum
1483 2850 1621 2883 credere

81 2903 269 2950 patefactae
306 2903 405 2940 uobis
443 2904 509 2940 iam
546 2916 604 2952 per
642 2904 819 2941 Christum
858 2904 1045 2941 Dominum
1081 2910 1117 2940 et
1152 2907 1226 2943 eius
1253 2905 1442 2955 Apostolos
1470 2909 1622 2946 veritati.
