1830 3147
1579 102 1649 143 175

163 218 270 257 Qua
296 217 344 255 in
371 229 419 255 re
447 214 700 254 consistat
725 228 841 253 usus
869 214 1270 253 Ecclesiasticae
1298 213 1615 265 disciplinae.

163 347 282 386 Pudet
318 348 469 390 referre,
504 345 643 397 quibus
679 345 718 383 in
756 345 870 383 rebus
907 345 1129 396 disciplinae
1155 358 1265 383 usum
1297 345 1546 383 constitutum
1575 358 1655 382 esse

108 413 149 451 in
179 413 300 464 Papae
330 410 500 449 Ecclesia
530 410 735 457 videamus,
762 411 830 448 ubi
859 410 930 448 soli
959 409 1142 448 Monachi
1168 423 1278 447 usum
1307 409 1529 461 disciplinae
1555 409 1655 447 inter

110 491 202 523 sese,
235 478 275 515 in
313 490 380 514 suo
417 475 575 527 quisque
613 479 649 513 et
686 475 839 526 quidem
876 475 1096 518 reformato,
1132 479 1173 512 ut
1211 480 1361 520 vocant,
1394 474 1528 513 ordine
1562 475 1654 512 reti-

110 544 239 581 nuisse
274 542 394 600 videri
431 542 575 580 volunt.
632 541 714 579 Nec
741 546 797 579 est
825 541 946 579 nostri
972 540 1140 578 instituti
1166 540 1206 578 in
1235 540 1292 578 his
1320 554 1423 578 nunc
1449 540 1655 587 immorari,

109 608 173 645 sed
199 607 337 658 potius,
367 611 408 644 ut
437 606 480 644 de
508 605 677 654 legitimo
708 606 995 645 Ecclesiasticae
1023 606 1246 658 disciplinae
1273 620 1342 644 usu
1370 614 1417 654 et,
1446 621 1520 658 qua
1547 607 1587 645 in
1616 621 1655 645 re

108 672 345 723 potissimum
379 671 575 715 consistat,
604 684 849 722 exponamus,

158 737 216 775 Ex
244 737 448 788 praemissa
477 750 564 775 vero
596 736 818 788 disciplinae
846 736 1137 775 Ecclesiasticae
1166 735 1389 774 diffinitione
1417 737 1570 788 eiusque
1589 750 1653 775 ex-

106 803 309 853 plicatione
338 802 449 840 facile
476 805 532 839 est
562 801 700 845 videre,
728 814 801 852 qua
828 801 869 838 in
895 814 935 838 re
961 800 1202 852 potissimum
1231 800 1416 838 consistat
1444 792 1534 838 usus
1560 800 1655 849 legi-

104 869 219 906 timus
263 868 392 918 ipsius,
446 880 579 918 nempe
625 867 664 904 in
710 866 894 904 faciendis
940 879 984 904 ac
1027 879 1179 903 rursum
1222 866 1448 917 recipiendis
1491 866 1654 904 invicem

104 933 210 971 iuxta
255 933 395 982 gradus
431 945 519 970 suos
555 932 654 970 inter
691 933 825 970 fratres
860 931 1188 969 admonitionibus
1226 931 1466 978 Christianis,
1501 935 1538 969 et
1576 945 1654 969 non

105 997 260 1035 ferendo
288 997 328 1034 in
361 997 530 1034 Ecclesia
563 1000 780 1047 contemptu
808 996 958 1034 illarum
981 996 1264 1048 quoquomodo,
1292 996 1654 1047 quemadmo-(231)

106 1063 195 1100 dum
234 1069 432 1113 utrumque
467 1062 505 1099 id
540 1062 579 1100 in
618 1062 701 1113 ipsa
739 1062 961 1100 diffinitione
997 1062 1151 1113 eiusque
1179 1062 1430 1113 explicatione
1458 1062 1550 1101 satis
1577 1062 1653 1100 iam

105 1132 231 1179 aperte
258 1127 470 1178 expositum
499 1126 673 1166 habetur.
1380 1174 1385 1182 Ι,

156 1192 215 1229 Ex
242 1191 483 1243 praescriptis
511 1197 637 1229 autem
666 1191 972 1229 admonitionum
997 1191 1181 1241 gradibus
1210 1191 1321 1230 facile
1348 1185 1460 1230 etiam
1490 1196 1657 1244 apparet,

105 1256 292 1306 duplicem
329 1269 436 1294 usum
472 1256 686 1294 habendum
726 1269 806 1294 esse
834 1255 1057 1307 disciplinae
1092 1256 1385 1294 Ecclesiasticae
1411 1257 1451 1294 in
1479 1256 1655 1295 Ecclesia

105 1321 258 1363 Christi,
296 1334 429 1372 nempe
466 1321 655 1372 privatum
693 1325 729 1358 et
764 1320 974 1372 publicum,
1018 1321 1281 1372 privatumque
1318 1321 1471 1372 publico
1509 1335 1655 1373 semper

105 1386 436 1437 praemittendum,
462 1390 725 1437 praeterquam
755 1387 786 1423 si
813 1391 878 1423 aut
897 1386 1098 1424 manifesta
1120 1391 1358 1438 contemptus
1376 1386 1519 1425 indicia
1538 1387 1578 1425 iu
1598 1400 1656 1433 eo,

105 1450 169 1501 qui
197 1450 456 1487 admonendus
484 1457 593 1495 esset,
622 1451 917 1501 conspiciantur,
944 1455 1008 1488 aut
1036 1451 1224 1501 flagitium
1251 1451 1376 1502 ipsum
1401 1451 1452 1489 ita
1481 1452 1556 1490 iam
1575 1453 1654 1504 ple-

103 1506 229 1565 risque
264 1514 444 1561 innotuit,
481 1520 523 1552 ut
566 1515 700 1553 caelari
729 1516 802 1552 iam
834 1515 995 1566 amplius
1024 1529 1100 1553 non
1129 1516 1263 1567 possit,
1291 1521 1333 1554 ut
1359 1517 1499 1554 multos
1528 1530 1653 1555 secum

104 1579 245 1630 alioqui
265 1584 458 1630 totamque
482 1581 580 1618 forte
601 1580 809 1618 Ecclesiam
830 1581 868 1618 in
886 1595 1064 1631 praesens
1085 1582 1237 1633 aliquod
1257 1582 1458 1620 discrimen
1478 1582 1654 1622 adducat.

156 1644 354 1682 Publicum
394 1658 478 1682 vero
518 1646 740 1697 disciplinae
769 1659 878 1683 usum
906 1646 1162 1685 adhibendum
1194 1661 1274 1685 esse
1301 1653 1387 1698 post
1417 1653 1651 1700 contemptas

103 1710 267 1762 privatas
307 1709 597 1756 admonitiones,
635 1715 699 1748 aut
738 1711 769 1748 si
803 1711 990 1761 flagitium
1028 1712 1089 1758 sit,
1124 1716 1165 1750 ut
1201 1712 1275 1749 iam
1313 1712 1454 1751 dictum
1483 1718 1550 1759 est,
1590 1714 1649 1751 vel

102 1787 255 1826 prorsus
283 1774 491 1825 publicum,
519 1776 577 1813 vel
604 1776 732 1813 notius
761 1789 873 1827 quam
900 1781 942 1814 ut
972 1777 1107 1814 caelari
1134 1777 1295 1828 amplius
1322 1778 1454 1829 possit,
1475 1779 1532 1817 vel
1551 1780 1649 1817 mul-

101 1846 161 1878 tos
190 1853 317 1878 seeum
344 1845 539 1892 totamque
566 1842 665 1879 forte
694 1840 906 1880 Ecclesiam
933 1842 1121 1893 praesenti
1149 1843 1316 1894 periculo
1345 1844 1527 1884 involvat.

153 1905 215 1942 Ad
242 1906 431 1956 privatum
458 1907 576 1955 igitur
604 1906 827 1957 disciplinae
853 1921 965 1945 usum
994 1908 1191 1958 pertinere,
1220 1908 1314 1946 duos
1342 1909 1485 1959 priores
1513 1910 1600 1949 illos
1627 1925 1649 1948 a

105 1970 256 2008 Christo
284 1970 451 2008 Domino
480 1971 732 2022 praescriptos
760 1971 1064 2010 admonitionum
1091 1972 1245 2022 gradus.
1293 1973 1439 2025 Nempe
1465 1979 1508 2013 ut
1536 1976 1650 2014 frater

102 2048 123 2072 a
151 2036 266 2072 fratre
294 2034 469 2081 offensus,
495 2036 657 2086 primum
678 2037 781 2074 solus
809 2037 943 2084 solum,
964 2037 1100 2075 deinde
1120 2038 1294 2076 adhibito
1313 2039 1429 2076 altero
1447 2040 1647 2090 plu-(282)

100 2099 252 2137 ribusve
287 2099 559 2138 admonitionis
598 2101 710 2139 sociis
747 2101 948 2152 redarguat
986 2103 1280 2155 admonitusque
1317 2104 1484 2142 vicissim
1519 2111 1649 2156 pareat

102 2164 367 2202 admonitioni.

152 2229 352 2266 Publicum
388 2242 475 2267 vero
514 2229 735 2281 disciplinae
764 2243 872 2268 usum
900 2244 992 2276 esse,
1022 2231 1122 2278 dum,
1151 2246 1190 2270 re
1217 2233 1345 2284 aliqua
1372 2233 1419 2271 ad
1449 2233 1648 2273 Ministros

100 2307 143 2332 ac
181 2295 355 2332 seniores
394 2295 584 2333 Ecclesiae
621 2295 744 2333 delata
780 2309 824 2333 ae
859 2295 932 2334 fide
970 2296 1096 2346 dignis
1132 2298 1359 2337 testimoniis
1390 2301 1648 2351 comprobata,

99 2374 165 2412 per
196 2360 393 2399 Ministros
421 2362 586 2412 primum
614 2374 657 2398 ac
686 2362 860 2399 Seniores
888 2361 928 2399 in
958 2367 1067 2400 coetu
1093 2363 1275 2414 ipsorum,
1303 2364 1438 2403 deinde
1467 2380 1553 2404 vero
1583 2380 1647 2405 co-

99 2430 179 2463 ram
207 2430 288 2463 tota
317 2426 490 2464 Ecclesia
517 2426 770 2464 instituuntur
798 2426 1077 2465 admonitiones
1105 2441 1149 2465 ac
1175 2429 1500 2479 reprehensiones,
1528 2431 1648 2470 donec

100 2490 147 2528 ad
175 2491 606 2529 excommunicationem
625 2492 878 2542 perveniatur,
896 2514 946 2522 —
966 2506 1009 2530 ac
1028 2506 1159 2531 rursus
1182 2494 1284 2538 dum,
1302 2495 1367 2545 qui
1387 2498 1648 2535 excommuni-

102 2559 206 2594 catus
249 2561 317 2601 est,
352 2570 418 2607 per
454 2556 645 2607 publicam
682 2557 1029 2596 reconciliationem
1067 2562 1102 2597 et
1129 2559 1401 2609 poenitentiam
1429 2561 1469 2599 in
1498 2567 1646 2601 coetum

104 2620 297 2659 Ecclesiae
327 2626 538 2673 cooptatur.

151 2686 198 2723 In
230 2686 401 2736 legitimo
439 2686 556 2736 igitur
594 2686 817 2738 disciplinae
845 2687 1135 2726 Ecclesia'sticae
1162 2702 1235 2726 usu
1263 2689 1457 2729 observari
1486 2696 1647 2743 oportet,

100 2763 168 2801 pro
205 2763 248 2788 eo
288 2764 331 2788 ac
367 2764 426 2788 res
462 2751 649 2796 incidunt,
678 2755 713 2789 et
739 2752 906 2802 privatas
936 2757 972 2790 et
998 2753 1171 2804 publicas
1199 2753 1492 2802 admonitiones,
1519 2758 1647 2808 quales

98 2814 139 2852 in
185 2815 408 2854 diffinitione
452 2816 774 2867 praescribuntur,
818 2818 1128 2868 reprehensiones
1172 2818 1263 2857 item
1299 2821 1483 2871 publicas,
1528 2822 1647 2860 donec

99 2878 146 2915 ad
181 2879 612 2918 excommunicationem
649 2880 899 2931 perveniatur,
926 2885 962 2919 et
989 2881 1182 2932 publicam
1208 2888 1399 2934 praeterea
1426 2897 1645 2926 excommu-
