1830 3147
839 106 904 142 695
1354 109 1418 155 [A.
1444 109 1489 145 D.
1517 110 1628 157 1553]

103 216 163 252 N⁰.
192 216 248 253 97.
961 215 1040 262 [mm.
1060 220 1137 252 Brem.
1158 219 1191 251 vl.
1219 219 1270 251 1530.
1297 219 1380 252 uera.
1402 228 1423 251 5.
1443 229 1466 253 a.
1484 218 1530 253 nb,
1549 215 1623 253 (illis,q

646 333 703 369 Ad
730 333 1080 369 HARDENBERGHJM.

149 451 432 500 Exspectavimus
467 453 502 488 te
538 451 593 488 hie
626 465 750 500 magno
784 453 964 496 desiderio,
1000 453 1167 490 dicebaris
1201 454 1291 490 enim
1323 466 1345 490 a
1379 454 1627 501 Christophoro

104 518 247 550 vocatus
270 525 356 554 esse,
383 516 421 548 ut
445 512 512 549 huc
537 525 650 549 secum
678 525 745 548 una
770 515 901 549 venires
929 516 968 557 ¹).
1017 515 1054 550 Is
1082 515 1138 549 ubi
1165 515 1326 556 venisset,
1354 514 1453 550 valde
1477 520 1631 550 amanter

103 575 213 610 nostri
245 574 400 610 meminit
434 574 526 621 apud
551 586 711 616 sororem,
738 575 878 622 cupiens
902 578 941 611 ut
965 576 1008 611 ad
1034 588 1070 611 se
1095 576 1260 612 venirem.
1306 575 1362 611 Ac
1387 588 1477 618 vero,
1502 577 1531 611 si
1556 576 1629 612 ullo

104 635 206 670 modo
239 635 363 671 itinera
397 635 545 671 fuissent
570 637 698 681 pervia,
723 636 767 672 ad
791 636 904 682 ipsum
931 637 1150 683 profecturus
1175 637 1315 672 fuissem
1342 638 1450 674 multo
1475 636 1631 673 libentis·

105 695 199 736 sime,
225 694 286 730 sed
309 707 419 742 neque
445 700 537 730 terra
562 707 669 743 neque
694 707 782 742 aqua
806 708 940 744 quoque
966 698 1137 743 proficisci
1163 697 1303 732 licebat.

151 755 295 791 Gaudeo
328 756 418 791 enim
454 755 496 791 de
532 757 797 803 metamorphosi
830 769 933 803 super
969 757 1119 799 modum,
1157 756 1199 793 de
1224 770 1292 804 qua
1317 760 1392 793 tum
1417 757 1521 793 etiam
1547 757 1631 794 mihi

103 815 278 858 narrabas,
313 816 373 852 sed
408 815 464 852 hio
496 816 554 852 alii
578 817 677 863 plura
701 816 907 853 retulerunt.
955 818 1013 854 Ita
1038 830 1121 854 vero
1146 818 1201 854 hie
1226 819 1361 865 excepti
1387 830 1515 860 sumus,
1539 822 1578 854 ut
1602 820 1632 854 si

103 877 148 914 ad
173 878 318 913 maxime
339 878 550 913 necessarios
565 878 785 919 venissemus,
806 879 979 915 amantius
993 880 1102 926 excipi
1117 891 1186 915 non
1199 880 1424 926 potuerimus.
1449 880 1518 915 Pro
1535 879 1631 916 nulla

105 937 261 974 Ecclesia
293 938 343 974 ita
377 941 459 974 suut
489 938 631 974 solliciti
656 938 800 974 Nobiles
826 940 896 975 sere
923 952 1053 981 omnes,
1083 944 1122 975 ut
1146 951 1265 976 eorum
1290 940 1443 976 studium
1468 951 1508 976 ae
1535 941 1633 976 bene-

102 998 299 1040 volentiam,
322 999 469 1045 denique
493 1002 527 1034 et
552 999 821 1035 munificentiam
846 1001 931 1036 satis
958 999 1154 1046 praedicare
1180 1013 1249 1036 non
1274 1000 1414 1047 possim.
1462 1000 1632 1036 Dominus

103 1057 370 1105 Christophorus
403 1058 621 1094 Eusumanus
648 1061 679 1103 2)
717 1059 784 1094 veri
818 1060 933 1096 fratris
959 1061 1069 1095 officia
1095 1066 1266 1107 praestare
1290 1073 1360 1096 non
1385 1063 1510 1102 cessat,
1535 1061 1632 1096 cuius

104 1130 170 1165 ego
194 1119 321 1165 pietate
345 1119 395 1154 ita
418 1119 580 1160 delector,
607 1123 644 1155 nt
669 1132 762 1155 meae
791 1132 844 1154 me
879 1119 1023 1156 inertiae
1049 1133 1185 1167 prorsus
1212 1120 1444 1156 amantissime
1470 1122 1634 1162 referunt,

107 1177 168 1212 sed
205 1180 240 1212 et
272 1188 308 1212 re
342 1177 417 1223 ipsa
442 1181 581 1212 nostros
606 1178 655 1213 ita
679 1178 809 1220 iuvant,
836 1182 875 1213 ut
899 1179 997 1214 nobis
1021 1190 1138 1214 omnes
1163 1179 1199 1215 in
1223 1190 1436 1214 communem
1461 1178 1631 1226 quandam

108 1237 252 1283 patriam
278 1238 412 1273 venisse
441 1237 630 1274 videamur.

156 1297 210 1333 De
228 1297 388 1344 Principe
414 1309 552 1345 quoque
572 1309 689 1333 omnes
713 1297 812 1333 nobis
837 1298 950 1334 omnia
975 1297 1066 1334 bona
1091 1298 1298 1346 pollicentur
1322 1302 1357 1335 et
1382 1300 1529 1346 ipsamet
1553 1300 1635 1335 mihi

107 1370 178 1394 non
211 1357 391 1394 obscuram
426 1359 498 1394 eius
525 1359 573 1394 rei
598 1358 883 1404 significationem
910 1370 969 1406 per
994 1359 1182 1395 Dominum
1207 1359 1243 1395 in
1268 1359 1449 1395 Oldersum
1475 1361 1503 1403 ³)
1526 1359 1634 1395 dedit.

106 1419 278 1460 Breviter,
314 1432 380 1466 ago
404 1420 532 1466 gratias
558 1419 707 1455 Domino
734 1419 809 1455 Deo
836 1432 922 1462 meo,
947 1419 1038 1467 quod
1064 1433 1126 1456 nos
1153 1420 1220 1457 huc
1244 1421 1428 1457 reduxerit.
1478 1421 1512 1456 A
1539 1421 1636 1457 Duce

105 1479 211 1519 etiam,
242 1478 503 1525 Megapolitano
527 1480 558 1526 4)
582 1483 728 1527 expecto
753 1491 969 1528 responsum,
1001 1484 1035 1516 et
1060 1480 1308 1527 speromelius
1333 1482 1415 1523 fore,
1440 1493 1541 1528 quam
1566 1482 1637 1517 suit

108 1539 218 1586 Regis
242 1539 387 1575 Dauiae.

155 1599 204 1635 Te
237 1602 354 1636 autem
388 1598 537 1634 libenter
560 1597 614 1634 hic
639 1598 800 1634 vidissem
835 1610 939 1640 nunc,
962 1599 992 1634 si
1015 1599 1049 1634 id
1074 1599 1148 1635 fieri
1172 1599 1244 1635 ullo
1267 1599 1370 1635 modo
1394 1601 1572 1646 potuisset,
1596 1604 1638 1636 ut

103 1663 219 1696 tecum
253 1659 295 1695 de
327 1659 431 1694 Gellii
455 1658 484 1702 ⁵)
520 1658 633 1693 fratris
665 1658 775 1693 nostri
817 1659 1023 1694 catechismo
1048 1671 1160 1694 coram
1187 1661 1341 1706 egissem.
1390 1659 1443 1695 Ut
1466 1661 1555 1697 enim
1581 1672 1638 1696 ve-

105 1733 181 1759 rum
206 1721 327 1762 fatear,
351 1719 476 1754 nollem
494 1719 590 1754 illum
616 1719 757 1759 editum,
782 1720 890 1765 reperi
915 1731 1061 1766 namque
1085 1720 1121 1755 in
1146 1719 1207 1755 illo
1235 1721 1413 1767 quaedam,
1438 1733 1524 1769 quae
1542 1721 1636 1762 mihi,

104 1783 135 1819 si
159 1786 270 1823 exeat,
305 1782 444 1817 ferenda
477 1779 794 1827 dissimulandaque
830 1792 898 1816 non
935 1784 1050 1816 erunt.
1102 1782 1301 1816 Statueram
1326 1782 1440 1828 itaque
1465 1782 1508 1817 de
1532 1783 1637 1829 impe-

105 1841 232 1878 dienda
263 1841 335 1877 eius
369 1840 518 1875 editione
553 1843 666 1876 tecum
700 1852 814 1887 agere,
855 1844 890 1876 et
925 1852 1018 1876 nune
1044 1842 1189 1888 optarim
1214 1841 1312 1877 illum
1335 1842 1379 1878 ad
1406 1846 1542 1889 tempus
1568 1842 1635 1878 sal-

104 1907 176 1939 tem
214 1901 389 1949 supprimi,
421 1900 449 1936 si
474 1901 548 1935 fieri
574 1899 692 1946 possit.
743 1899 792 1935 Et
821 1904 897 1936 esto
922 1904 961 1936 ut
985 1901 1052 1936 iam
1077 1902 1226 1948 imprimi
1251 1902 1406 1948 coeperit
1437 1907 1473 1938 et
1498 1905 1537 1937 tu
1563 1902 1631 1938 effi-

107 1975 184 1999 cere
209 1963 280 1998 ullo
305 1961 406 1997 modo
431 1972 549 2008 queas,
574 1965 614 1996 ut
639 1960 744 1996 editio
767 1961 1051 2008 interrumpatur,
1075 1974 1135 1998 oro
1161 1966 1206 2003 te,
1232 1963 1276 1998 da
1301 1975 1436 2010 operam
1467 1968 1634 2012 quantum

108 2027 207 2071 potes
241 2027 280 2059 ut
305 2023 339 2058 id
365 2024 436 2059 fiat.
485 2022 559 2058 Nos
586 2022 686 2058 facile
711 2025 900 2068 sumptum,
924 2023 952 2058 si
978 2024 1036 2070 qui
1061 2024 1126 2059 iam
1153 2028 1206 2059 est
1230 2025 1354 2066 factus,
1383 2026 1631 2071 persolvemus,

108 2084 212 2120 modo
243 2084 390 2119 sciamus
414 2087 566 2130 quantus
598 2082 656 2117 sit.
702 2082 745 2118 Et
783 2085 822 2117 ut
845 2083 943 2118 ocius
967 2084 1073 2120 editio
1098 2084 1380 2131 interrumpatur,
1405 2085 1508 2120 facies
1533 2085 1633 2121 nobis

109 2155 181 2180 rem
205 2143 314 2179 multo
338 2143 565 2190 gratissimam
591 2145 626 2177 et
651 2141 814 2178 Ecclesiis
839 2144 966 2178 nostris
984 2143 1231 2179 valdentilem.
1256 2144 1323 2179 Sed
1341 2144 1424 2179 haec
1441 2145 1505 2180 tibi
1519 2145 1583 2180 soli
1596 2145 1637 2189 6).

155 2204 277 2240 Gallus
311 2203 448 2239 obsidet
480 2203 769 2250 Lueemburgum.
825 2204 938 2239 Maria
961 2203 1150 2239 Brabantia
1176 2208 1304 2240 tractat
1328 2205 1363 2241 in
1390 2205 1518 2252 Anglia
1542 2206 1633 2252 ipsa-

111 2267 182 2301 met
207 2264 404 2311 couiugium
428 2263 519 2298 inter
545 2264 689 2299 Mariam
715 2263 900 2310 Anglieam
923 2268 958 2300 et
985 2265 1140 2300 Caesaris
1165 2265 1271 2300 lilium
1299 2267 1339 2309 ⁷).
1374 2265 1479 2304 Quod
1505 2267 1534 2302 si
1559 2278 1637 2313 pro·

109 2324 224 2367 cedat,
243 2336 308 2372 ego
335 2325 397 2359 tibi
424 2323 583 2369 praedico
609 2324 681 2359 fore
707 2324 896 2360 funestum.
931 2324 1058 2360 Postea
1083 2337 1136 2360 res
1162 2325 1314 2362 docebit.
1364 2325 1463 2362 Vale.
1496 2326 1638 2373 Raptis·

111 2386 208 2422 sime.
259 2384 388 2420 Emdae
411 2384 487 2431 ipso
511 2384 748 2420 natalitiorum
773 2384 902 2420 Christi
927 2384 981 2421 die
1005 2386 1112 2421 Anno
1138 2387 1240 2422 1553.
1290 2387 1436 2422 Manum
1461 2387 1566 2424 nosti.

152 2495 177 2534 ¹)
202 2495 251 2526 Cf.
278 2493 339 2536 Ep.
369 2494 420 2525 96.
464 2495 490 2533 2)
516 2493 607 2524 Dom.
645 2494 714 2524 Clcr.
738 2494 775 2524 ab
800 2494 926 2531 Blesum,
949 2495 1085 2525 Senator
1107 2494 1199 2525 Emd.
1223 2495 1271 2526 Cf.
1297 2495 1532 2533 BRENNEISEN,
1556 2507 1585 2528 0.
1611 2496 1631 2528 1.

107 2551 138 2583 1.
160 2551 234 2581 VII.
258 2561 288 2581 ιι.
312 2550 339 2580 5.
364 2550 390 2588 3)
414 2550 534 2580 Hector
556 2549 593 2580 ab
619 2549 791 2582 Olim-sam.
815 2550 864 2580 Cf.
889 2550 1094 2587 HARCKENR,
1121 2550 1241 2591 Oostfl·.
1261 2551 1386 2591 Oorspr.
1406 2551 1475 2584 177.
1499 2552 1637 2584 BRENN-

108 2614 220 2642 EISEN,
253 2616 282 2636 o.
311 2604 331 2635 l.
366 2605 391 2635 I.
431 2604 501 2635 3³25.
554 2606 581 2643 ⁴)
619 2605 657 2635 Iu
695 2605 761 2635 eius
792 2605 921 2641 ditione,
958 2616 1000 2636 se.
1039 2605 1236 2643 Wismariae,
1275 2606 1396 2638 exsules
1434 2608 1636 2649 appulerant.

109 2661 135 2699 5)
165 2660 284 2691 Gellius
317 2659 414 2690 Faber
447 2658 485 2689 cle
508 2658 638 2696 Bonam,
664 2658 837 2689 Leovardia
860 2659 1011 2690 oriundus
1038 2661 1068 2697 (ᾧ
1092 2659 1184 2698 1564)
1209 2660 1249 2690 ef.
1274 2660 1423 2691 REERSH.
1451 2660 1552 2702 Oslfr.
1575 2666 1637 2702 rtjs.

111 2714 405 2756 Prediyer-Desclcm.
439 2724 470 2755 p.
507 2714 535 2743 6.
579 2714 605 2752 6)
637 2714 732 2744 Plura
766 2713 804 2744 de
838 2716 898 2744 cat.
928 2714 983 2745 illo
1015 2714 1046 2744 iu
1078 2724 1141 2755 seq.
1166 2714 1204 2744 ml
1228 2714 1327 2745 Hard.
1351 2726 1399 2757 ep.
1444 2716 1471 2755 ⁷)
1496 2716 1637 2757 Ipsamet

108 2771 215 2801 tamen
243 2770 276 2801 in
306 2769 454 2810 Angliam
483 2779 546 2800 non
570 2769 705 2806 traiecit,
734 2769 811 2800 licet
840 2780 857 2800 a
880 2769 985 2800 Maria
1007 2769 1116 2810 regina
1139 2769 1272 2811 Angliae
1295 2770 1393 2802 fuerit
1414 2770 1560 2803 invitata.
1584 2771 1634 2803 Cf.

111 2823 267 2864 Bumvm,
290 2837 319 2857 ο.
343 2825 363 2857 1.
386 2825 430 2857 ΙΙ.
454 2824 526 2856 388.
