1830 3147
310 106 383 142 332
810 112 922 142 coNr.
953 113 1059 141 Ech.
1089 112 1204 142 LoND.

310 214 432 253 carnis
461 219 610 254 nostrae
638 215 814 254 societate
842 215 1172 267 plenisufficentem
1188 218 1416 254 servatorem
1435 214 1567 253 mundi
1587 214 1718 259 totius,

309 283 345 316 et
388 279 545 330 proinde
581 280 702 318 Deum
739 293 908 332 quoque:
953 293 1061 318 nemo
1098 280 1197 318 enim
1236 283 1415 326 servator,
1450 278 1523 317 nisi
1560 279 1716 329 ipsemet

310 343 423 382 Deus.
477 343 622 382 Deinde
669 344 769 381 hunc
813 344 936 395 ipsum
975 344 1103 381 Iesum
1141 343 1258 382 credit
1294 343 1403 381 etiam
1442 356 1484 380 ac
1521 344 1717 394 profitetur

309 421 388 446 esse
416 421 543 446 verum
574 408 767 446 Christum
794 408 915 453 illum,
943 408 1004 459 qui
1038 408 1227 457 Angelicis
1255 411 1290 445 et
1318 407 1554 459 Propheticis
1583 407 1716 445 vatici-

309 473 381 511 niis
418 473 465 510 ab
493 473 575 525 ipso
603 487 722 524 usque
748 473 882 511 mundi
909 473 1021 511 initio
1048 473 1350 524 promittebatur,
1380 473 1452 510 hoc
1480 476 1536 510 est
1563 472 1717 510 unicum

307 537 415 575 illum
452 550 713 589 summumque
740 542 775 575 et
803 540 994 575 aeternum
1023 537 1176 586 Regem,
1203 537 1429 588 Prophetam
1464 549 1507 574 ac
1535 537 1716 574 Sacerdo-

309 605 380 639 tem
427 601 559 639 mundi
593 602 722 648 totius,
760 601 823 653 qui
861 602 1044 639 adventus
1083 601 1141 639 sui
1176 602 1260 639 luce
1295 605 1406 652 typos
1433 600 1526 649 legis
1556 601 1716 638 carnalis

308 679 438 704 omnes
466 666 662 717 dispulerit
688 679 916 717 prorsusque
944 666 1162 703 aboleverit.
1212 666 1404 703 Postremo
1434 679 1529 716 qnae
1557 665 1715 703 eundem

308 730 430 781 ipsum
468 730 592 768 Iesum
631 730 822 768 Christum
859 729 977 767 credit
1004 743 1047 767 ac
1074 731 1270 780 profitetur
1297 743 1376 767 esse
1405 742 1535 767 verum
1564 733 1716 767 natura-

308 794 380 832 lem
418 797 529 844 atque
563 793 801 843 unigenitum
838 793 907 832 Dei
936 794 1059 832 Patris
1086 794 1219 838 filium,
1246 807 1290 831 ex
1320 792 1399 831 Deo
1427 793 1509 844 ipso
1539 793 1648 831 Patre
1675 794 1715 830 in

308 858 436 896 eadem
467 858 683 897 Divinitatis
712 872 800 897 suae
827 859 1025 897 existentia
1052 858 1234 908 genitum,
1261 857 1574 909 quemadmodum
1603 858 1714 895 homo

308 937 353 961 ex
390 923 542 961 homine
570 924 716 975 concipi
755 928 790 962 et
820 924 923 962 nasci
952 923 1083 967 voluit,
1110 937 1242 975 nempe
1271 937 1315 961 ex
1344 926 1461 961 matre
1490 923 1649 973 virgine,
1675 927 1716 961 ut

309 988 421 1026 homo
460 989 565 1026 fieret
610 992 645 1026 et
689 989 805 1026 totius
850 988 982 1026 mundi
1027 992 1220 1040 peccatum
1259 988 1437 1039 expiaret,
1486 988 1715 1026 laudandum

307 1067 382 1091 una
422 1066 504 1090 cum
544 1053 653 1091 Patre
690 1057 726 1091 et
754 1053 897 1104 Spiritu
927 1054 964 1092 S.
995 1066 1122 1091 verum
1153 1057 1189 1091 et
1216 1066 1331 1090 unum
1362 1053 1480 1091 Deum
1509 1053 1549 1090 in
1577 1053 1713 1091 secula.

309 1118 442 1156 Amen.

360 1440 445 1489 (37)
474 1438 600 1477 Huius
627 1438 745 1488 igitur
775 1438 977 1476 Doctrinae
1004 1451 1048 1476 ac
1074 1437 1161 1476 fidei
1190 1441 1226 1475 et
1254 1450 1394 1483 eorum,
1421 1451 1516 1488 quae
1543 1437 1587 1475 ad
1609 1437 1711 1475 illam

310 1503 509 1554 pertinent,
546 1503 625 1541 eius
659 1503 748 1540 item
786 1502 990 1546 Ecclesiae,
1026 1515 1119 1552 quae
1157 1515 1237 1539 eam
1273 1501 1405 1552 recipit
1440 1503 1635 1552 profitetur
1669 1515 1714 1539 ac

311 1567 491 1618 sequitur,
526 1566 720 1604 ministros
754 1579 824 1604 nos
858 1579 936 1604 esse
972 1566 1228 1615 agnoscimus.
1277 1565 1388 1603 Hanc
1417 1565 1642 1614 colligimus,
1678 1570 1714 1603 et

310 1645 379 1670 nos
409 1644 490 1669 cum
519 1632 583 1669 illa
612 1645 631 1668 a
658 1631 769 1669 sectis
797 1630 985 1674 omnibus,
1010 1630 1195 1682 imprimis
1224 1643 1309 1668 vero
1338 1630 1384 1668 ab
1415 1630 1714 1668 Antiehristiana

310 1696 431 1746 Papae
460 1694 621 1732 Romani
648 1694 861 1732 idololatria
889 1707 1114 1745 separamus.

362 1825 477 1862 Porro
515 1824 593 1862 eius
630 1824 746 1875 ipsius
784 1823 974 1861 doctrinae
1003 1823 1073 1861 hoc
1102 1823 1362 1875 compendium
1392 1823 1499 1861 edere
1526 1823 1577 1860 ita
1604 1823 1714 1860 initio

311 1889 508 1935 voluimus,
537 1893 577 1926 ut
604 1902 745 1932 omnes,
773 1888 838 1939 qui
866 1901 945 1926 sese
981 1892 1130 1926 nostrae
1168 1888 1231 1925 isti
1267 1888 1456 1925 Ecclesiae
1495 1888 1620 1926 volent
1648 1888 1714 1925 ad-

310 1954 476 2003 iungere,
513 1953 602 1990 certi
631 1953 718 1997 sint,
746 1966 783 1990 se
810 1965 875 2003 per
903 1965 985 1997 nos,
1021 1965 1097 1990 non
1132 1966 1220 1990 sane
1256 1952 1437 1989 humanae
1473 1953 1587 1990 ullius
1626 1953 1716 1989 doc-

309 2019 442 2064 trinae,
470 2018 533 2056 sed
562 2018 630 2055 Dei
657 2018 775 2068 ipsius
803 2030 906 2061 voce,
933 2031 998 2068 per
1025 2017 1203 2065 Angelos,
1232 2017 1440 2068 Prophetas
1461 2021 1495 2055 et
1513 2018 1716 2068 Apostolos

309 2083 420 2120 nobis
456 2082 617 2133 prodita,
652 2082 697 2119 ad
736 2095 859 2119 veram
898 2081 968 2119 Dei
1002 2085 1037 2119 et
1077 2081 1217 2118 Christi
1255 2081 1509 2130 cognitionem
1538 2085 1572 2118 et
1602 2081 1715 2119 vitam

310 2147 466 2198 proinde
493 2159 642 2197 quoque
669 2150 858 2184 aeternam
887 2146 1015 2195 colligi
1043 2149 1154 2196 atque
1182 2146 1341 2184 evocari.

361 2211 471 2249 Brevi
510 2216 632 2249 autem
669 2211 863 2255 addemus,
899 2224 994 2261 quae
1031 2210 1076 2247 ad
1106 2210 1364 2247 observandas
1394 2210 1534 2248 Christi
1563 2210 1716 2247 Domini

309 2276 348 2313 in
386 2289 449 2314 sua
489 2275 655 2313 Ecclesia
686 2274 943 2312 institutiones
973 2287 1035 2312 seu
1066 2274 1308 2319 ceremonias,
1336 2287 1506 2325 quaeque
1535 2274 1578 2310 ad
1609 2287 1716 2325 prae—

311 2340 443 2378 standa
479 2353 543 2391 per
578 2339 773 2376 ministros
810 2352 898 2388 erga
925 2338 1086 2389 plebem,
1122 2341 1158 2376 et
1185 2338 1305 2389 plebis
1335 2337 1500 2376 vicissim
1529 2352 1615 2387 erga
1645 2338 1714 2374 mi·

311 2404 449 2442 nistros
478 2402 608 2447 officia,
636 2403 755 2454 adque
784 2416 911 2441 eorum
939 2415 1004 2453 per
1043 2402 1283 2453 disciplinam
1312 2402 1519 2440 custodiam
1544 2402 1716 2439 videntur

310 2467 506 2518 pertinere.
