1830 3147
183 136 257 173 132

189 245 420 289 munionem,
456 243 716 282 remissionem
746 247 999 296 peccatorum,
1029 245 1152 284 carnis
1178 247 1382 297 gloriosam
1411 248 1735 296 resurrectionem,

170 311 222 349 'ct
250 311 364 348 vitam
394 313 598 348 aeternam.

238 377 298 413 25.
328 374 490 413 Interr0.
546 373 652 412 Quid
681 373 769 412 inde
798 374 1072 413 consolationis
1100 375 1231 415 haberi
1258 380 1408 429 potest?

237 438 402 489 Respon.
458 437 626 476 Primum
662 439 765 490 quod
802 452 932 476 omncs
968 439 1010 477 in
1047 440 1119 478 hoc
1155 442 1223 479 tali
1261 447 1369 481 coetu
1408 443 1603 482 constituti
1640 442 1732 481 certi

184 509 273 541 sunt
297 517 341 541 cx
362 503 466 540 verbi
491 503 609 540 divini
634 503 954 555 promissionibus
981 506 1020 551 ¹),
1050 506 1175 544 omnia
1207 507 1346 546 Christi
1369 509 1524 547 Domini
1550 508 1733 547 beneficia

183 568 230 605 ad
260 581 297 606 se
323 567 478 620 perinde
505 572 617 619 atque
645 568 690 606 ad
721 568 816 606 alios
847 573 999 606 sanctos
1028 582 1157 608 omnes
1185 570 1225 609 in
1255 573 1359 610 coelo
1387 578 1423 611 et
1450 573 1489 611 in
1518 578 1616 611 terra
1644 585 1729 623 per·

179 632 312 672 tinere.
369 632 512 671 Deinde
549 632 649 684 quod
688 637 788 671 certa
824 633 962 670 fiducia
993 647 1136 686 semper
1163 635 1338 675 obtinent
1366 637 1618 676 indubitatam
1647 650 1730 674 om-

182 698 285 736 nium
314 702 554 750 peccatorum
584 710 738 736 suorum
767 698 1022 736 remissionem
1053 699 1093 737 in
1122 700 1225 738 omni
1269 715 1335 739 sua
1362 715 1427 754 per
1453 716 1588 740 nomen
1620 702 1730 740 Chri-

184 764 234 801 sti
253 763 427 801 instituta
455 763 696 802 invocatione
711 765 757 812 2).
786 763 981 802 Postremo
1010 764 1124 816 quod,
1152 766 1222 804 etsi
1243 780 1281 805 se
1308 767 1347 805 in
1375 768 1517 806 mundo
1540 769 1610 806 hoc
1638 781 1730 806 con-

180 834 343 881 temptos
378 822 490 880 atque
526 829 670 867 invisos
703 828 826 867 modis
864 829 1041 868 omnibus
1079 844 1159 869 esse
1187 831 1352 875 videant,
1382 833 1473 871 certi
1501 838 1588 871 sunt
1616 834 1728 882 (177)

178 899 318 940 tamen,
339 908 376 932 se
393 894 558 943 gloriose
578 895 668 932 olim
691 894 729 932 in
760 895 837 932 suis
867 896 1089 947 corporibus
1117 901 1393 936 resurrecturos
1422 912 1501 936 esse
1515 901 1560 948 ³),
1586 902 1622 937 et
1645 898 1727 950 qui-

179 959 262 998 dem
291 973 367 997 non
397 959 442 996 ad
471 959 583 996 ullam
615 958 788 1010 deinceps
817 959 1181 1005 condemnationem,
1210 954 1527 1012 quemadmodum
1556 961 1662 1014 impii
1690 964 1727 999 et

182 1025 332 1062 Christo
361 1024 566 1062 adversarii
594 1023 777 1070 homines,
807 1024 869 1062 sed
900 1024 945 1062 ad
975 1024 1090 1062 vitam
1118 1028 1154 1063 et
1180 1026 1340 1075 gloriam
1371 1031 1555 1064 aeternam
1577 1028 1622 1075 4).

232 1092 291 1128 26.
321 1090 481 1127 Interro.
540 1089 687 1126 Suntne
723 1089 823 1126 ullae
850 1092 1026 1127 externae
1056 1090 1166 1127 huius
1195 1091 1281 1128 talis
1312 1096 1439 1129 coetus
1468 1088 1727 1128 Ecclesiastici

180 1159 305 1200 notae,
332 1168 396 1206 per
416 1168 509 1205 quas
529 1154 621 1192 hacc
650 1153 792 1192 Christi
819 1154 989 1192 Ecclesia
1019 1155 1175 1204 agnosci
1203 1160 1315 1206 atque
1343 1155 1389 1193 ab
1419 1155 1501 1193 aliis
1531 1154 1724 1193 hominum

179 1221 351 1259 coetibus
380 1219 542 1258 discerni
572 1219 718 1271 possit?

233 1286 399 1337 Respon.
455 1285 596 1324 Tribus
639 1284 853 1336 praecipuis
894 1285 995 1323 notis
1041 1285 1261 1335 insignitam
1303 1286 1383 1324 vult
1427 1299 1508 1324 esse
1552 1285 1725 1324 Christus

180 1351 367 1389 Dominus
405 1364 507 1388 snam
540 1350 762 1393 Ecclesiam,
789 1355 831 1387 ut
858 1349 905 1387 ab
935 1349 1018 1388 aliis
1046 1350 1243 1388 hominum
1272 1350 1441 1388 coetibus
1469 1350 1729 1388 discernatur:

177 1430 312 1468 nempe
349 1415 560 1453 ministerio
598 1414 718 1462 verbi,
755 1414 968 1452 ministerio
1007 1416 1334 1453 Sacramentorum
1363 1422 1399 1453 et
1426 1428 1496 1452 usu
1533 1414 1724 1452 Ecclesia-

178 1481 293 1518 sticae
341 1480 574 1531 disciplinae,
612 1493 707 1530 quae
743 1478 893 1530 quidem
941 1479 987 1516 ab
1022 1480 1185 1517 invicem
1223 1480 1321 1518 inter
1359 1494 1438 1518 scsc
1474 1480 1527 1517 ita
1563 1492 1725 1532 propen-

177 1547 279 1593 dent,
308 1552 348 1584 ut
375 1546 476 1584 aliud
506 1546 585 1582 sine
614 1545 687 1581 alio
715 1544 824 1595 plene
852 1544 1046 1582 observari
1073 1558 1151 1582 non
1179 1545 1312 1596 possit.

229 1613 290 1651 27.
310 1610 473 1650 Interro.
505 1609 657 1647 Quibus
675 1609 712 1646 in
735 1609 848 1646 rebus
868 1609 1108 1659 potissimum
1128 1610 1301 1648 consistit
1322 1609 1427 1647 verbi
1444 1609 1724 1647 ministerium?

229 1676 394 1727 Respon.
449 1675 496 1713 In
524 1675 618 1725 legis
648 1674 797 1712 divinae
825 1678 860 1712 et
887 1674 1087 1725 Euangelii
1115 1689 1208 1727 pura
1237 1679 1273 1713 et
1301 1675 1402 1713 fideli
1433 1675 1723 1727 praedicatione.

230 1744 290 1780 28.
320 1742 482 1779 InterrO.
522 1739 624 1778 Quid
655 1744 712 1777 est
739 1740 828 1778 lex?

212 1807 392 1858 ,Respom
445 1806 516 1844 Est
553 1810 705 1843 aeterna
727 1805 877 1843 divinae
901 1805 1123 1852 voluntatis,
1153 1805 1349 1855 >Decalogo
1387 1805 1498 1843 nobis
1525 1805 1726 1857 patefacta,

176 1871 412 1916 constitutio,
447 1883 543 1922 quae
580 1869 691 1907 nobis
720 1870 896 1916 ostendit,
925 1870 1014 1921 quid
1044 1884 1113 1908 nos
1143 1871 1200 1908 vel
1229 1870 1351 1908 facere
1380 1870 1434 1908 vel
1465 1871 1583 1907 vitare
1610 1882 1723 1921 opor-

174 1940 263 1979 teat,
299 1936 484 1986 simulque
519 1934 630 1973 etiam
669 1935 896 1973 condemnat
931 1947 1072 1982 omnes,
1106 1935 1172 1986 qui
1208 1935 1312 1972 illam
1351 1934 1395 1973 ad
1434 1935 1585 1986 plenum
1615 1948 1722 1986 prae·

175 2006 273 2040 stare
302 2002 413 2049 (178)
442 2013 519 2039 non
547 2003 706 2051 possunt
734 1999 779 2049 ⁵).

226 2069 287 2105 29.
316 2066 480 2104 Interr0.
536 2064 641 2102 Quid
669 2068 725 2103 est
754 2064 1033 2114 Euangelium?

229 2132 393 2182 Respon.
448 2130 517 2168 Est
553 2130 690 2167 laetum
721 2130 901 2168 nuncium
931 2130 975 2167 de
1004 2133 1104 2167 certa
1133 2133 1373 2181 peccatorum
1412 2130 1631 2168 remissione
1657 2143 1723 2181 per

174 2197 349 2235 meritum
386 2195 522 2233 summi
561 2195 681 2233 nostri
719 2184 917 2233 Pontificis
956 2195 1097 2233 Christi
1135 2196 1235 2240 Iesu,
1273 2200 1459 2247 quatenus
1494 2210 1559 2250 per
1597 2192 1720 2235 carnis

176 2267 328 2301 nostrae
355 2261 531 2299 adnatam
563 2260 673 2298 nobis
702 2260 959 2298 infirmitatem
981 2260 1055 2308 legi
1075 2259 1144 2297 Dei
1165 2260 1381 2298 satisfacere
1401 2274 1477 2298 non
1497 2261 1661 2299 valemus
1674 2259 1718 2310 G).

227 2329 288 2365 30.
317 2326 481 2365 InterrO.
537 2325 641 2371 Quid
670 2330 758 2363 sunt
786 2326 1029 2363 Sacramenta
1055 2324 1247 2362 Ecclesiae
1276 2325 1444 2362 Christ-i?

227 2393 391 2443 Respon.
447 2392 544 2429 Sunt
578 2391 774 2429 institutae
808 2404 828 2428 a
867 2390 1018 2428 Christo
1057 2390 1222 2429 Domino
1254 2395 1373 2429 certae
1400 2391 1567 2428 actiones
1596 2402 1721 2427 sacrae

173 2457 310 2505 (veluti
338 2456 442 2494 verbi
468 2456 693 2508 appendices
720 2455 921 2506 quaedam)
952 2455 1061 2493 certis
1089 2455 1309 2493 ceremoniis
1336 2454 1598 2507 praescriptae,
1624 2466 1719 2504 quae

177 2523 247 2560 sub
276 2523 471 2571 signorum
501 2521 705 2559 visibilium
734 2521 932 2559 involucro
958 2521 1069 2558 nobis
1099 2521 1146 2558 ob
1175 2521 1305 2558 oculos
1342 2519 1620 2572 quodammodo
1649 2532 1718 2570 po-

179 2591 287 2629 nunt,
323 2600 392 2624 nos
420 2600 484 2638 per
511 2587 684 2624 meritum
715 2586 899 2623 duntaxat
926 2585 1059 2623 mortis
1089 2586 1231 2624 Christi
1258 2585 1395 2623 habere
1422 2598 1545 2623 veram
1575 2589 1612 2622 et
1640 2584 1718 2635 ple-

176 2666 264 2692 nam
292 2652 457 2690 omnium
485 2656 726 2703 peccatorum
753 2654 969 2689 nostrorum
996 2651 1267 2690 remissionem.

221 2812 245 2850 ι)
270 2809 340 2841 eal.
364 2809 393 2841 3.
416 2808 486 2842 coi.
509 2809 538 2841 3.
587 2809 614 2849 2)
639 2810 729 2842 roan.
753 2809 781 2847 1,
806 2809 836 2841 2.
858 2809 940 2841 Heb.
964 2809 993 2843 7.
1038 2810 1064 2850 ε)
1089 2810 1108 2841 2
1132 2810 1205 2841 cor.
1229 2810 1258 2840 4.
1283 2790 1373 2840 romi.
1398 2807 1425 2844 5,
1450 2806 1479 2838 6.
1503 2805 1520 2836 1
1545 2805 1619 2837 eor.
1643 2804 1694 2837 15.

219 2868 247 2906 ⁴)
271 2865 356 2899 Phil.
379 2866 408 2899 3.
430 2866 512 2898 Dan.
536 2866 565 2898 9.
587 2866 707 2898 Matth.
730 2866 780 2898 25.
804 2867 874 2898 Act.
898 2866 948 2898 24.
1077 2867 1104 2906 5)
1129 2866 1224 2898 Deut.
1248 2865 1298 2898 27.
1321 2864 1398 2896 Lev.
1422 2862 1473 2895 26.
1498 2861 1568 2894 Gal.
1591 2862 1621 2895 3.

219 2923 247 2964 ⁶)
270 2923 348 2956 Luc.
371 2923 400 2956 2.
423 2923 516 2955 Rom.
540 2922 569 2954 3.
591 2922 675 2966 Eph.
697 2922 727 2956 2.
750 2921 819 2956 001.
842 2922 872 2956 2.
895 2921 977 2954 Heb.
1001 2921 1029 2959 7,
1055 2922 1103 2954 10.
