1830 3147
106 128 155 167 72

106 237 340 277 Precatio
387 247 529 287 super
572 232 749 272 electis
795 232 932 272 verbi
969 230 1226 270 Ministris
1264 230 1397 270 circa
1436 230 1651 283 ipsorum

595 296 1048 348 inaugurationem.
1081 297 1169 346 (35)

163 431 355 471 uDomine
392 430 507 477 Deus,
541 429 598 468 fili
633 429 703 468 Dei
740 429 829 475 vivi,
866 428 954 466 Iesu
990 426 1158 466 Christe!
1195 426 1323 478 quite
1349 426 1541 465 Ecclesiae
1567 429 1654 465 tuae

112 498 159 536 ad
197 499 308 535 finem
346 508 463 547 usque
492 494 630 533 saeculi
657 507 802 546 semper
828 492 1045 531 adfuturum
1075 505 1155 530 esse
1180 491 1388 543 promisisti
1411 491 1454 539 ¹),
1481 495 1524 529 ut
1551 491 1654 529 illam

110 576 218 612 regas
245 575 288 600 ac
314 561 501 611 gubernes
530 559 675 611 Spiritu
700 562 831 597 sancto
858 563 938 601 tuo,
966 557 1104 609 quique
1130 557 1235 594 illam
1261 557 1314 594 ita
1343 557 1482 607 diligis,
1510 560 1549 595 ut
1577 569 1653 594 non

111 627 232 665 solum
278 625 501 675 sanguinem
536 628 643 662 tuum
680 622 1032 661 innocentissimum
1068 634 1136 673 pro
1173 634 1215 659 ea
1250 622 1363 659 semel
1399 621 1554 669 fuderis,
1590 622 1654 660 sed

114 692 225 730 huius
262 704 412 743 quoque
446 690 546 729 tanti
580 689 637 727 tui
677 688 850 727 beneficii
886 691 998 726 testes
1036 700 1079 724 ac
1107 686 1288 724 Doctores
1315 687 1355 724 in
1383 687 1449 724 illa
1474 690 1655 738 perpetuo

115 762 241 795 extare
269 756 361 794 velis
388 755 436 793 ad
456 754 768 793 instaurationem
789 757 1004 791 sanctorum
1022 755 1058 790 et
1079 751 1441 790 consummationem
1457 752 1657 790 absolven-

114 823 200 860 dam
226 822 268 860 in
294 821 453 873 mystico
481 824 548 860 tuo
575 819 696 871 (quod
725 831 793 856 nos
822 819 969 866 sumus)
990 830 1145 868 corpore
1165 817 1210 864 ²).
1229 838 1279 845 -—
1307 817 1361 855 Te
1378 817 1453 854 iam
1471 817 1657 868 supplices

115 887 370 937 deprecamur,
399 885 561 924 Domine
587 885 681 929 Rex,
706 883 849 926 Doctor
878 895 920 920 ac
950 881 1126 919 Pontifex
1155 885 1280 919 noster
1305 883 1468 919 aeterne!
1485 886 1528 919 ut
1547 881 1659 920 hosce

112 952 213 990 viros
242 952 375 989 fratres
403 954 554 989 nostros
581 950 636 999 (si
659 951 789 998 plures
817 948 897 986 εἰπέ
923 947 1032 985 electi
1059 946 1111 985 ad
1134 946 1409 995 ministerium),
1437 960 1501 997 per
1517 960 1587 985 nos
1608 947 1655 984 ad

115 1017 218 1056 verbi
256 1015 506 1054 ministerium
543 1015 581 1053 in
618 1018 684 1053 tuo
721 1017 850 1051 sancto
888 1012 1039 1050 nomine
1075 1012 1226 1056 electos,
1255 1012 1396 1062 Spiritu
1436 1016 1566 1050 sancto
1593 1016 1659 1050 tuo

114 1082 257 1133 replere
285 1080 464 1130 digneris,
491 1085 532 1118 ut
559 1078 664 1117 verbi
691 1077 749 1116 tui
777 1076 895 1115 (livini
922 1076 1174 1114 ministerium
1203 1076 1544 1127 beneficiorumque
1571 1082 1658 1114 tuo-

116 1160 199 1185 rum
228 1146 390 1184 salutare
417 1149 529 1196 atque
556 1144 683 1182 efficax
711 1141 970 1180 testimonium
998 1142 1095 1179 inter
1123 1153 1193 1178 nos
1221 1140 1426 1178 retineatur
1451 1144 1488 1178 et
1509 1153 1659 1178 conser-

116 1216 234 1250 vetur.
263 1210 421 1260 Largire
446 1209 521 1247 illis
549 1208 730 1246 Domine!
758 1205 997 1258 prudentiam
1024 1210 1123 1243 reete
1150 1205 1302 1243 secandi
1320 1204 1476 1243 verbum
1493 1208 1598 1243 tuum
1615 1207 1660 1254 ³).

116 1276 173 1313 Da
209 1279 251 1313 ut
289 1276 450 1312 Satanae
486 1278 522 1312 et
559 1270 786 1311 Antichristi
823 1270 931 1308 dolos
968 1283 1012 1308 ac
1038 1269 1275 1320 tyrannidem
1305 1269 1353 1307 ab
1381 1269 1661 1318 Eccle-(36)sia

117 1341 187 1379 hac
225 1343 354 1378 nostra
388 1338 549 1377 fideliter
585 1350 628 1375 ac
657 1336 856 1386 diligenter
884 1339 1047 1382 arceant,
1076 1335 1227 1386 eiusque
1255 1334 1432 1386 reliquias
1461 1347 1601 1379 omnes,
1630 1335 1661 1372 si

119 1419 217 1457 quae
245 1404 370 1443 adhuc
396 1404 501 1452 interm
522 1416 592 1441 nos
619 1402 787 1447 haerent,
813 1414 966 1452 prorsus
994 1400 1182 1452 extirpent
1208 1413 1252 1438 ac
1279 1400 1502 1452 propellant.
1550 1400 1661 1439 Dona

118 1470 193 1509 illis
222 1469 404 1507 Domine!
432 1467 617 1507 eiusmodi
644 1480 684 1505 os
713 1471 749 1505 et
777 1466 1010 1518 sapientiam,
1036 1470 1078 1504 ut
1098 1479 1161 1503 ora
1182 1466 1346 1504 omnium
1366 1465 1663 1504 adverseriorum

120 1536 224 1574 verbi
259 1535 315 1573 tui
342 1534 543 1573 autoritate
571 1533 748 1571 obturare
775 1532 958 1584 luposque
986 1545 1006 1569 a
1033 1545 1146 1581 grege
1173 1536 1237 1569 tuo
1266 1532 1416 1581 abigere
1441 1531 1590 1582 possint
1617 1528 1664 1580 ¹⁴),

116 1615 191 1653 quo
228 1601 281 1639 ita
318 1600 467 1638 demum
504 1599 665 1650 populus
704 1598 767 1635 hic
802 1602 902 1639 tuus.
937 1610 1000 1648 per
1037 1598 1204 1648 ipsorum
1234 1596 1482 1634 ministerium
1508 1596 1548 1634 in
1578 1609 1663 1634 vera

117 1667 172 1706 tui
211 1665 426 1716 cognitione
461 1664 681 1711 instructus,
707 1666 746 1702 te
773 1663 938 1707 laudare,
966 1662 1036 1700 tibi
1063 1662 1205 1711 gratias
1241 1675 1351 1711 agere
1385 1662 1501 1713 inque
1528 1661 1662 1700 volun·

115 1732 205 1770 tatis
241 1737 327 1770 tuae
363 1735 514 1769 sauctae
550 1729 764 1768 obedientia
801 1733 838 1767 et
875 1727 977 1766 omni
1012 1727 1148 1779 pietate
1176 1728 1297 1766 indies
1324 1728 1445 1777 magis
1472 1740 1515 1765 ac
1542 1726 1662 1778 magis

116 1809 335 1848 promovere
361 1796 492 1847 possit,
519 1794 566 1832 ad
593 1794 701 1844 regni
727 1793 783 1832 tui
818 1793 1013 1844 Patrisque
1046 1792 1101 1830 tui
1130 1792 1301 1830 coelestis
1327 1792 1488 1842 gloriam
1507 1792 1662 1829 immor-

120 1862 245 1906 talem,
283 1874 394 1912 quem
429 1860 540 1898 etiam
567 1872 633 1911 per
660 1863 768 1897 tuum
795 1870 945 1901 nomen,
972 1861 1014 1895 ut
1040 1857 1107 1895 abs
1136 1861 1172 1895 te
1199 1856 1323 1895 edocti
1351 1870 1492 1904 sumus,
1519 1857 1662 1908 suppli-

121 1920 181 1964 ces
209 1926 441 1971 invocamus,
470 1924 656 1962 dicentes:
683 1923 793 1961 Pater
820 1926 948 1960 noster
973 1921 1072 1960 etc.'‘

170 2056 296 2094 Finita
331 2054 559 2107 precatione.
594 2053 780 2092 accedunt
815 2051 861 2090 ad
900 2052 1039 2090 electos
1079 2051 1277 2089 Ministros
1322 2050 1386 2089 alii
1428 2050 1592 2090 ministri
1628 2055 1664 2089 et

121 2121 295 2159 Seniores
323 2118 514 2157 Ecclesiae
541 2131 669 2156 omnes
711 2121 748 2156 et
776 2116 962 2168 capitibus
988 2117 1142 2154 illorum
1170 2130 1303 2154 manus
1331 2130 1405 2154 una
1434 2129 1563 2155 omnes
1590 2117 1665 2154 im-

120 2190 282 2239 ponunt,
317 2185 454 2237 quibus
490 2183 603 2223 etiam
639 2183 818 2222 assistens
855 2182 1115 2228 Ecclesiastes‚
1151 2187 1187 2221 ct
1215 2196 1349 2221 manus
1376 2196 1450 2221 una
1479 2183 1666 2222 cumillis

122 2251 308 2303 capitibus
344 2250 547 2289 electorum
568 2249 796 2301 imponens,
833 2248 931 2286 clara
969 2260 1059 2285 voce
1105 2248 1341 2286 auscultante
1377 2252 1457 2286 tota
1493 2245 1665 2286 Ecclesia

125 2315 237 2354 dicit:

176 2441 309 2480 'Deus
345 2445 382 2480 et
412 2442 524 2480 Pater
558 2444 687 2480 noster
723 2441 905 2488 coelestis,
933 2441 998 2492 qui
1034 2443 1122 2491 (37)
1159 2454 1225 2480 vos
1252 2442 1299 2480 ad
1327 2441 1431 2480 verbi
1459 2441 1514 2480 sui
1545 2441 1664 2480 Mini-

121 2506 277 2545 sterium
310 2505 352 2544 in
387 2505 457 2544 hac
493 2519 559 2544 sua
587 2505 757 2544 Ecclesia
785 2505 947 2549 vocavit,
974 2506 1162 2545 illuminet
1189 2520 1253 2545 vos
1284 2506 1574 2558 spiritusancto
1595 2521 1664 2546 suo

121 2585 263 2623 suaque
291 2585 405 2609 manu
431 2572 576 2622 potenti
605 2585 671 2609 vos
700 2572 917 2609 corroboret
954 2575 991 2609 et
1018 2577 1180 2611 vestrum
1211 2572 1458 2611 ministerium
1485 2573 1538 2611 ita
1556 2577 1663 2623 regat

122 2643 158 2676 et
185 2637 382 2686 gubernet,
408 2640 451 2674 ut
477 2636 518 2674 in
545 2637 611 2673 illo
639 2636 800 2674 fideliter
826 2640 862 2674 et
890 2649 973 2674 cum
1003 2637 1131 2675 fructu
1157 2638 1298 2676 versari
1326 2650 1470 2688 semper
1496 2638 1664 2689 possitis,

120 2702 168 2740 ad
201 2700 487 2753 propagandum
524 2701 694 2751 Regnum
732 2700 921 2750 unigeniti
965 2701 1022 2739 sui
1055 2701 1125 2739 filii
1160 2702 1200 2740 in
1238 2701 1406 2739 Eccle‘sia
1442 2701 1560 2753 ipsius
1596 2715 1662 2753 per

168 2845 192 2883 ¹)
216 2842 333 2875 Matth.
356 2842 407 2875 28.
535 2842 562 2880 ²)
585 2841 703 2884 Ephes.
726 2843 756 2874 4.
802 2842 818 2873 1
843 2842 917 2875 Cor.
940 2842 970 2875 2.
1098 2843 1125 2883 ³)
1151 2844 1166 2875 l
1191 2843 1274 2875 Tim.
1300 2843 1327 2874 1.

163 2900 192 2939 ⁴)
215 2899 320 2930 Lucae
343 2897 394 2932 22.
437 2897 501 2930 Tit.
526 2897 554 2930 1.
599 2897 617 2928 1
641 2897 724 2931 Tim.
747 2897 776 2931 3.
