1830 3147
771 142 842 181 627
1303 141 1365 189 [A.
1390 141 1435 180 D.
1462 141 1572 190 1549]

41 249 272 290 obedientiam
300 249 387 292 Deo,
421 251 464 284 ut
490 249 643 285 Domino
671 251 805 293 nostro,
830 248 1009 286 debemus.
1058 248 1138 295 Quo
1164 250 1267 297 pacto
1293 261 1376 285 vero
1402 261 1444 286 ex
1469 249 1570 286 nobis

41 311 174 347 remitti
199 315 360 359 petamus
385 309 516 357 quibus
541 322 710 354 caremus,
737 322 776 347 ac
801 323 872 347 non
896 310 1016 358 potius
1041 312 1184 358 peccata
1208 322 1270 346 seu
1295 309 1424 347 delicta
1441 310 1570 358 quibus

38 375 208 420 perpetuo
234 371 353 408 obruti
379 371 524 408 sumus?
551 371 618 408 Sed
643 371 698 408 hic
723 373 865 419 peecata
889 373 1011 408 nostra
1037 371 1155 407 debita
1181 373 1364 414 vocantur,
1391 372 1475 418 quia
1505 384 1570 408 nos

37 446 117 470 reos
148 446 188 470 ac
218 433 394 470 debitores
428 433 553 469 mortis
589 435 751 470 aeternae
783 433 918 469 faciunt
951 432 988 468 in
1019 432 1151 469 iudicio
1177 432 1256 476 Dei,
1295 445 1401 480 quam
1425 445 1445 468 a
1469 432 1570 468 nobis

39 493 276 542 deprecamur.
318 494 365 530 ln
402 494 514 530 altero
539 493 618 530 loco
642 493 705 530 illo
731 493 773 531 de
798 493 938 530 sublata
962 505 1023 542 per
1049 493 1232 530 Christum
1257 494 1450 530 Dominum
1476 493 1570 530 orbis

39 556 154 593 totius
176 555 368 603 iniquitate
393 555 490 592 nulla
515 558 569 593 est
594 556 845 604 repugnantia:
871 554 977 591 simul
1001 554 1094 591 enim
1111 567 1234 591 verum
1251 556 1316 598 est,
1333 554 1370 591 ct
1390 554 1571 591 hominum

40 617 172 664 ubique
197 617 355 653 omnium
379 616 605 664 iniquitatem
630 629 691 664 per
716 616 897 652 Christum
921 615 1095 652 sublatam
1121 627 1207 658 esse,
1233 614 1263 650 si
1279 614 1383 651 modo
1399 614 1571 662 iniquitas

41 690 104 725 pro
134 676 263 713 adnata
292 676 473 714 hominum
500 677 705 713 infirmitate
728 677 932 725 accipiatur,
958 675 1251 723 quemadmodum
1276 675 1381 724 paulo
1406 678 1488 724 post
1513 687 1571 712 ex-

42 738 203 786 plicatur,
238 739 275 775 et
307 750 379 775 non
413 750 549 775 omnem
583 738 725 774 interim
758 738 938 774 hominum
971 737 1200 784 iniquitatem
1225 736 1397 773 sublatam
1429 749 1516 780 esse,
1542 737 1571 773 si

41 800 268 847 iniquitatem
293 812 356 847 pro
381 799 502 836 rebelli
528 802 735 847 contemptu
761 799 828 835 Dei
844 799 1069 846 accipiamus.
1099 798 1302 845 Utrumque
1318 797 1411 834 enim
1428 797 1570 834 ideom-

39 860 210 909 plectitur
234 861 438 908 iniquitatis
463 873 545 905 vox,
570 873 695 909 nempe
720 862 756 896 et
780 860 1022 896 infirmitatem
1047 861 1084 895 et
1100 862 1352 906 contemptum.
1391 857 1569 907 Volebant

41 925 160 959 autem
186 922 367 959 electionis
393 924 670 970 propugnatores
695 920 747 957 illi
772 921 864 957 hunc
888 919 1006 956 locum
1029 919 1081 955 ita
1105 918 1271 965 intelligi,
1297 921 1340 954 ut
1357 929 1460 954 omne
1477 929 1574 965 pror-

41 994 102 1018 sus
134 983 268 1030 peceati
293 982 539 1030 qualecunque
563 994 688 1030 genus,
713 981 774 1017 sed
800 993 871 1017 nou
895 980 931 1016 in
957 980 1133 1023 omnibus,
1160 991 1274 1026 neque
1299 979 1366 1015 nisi
1392 979 1426 1014 in
1454 978 1575 1015 electis

43 1055 104 1090 per
130 1043 311 1080 Christum
345 1043 523 1080 sublatum
548 1045 652 1080 esset.
695 1043 782 1079 [deo
808 1055 872 1079 nos
897 1053 1038 1078 rursum
1063 1041 1228 1084 diximus,
1254 1040 1358 1076 huius
1383 1040 1450 1076 loci
1475 1039 1575 1075 testi-

43 1105 159 1140 monio
184 1117 252 1141 non
279 1105 441 1153 equidem
466 1117 569 1141 omne
594 1104 840 1152 qualecunque
865 1103 1000 1152 peccati
1025 1115 1147 1149 genus,
1173 1102 1233 1138 sed
1247 1113 1384 1138 omnem
1402 1100 1576 1137 duntaxat

43 1164 282 1202 infirmitatem
313 1166 349 1202 in
385 1165 546 1202 omnibus
579 1165 721 1202 interim
754 1167 834 1202 toto
859 1167 1032 1201 terrarum
1058 1163 1141 1200 orbe
1168 1163 1366 1199 hominibus
1391 1174 1452 1210 per
1478 1162 1577 1197 Chri-

44 1228 140 1262 stum
165 1226 340 1263 sublatam
365 1230 476 1275 atque
501 1228 676 1275 expiatam
702 1239 788 1271 esse,
815 1226 850 1262 id
876 1225 972 1273 quod
998 1225 1035 1261 in
1060 1223 1290 1272 sequentibus
1316 1225 1513 1272 scripturae
1526 1227 1577 1260 te-

44 1288 219 1324 stimoniis
244 1289 509 1337 comprobatum
535 1288 697 1325 habetur.

91 1348 189 1386 Haec
213 1349 267 1386 ita
292 1352 426 1397 quanta
450 1349 555 1397 potui
580 1348 763 1386 celeritate
789 1347 895 1384 effudi
918 1347 1038 1395 potius
1065 1346 1207 1394 [quam]
1235 1345 1357 1394 scripsi
1381 1345 1424 1382 ad
1441 1344 1581 1381 manda-

44 1411 122 1446 tum
148 1409 371 1448 celsitudinis
396 1413 490 1447 tuae.
525 1411 598 1447 Oro
623 1412 668 1446 ut
693 1421 733 1446 ea
757 1411 822 1445 tua
845 1408 1032 1445 clementia
1057 1407 1142 1445 boni
1167 1407 1349 1444 consulere
1374 1405 1474 1443 velit.
1505 1406 1582 1453 Ego

47 1471 127 1508 hinc
148 1472 176 1518 ¹)
202 1472 366 1518 perendie
391 1471 605 1508 Dantiscum
632 1483 739 1518 cogor
764 1470 901 1506 solvere
919 1471 962 1516 ²),
988 1480 1098 1516 quare
1121 1480 1209 1515 rogo
1236 1467 1363 1504 obnixe
1389 1470 1488 1503 tuam
1512 1466 1580 1503 eel-

45 1531 238 1568 situdiuem
264 1535 307 1568 ut
332 1532 473 1568 litteras
498 1544 586 1579 quas
611 1531 697 1567 mihi
722 1534 777 1567 est
801 1531 952 1566 missura
978 1529 1189 1565 Dantiseum
1213 1531 1295 1576 post
1311 1540 1366 1564 me
1384 1539 1448 1575 pro
1465 1527 1582 1573 gratia

46 1604 110 1629 sua
134 1593 281 1641 perferri
313 1592 444 1629 iubeat.
494 1593 654 1629 Litterae
680 1604 768 1639 quas
794 1592 896 1628 hodie
921 1591 962 1626 ab
988 1603 1099 1626 uxore
1125 1602 1200 1626 mea
1225 1590 1341 1637 accepi
1367 1591 1501 1635 cogunt
1525 1600 1581 1623 mc

45 1652 115 1688 iam
151 1653 359 1689 Dantiseum
392 1652 575 1700 proficisci.
625 1652 754 1688 Scribit
791 1651 835 1687 ad
867 1664 922 1687 mc
956 1663 1058 1694 uxor,
1094 1650 1138 1686 ad
1174 1662 1284 1686 meam
1310 1649 1511 1696 Principem
1537 1661 1579 1685 ex

46 1714 140 1751 Aula.
174 1715 332 1751 Caesaris
366 1714 513 1750 allatum
546 1726 631 1758 esse,
670 1713 765 1760 quod
798 1725 859 1749 rex
891 1711 951 1748 ille
984 1712 1151 1760 Ziraphae
1171 1711 1198 1759 3)
1243 1724 1390 1758 regnum
1423 1711 1577 1747 'Phuneti

46 1778 165 1811 totum
199 1788 270 1811 una
303 1788 383 1812 cum
410 1775 559 1811 Goletha
577 1776 620 1822 ¹²),
653 1774 810 1810 Caesaris
836 1773 1046 1816 munitione,
1072 1775 1286 1820 occupasset,
1312 1784 1352 1808 ac
1378 1772 1516 1808 demum
1542 1772 1578 1807 in

47 1835 255 1883 Hispaniam
280 1849 360 1873 cum
387 1837 528 1872 200000
555 1836 657 1883 (siat)
684 1835 864 1870 hominum
892 1833 1088 1870 traiecisset
1115 1836 1151 1869 et
1176 1836 1292 1870 vastet
1310 1833 1435 1876 omnia,
1454 1833 1576 1869 Caesa-

47 1909 192 1945 remque
217 1898 397 1947 Hispanos
423 1910 543 1934 omnes
568 1897 605 1933 in
631 1896 773 1932 Italiam
798 1890 982 1932 remisisse.
1008 1895 1168 1931 Litterae
1181 1895 1329 1942 scriptae
1347 1898 1432 1930 sunt
1449 1895 1580 1932 Eindac

49 1958 93 1993 15
121 1958 231 1994 Iunii.
257 1958 339 1994 Alia
364 1971 434 1994 11011
460 1957 581 2001 habeo,
607 1960 748 1994 tantum
773 1969 828 1993 me
853 1956 986 2004 gratiae
1003 1958 1086 1992 tuae
1103 1955 1321 1993 celsitudinis
1338 1959 1455 1994 totum
1474 1968 1579 2003 quam

45 2017 312 2065 diligentissime
337 2018 552 2056 commendo.
585 2018 669 2054 Nou
695 2018 837 2055 vacavit
861 2017 1027 2064 relegere,
1052 2017 1129 2053 ideo
1148 2017 1305 2064 ignoscet
1322 2017 1494 2054 celsitudo
1516 2021 1578 2054 tua

46 2078 159 2115 sicubi
185 2079 272 2127 quid
298 2083 353 2116 est
377 2082 570 2128 peceatum.
620 2079 836 2127 Raptissime
861 2091 904 2115 ex
929 2078 1041 2126 Regia
1065 2078 1271 2126 Polyphemi
1289 2079 1330 2125 ⁵),
1357 2079 1420 2126 qui
1445 2081 1481 2115 et
1506 2079 1579 2126 ipse

47 2140 191 2178 servitia
216 2153 279 2178 sua
306 2141 500 2178 humillime
525 2140 728 2178 celsitudini
753 2143 837 2177 tuae
862 2139 1081 2176 commendat
1107 2140 1151 2176 11
1176 2139 1263 2175 Iulii
1287 2140 1392 2176 Anno
1419 2141 1522 2177 1549.

424 2203 522 2240 Tuae
547 2202 778 2240 Celsitudinis
804 2201 1071 2239 lllustrissimae
1097 2202 1246 2239 servitor
1271 2201 1529 2239 addictissimus

710 2263 881 2300 lomnes
905 2262 926 2299 a
950 2262 1070 2300 Lisco
1096 2275 1140 2299 m.
1166 2275 1218 2312 pr.

95 2321 156 2371 [In
183 2321 307 2360 dorso:
340 2324 572 2360 Illustrz'ssimo
604 2324 760 2371 Priucz'pi
792 2327 825 2360 et
853 2325 1006 2368 Domino,
1038 2325 1176 2362 Domino
1201 2325 1350 2369 Alberto,
1374 2325 1440 2360 Dei
1458 2325 1575 2372 qratia

52 2384 239 2421 Marchioni
264 2386 585 2434 Brandemburqeasi
609 2389 641 2423 et
664 2388 699 2422 in
721 2387 862 2423 Prussia
879 2387 968 2423 Daci
983 2390 1047 2424 etc.
1063 2388 1201 2423 Domino
1218 2398 1285 2423 meo
1302 2386 1574 2434 clementissima]

92 2497 119 2537 ¹)
142 2496 344 2539 Regiomout.
378 2497 404 2528 Ε
433 2497 569 2530 Polonia
599 2498 748 2530 redierat.
778 2494 807 2532 19.
834 2498 894 2541 Ep.
920 2499 969 2531 56.
1012 2500 1039 2539 ²)
1063 2497 1167 2530 Solvit
1190 2509 1310 2537 revera,
1334 2500 1369 2530 ut
1391 2509 1427 2529 ex
1451 2498 1510 2540 Ep.
1535 2498 1574 2529 56

46 2555 189 2595 apparet.
213 2553 239 2594 ³)
264 2553 314 2586 Cf.
337 2553 508 2585 SLEIDAN.
527 2553 548 2586 l.
572 2554 657 2586 xxi.
681 2565 712 2596 p.
729 2554 819 2588 17112.
844 2555 916 2586 IIoc
939 2557 1074 2595 tempore
1096 2557 1196 2585 motus
1209 2555 1363 2596 fecerunt
1379 2564 1438 2594 per
1460 2553 1574 2594 Aphri-

45 2619 124 2641 cam.
173 2609 252 2640 Nam
277 2609 440 2650 Zeriplclecs
461 2610 599 2652 quidam,
625 2621 644 2641 α
664 2610 783 2651 parvis,
805 2614 840 2642 ut
862 2611 962 2650 aiunt,
986 2610 1088 2642 initiis
1109 2614 1221 2643 auctus
1242 2614 1272 2642 et
1294 2620 1421 2651 refluum
1443 2609 1576 2650 adeptas

45 2663 179 2695 vicinum
203 2675 303 2706 reqem
332 2664 483 2695 Fesanum
495 2665 618 2706 finibus
641 2665 769 2707 eaepalit,
793 2666 848 2708 qui
865 2670 937 2707 post
959 2666 1003 2697 ad
1029 2667 1189 2698 Caesarem
1214 2666 1297 2697 venit
1321 2666 1493 2707 Auynstam

45 2728 131 2759 opem
152 2718 334 2760 implorans,
368 2721 395 2760 ⁴)
421 2720 558 2751 Golctha
581 2724 613 2752 et
635 2721 771 2760 Biserta,
795 2722 826 2753 in
851 2722 973 2753 ditione
997 2723 1140 2760 Tunctis,
1165 2722 1309 2753 Caesaris
1332 2722 1468 2763 imperio
1484 2725 1574 2752 eram

47 2773 203 2806 addictae.
232 2775 259 2815 ⁵)
277 2775 341 2806 Sub
365 2775 556 2816 Polyphemi
582 2776 709 2808 nominc
732 2777 941 2808 Lautcuwald
959 2778 1057 2809 latere
1070 2782 1186 2819 posset,
1204 2779 1258 2819 qui
1273 2778 1574 2819 Region1.}1abitaus

48 2830 81 2859 et
91 2830 159 2870 ipse
176 2833 372 2863 controvers.
386 2831 567 2864 Osi-andrie.
578 2842 647 2864 sese
661 2833 845 2865 immiscuit.
860 2833 909 2866 Cf.
919 2833 1098 2872 AitNOLDT,
1113 2833 1350 2875 Isia-claenyesch.
1360 2845 1388 2866 v.
1398 2834 1450 2866 Pr.
1463 2835 1575 2876 p.414.

1360 3007 1428 3041 40*
