1830 3147
152 104 198 139 56

161 215 302 253 crimen
331 213 540 259 constituit,
569 212 657 250 dum
684 224 761 259 005,
788 212 854 264 qui
881 212 920 251 in
949 212 1064 251 verbo
1090 212 1280 259 laborant,
1308 211 1451 263 duplici
1476 211 1622 250 honore
1640 210 1697 249 di-

160 293 257 330 gnos
286 292 364 317 esse
392 278 514 322 docet,
541 277 636 315 alios
663 290 749 315 vere
776 281 885 315 vocat
915 294 934 312 u
949 277 1193 316 subsidiarias
1216 275 1556 314 ·Gubernationes”
1577 278 1619 325 ⁴).

210 343 356 383 Deinde
392 341 592 394 exponitur
617 341 748 380 talium
780 342 979 381 Saniorum
1007 342 1168 380 officium
1196 355 1239 380 ac
1268 342 1433 392 dignitas
1460 341 1499 380 in
1527 341 1695 380 Ecclesia

161 408 314 447 Christi.
371 408 517 458 Nempe
552 410 698 445 coetum
725 407 878 445 illorum
906 421 987 446 esse
1014 407 1128 445 veluti
1158 408 1335 445 Senatum
1365 406 1554 457 quendam
1580 406 1697 444 totius

159 473 361 519 Ecclesiae,
403 471 504 523 quod
540 471 690 523 quidem
727 472 774 509 ad
814 472 1021 510 custodiam
1051 484 1159 509 verae
1185 471 1381 520 religionis
1408 483 1452 508 ac
1480 470 1701 521 disciplinae

159 537 447 576 Ecclesiasticae
473 536 627 574 attinet:
655 540 698 575 ut
711 536 773 575 'ad
801 536 998 574 Seniorum
1028 539 1176 574 coetum
1204 535 1334 573 referri
1360 548 1503 586 semper
1529 535 1567 572 in
1589 548 1699 572 causa

156 603 294 651 reli-(C
323 597 510 652 61³)gionis
548 604 719 653 oporteat
747 601 886 647 omnia,
922 614 1017 652 quae
1056 614 1120 652 per
1149 601 1250 638 solos
1278 599 1382 638 verbi
1411 599 1604 638 ministros
1633 612 1698 637 cu-

156 668 232 707 rari
269 668 465 707 commode
499 681 577 706 non
614 670 783 718 possunt,
811 688 863 695 -
890 669 926 704 et
952 665 1111 718 proinde
1141 665 1242 712 haec,
1271 678 1366 717 quae
1394 668 1615 716 sequuntur,
1649 664 1697 703 ad

155 734 322 786 ipsorum
350 732 510 771 officium
537 732 723 783 imprimis
751 731 956 782 pertinere:

208 802 243 839 1.
280 803 322 837 ut
359 811 432 837 una
470 811 554 836 cum
591 797 695 836 verbi
740 795 927 834 Ministris
964 808 1091 833 curam
1136 808 1179 832 ac
1217 762 1511 833 sollicitudinem
1548 807 1695 833 omnem

156 864 320 903 habeant
355 863 472 901 totius
509 862 699 900 Ecclesiae
734 862 775 899 in
809 861 888 899 eius
923 859 1211 910 gubernatione,
1239 859 1341 911 quod
1368 859 1415 896 ad
1444 871 1550 896 verae
1576 859 1697 910 potis-

155 930 289 967 simum
331 927 524 978 religionis
564 940 691 964 curam
726 938 769 963 ac
797 925 1004 964 custodiam
1034 924 1166 962 attinet
1194 925 1299 962 iuxta
1327 922 1482 961 verbum
1510 922 1591 969 Dei,
1619 926 1698 961 tam

153 994 193 1032 in
223 992 418 1032 retinenda
446 991 639 1030 doctrinae
665 991 827 1043 puritate
854 1003 898 1028 ac
927 1002 1125 1034 consensu,
1153 1003 1266 1041 quam
1292 989 1333 1027 in
1361 986 1532 1038 legitimo
1561 988 1695 1027 Sacra-

153 1063 365 1097 mentorum
393 1062 430 1095 et
457 1056 679 1107 disciplinae
707 1054 995 1092 Ecclesiasticae
1021 1067 1092 1092 usu
1120 1053 1370 1092 observando.

206 1127 241 1162 2.
279 1126 341 1168 ut,
383 1121 697 1173 quemadmodum
733 1133 808 1158 una
846 1132 930 1157 cum
968 1119 1071 1156 verbi
1113 1118 1296 1157 ministris
1343 1132 1470 1158 curam
1507 1119 1697 1158 sustinent

153 1189 270 1228 totius
287 1188 489 1233 Ecclesiae,
516 1186 568 1225 ita
592 1185 815 1223 vicissim—
830 1198 913 1223 eum
929 1185 1006 1223 sint
1027 1185 1185 1223 Senatus
1205 1184 1285 1223 vice
1301 1184 1341 1222 in
1363 1185 1443 1237 ipsa
1464 1185 1696 1224 Ecclesia—

155 1255 292 1293 debent
328 1253 439 1292 etiam
469 1252 572 1291 verbi
600 1252 794 1289 ministros
822 1255 858 1289 et
885 1264 1015 1288 omnes
1043 1250 1151 1296 alios,
1178 1250 1244 1301 qui
1271 1250 1424 1301 publico
1454 1251 1581 1303 aliquo
1609 1265 1694 1289 mu-

152 1336 240 1361 nere
267 1323 306 1360 in
333 1320 504 1359 Ecclesia
531 1321 755 1370 funguntur,
791 1318 990 1369 diligenter
1025 1318 1224 1356 observare
1260 1317 1377 1356 totius
1405 1318 1598 1356 Ecclesiae
1624 1331 1694 1356 no-

152 1390 253 1427 mine
279 1388 319 1426 in
349 1387 521 1425 doctrina
550 1386 626 1423 vita
654 1399 697 1422 ac
718 1384 1001 1422 conversatione
1020 1384 1199 1435 ipsorum,
1228 1386 1275 1430 et,
1305 1384 1336 1421 si
1358 1384 1508 1435 quando
1529 1397 1587 1421 res
1606 1397 1695 1435 pos-

157 1454 263 1499 tulet,
291 1452 490 1491 admonere
518 1451 603 1489 illos
632 1451 742 1489 etiam
772 1450 939 1502 adeoque
967 1454 1002 1488 et
1029 1449 1298 1502 reprehendere
1318 1448 1491 1501 privatim
1514 1462 1557 1487 ac
1569 1449 1695 1500 publi-

157 1533 209 1565 ce,
247 1518 405 1570 denique
439 1521 474 1556 et
511 1516 722 1555 ministerio
750 1517 918 1568 ipsorum
948 1516 1034 1553 illos
1064 1528 1147 1553 cum
1176 1528 1330 1553 assensu
1360 1514 1552 1552 Ecclesiae
1580 1514 1693 1553 desti-

153 1588 267 1630 tuere,
296 1583 326 1620 si
345 1596 411 1634 per
431 1582 707 1620 admonitiones
728 1594 771 1618 ac
790 1580 1098 1632 reprehensiones
1117 1579 1415 1623 Ecclesiasticas‚
1436 1579 1540 1617 iuxta
1557 1579 1695 1629 gradus

154 1648 304 1686 illarum
332 1646 581 1698 praescriptos
610 1646 770 1689 habitas,
797 1645 925 1683 reduci
952 1645 997 1683 ad
1027 1644 1302 1696 resipiscen-(C
1331 1644 1497 1692 7³)tiam-
1510 1644 1644 1682 nolint.

208 1716 242 1751 3.
288 1718 330 1750 ut
375 1712 582 1749 simultates
621 1711 774 1748 dissidia
820 1716 857 1748 et
902 1710 1178 1748 controversias
1213 1722 1364 1755 omnes,
1401 1709 1432 1746 si
1468 1722 1564 1760 quae
1600 1709 1696 1747 forte

154 1777 325 1816 incidant
359 1777 398 1814 in
437 1776 615 1823 Ecclesia,
652 1776 771 1814 amice
808 1789 852 1814 ex
889 1775 1002 1814 verbo
1040 1775 1112 1813 Dei
1151 1774 1289 1825 (quoad
1329 1774 1408 1812 eius
1444 1774 1525 1811 fieri
1553 1776 1694 1826 potest)

156 1845 396 1894 componant,
451 1841 614 1891 dentque
651 1840 779 1878 sedulo
828 1852 978 1877 omnem
1014 1851 1163 1890 operam
1198 1851 1263 1889 per
1308 1838 1447 1875 amicas
1483 1837 1700 1875 istiusmodi

159 1906 460 1958 compositiones,
496 1908 536 1943 ut
573 1909 636 1943 aut
674 1905 767 1942 nulli
796 1910 859 1943 aut
885 1903 995 1960 pauci
1022 1917 1066 1941 ex
1094 1903 1263 1940 Ecclesia
1292 1902 1338 1939 ad
1367 1903 1532 1940 forensia
1559 1902 1698 1940 iudicia

157 1972 435 2023 tribunaliaque
462 1977 677 2017 recurrant,
708 1971 809 2022 quod
836 1963 1005 2021 equidem
1037 1969 1116 2007 sine
1144 1981 1280 2017 magna
1309 1967 1500 2005 Ecclesiae
1528 1967 1697 2018 indigni-

157 2043 245 2085 tate,
274 2037 589 2090 quemadmodum
618 2036 756 2074 Paulus
784 2035 893 2073 docet
908 2036 952 2082 2),
982 2034 1063 2072 fieri
1090 2047 1168 2072 non
1196 2036 1333 2084 potest.
1389 2032 1570 2077 Breviter,
1597 2032 1697 2070 idem

157 2109 213 2143 est
240 2105 350 2156 plane
376 2103 534 2140 istorum
564 2102 762 2140 Seniorum
791 2104 826 2139 et
856 2100 960 2138 verbi
992 2099 1255 2137 Ministrorum
1284 2098 1455 2144 officium,
1494 2098 1568 2135 nisi
1596 2098 1695 2149 quod

159 2169 233 2208 sibi
260 2182 337 2206 non
366 2171 518 2205 sumunt
546 2166 650 2204 verbi
677 2179 720 2204 ac
750 2167 1076 2203 Sacramentorum
1105 2163 1370 2202 ministerium.
1407 2162 1600 2200 Nimirum
1629 2162 1699 2200 ho-

163 2249 244 2273 rum
283 2234 427 2272 functio
464 2246 577 2284 penes
615 2232 718 2269 verbi
763 2231 961 2269 Ministros
989 2231 1036 2268 ad
1073 2234 1264 2268 externam
1293 2229 1482 2280 quandam
1510 2228 1702 2266 Ecclesiae

161 2298 473 2348 gubernationem
519 2296 637 2346 magis
673 2295 950 2347 quodammodo
990 2298 1156 2346 spectare
1195 2294 1353 2339 videtur,
1389 2299 1549 2345 suntque
1585 2294 1700 2332 veluti

167 2363 339 2401 custodes
367 2363 518 2413 quidam
548 2376 621 2400 una
652 2374 735 2398 cum
759 2361 862 2399 verbi
893 2361 1082 2398 Ministris
1109 2360 1224 2398 totius
1253 2359 1454 2403 Ecclesiae,
1482 2372 1526 2396 ac
1554 2372 1701 2396 rursum

164 2430 281 2469 veluti
304 2443 344 2467 os
374 2442 415 2466 ac
445 2441 574 2466 manus
603 2427 718 2465 totius
741 2426 930 2464 Ecclesiae
959 2425 1056 2476 apud
1088 2424 1188 2463 verbi
1220 2424 1418 2462 Ministros
1446 2427 1481 2461 et
1508 2423 1601 2461 alios
1621 2437 1700 2460 om-

164 2508 242 2539 nes,
270 2494 333 2545 qui
359 2493 511 2544 publico
540 2504 763 2543 quocunque
793 2504 942 2528 munere
971 2492 1191 2540 funguntur.

216 2559 343 2597 Tettio
382 2558 592 2608 exponit-m,
631 2557 846 2608 qualesnam
883 2555 1120 2606 potissimum
1162 2554 1230 2591 viri
1270 2553 1317 2591 ad
1355 2553 1427 2590 hoc
1453 2553 1704 2591 ministerium

170 2625 298 2677 qui-ieii
325 2628 360 2661 et
387 2622 475 2671 eligi
505 2622 685 2659 debeant:
721 2621 899 2659 nimirum
926 2620 1033 2665 tales,
1061 2621 1189 2671 quales
1216 2623 1253 2657 et
1278 2618 1325 2656 ad
1351 2618 1474 2669 ipsum
1501 2618 1605 2656 verbi
1631 2618 1704 2656 mi-

168 2688 385 2731 nisterium,
425 2690 489 2724 aut
525 2686 588 2737 qui
626 2690 722 2724 certe
750 2698 863 2737 quam
889 2684 1060 2736 proxime
1089 2685 1198 2722 donis
1226 2673 1301 2721 suis
1330 2696 1351 2719 a
1379 2682 1507 2720 Domi·
1497 2684 1563 2731 -(C
1593 2683 1706 2730 7¹³)no

170 2754 316 2793 collatis
351 2753 398 2790 ad
426 2751 529 2789 verbi
559 2750 756 2789 Ministros
783 2751 976 2795 accedunt,
1012 2753 1063 2796 ut,
1093 2750 1124 2787 si
1151 2749 1226 2786 illis
1255 2747 1464 2786 eruditione
1491 2761 1596 2800 pares
1624 2762 1700 2788 non

208 2898 232 2939 ¹)
258 2897 274 2928 1
299 2894 402 2930 Timo,
429 2894 456 2926 5.
502 2893 515 2930 1
543 2892 615 2926 Cor.
640 2892 690 2927 12,
943 2891 971 2933 ²)
998 2891 1013 2921 1
1038 2890 1110 2923 Cor.
1135 2891 1163 2924 6.
