1830 3147
207 169 280 204 224

204 290 357 328 prorsus
392 280 546 315 naturae
582 279 733 314 nostrae
772 275 940 314 omnium
981 276 1240 327 corruptelam,
1269 276 1344 315 nisi
1370 290 1435 328 per
1461 277 1666 327 legitimam
1693 290 1737 316 ac

207 343 339 380 seriam
375 341 597 393 disciplinae
633 341 729 379 inter
768 340 967 378 Ministros
994 340 1232 391 potissimum
1277 341 1379 392 ipsos
1423 341 1737 388 observationem,

208 421 304 459 quae
338 407 379 444 in
408 407 479 444 hoe
508 410 564 444 est
590 406 732 457 alioqui
758 406 932 457 inprimis
960 405 1146 450 instituta,
1176 410 1215 444 ut
1242 407 1282 444 in
1311 419 1376 444 suo
1406 420 1590 458 quemque
1617 409 1735 445 officio

205 471 405 518 contineat,
424 482 474 500 —4
496 484 596 517 sane,
623 470 935 521 quemadmodum
965 470 1141 507 tenebrae
1170 470 1303 521 depelli
1326 484 1399 508 non
1421 476 1579 522 possunt
1598 485 1738 518 revera,

204 535 277 573 nisi
302 535 385 573 luce
412 535 558 586 prolata
586 548 680 585 quae
705 535 841 580 luceat,
876 535 938 580 ita,
971 547 1053 571 cum
1081 534 1146 572 lux
1177 534 1437 573 Ministrorum
1464 536 1587 574 lucere
1615 536 1735 574 haud-

201 612 388 650 quaquam
419 613 503 637 vere
530 599 649 650 possit
677 599 716 636 in
747 598 930 642 Ecclesia,
956 598 1031 636 nisi
1057 596 1250 648 legitimus
1279 600 1501 651 disciplinae
1528 614 1616 639 usus
1639 601 1738 639 inter

200 664 302 713 ipsos
330 663 561 708 observetur,
589 663 743 700 minime
770 663 969 700 obscurum
998 667 1066 709 est,
1093 664 1302 713 qualisnam
1333 665 1380 703 sit
1408 665 1519 703 nobis
1535 670 1736 716 expectan-

202 728 248 766 da
275 729 470 778 religionis
498 732 609 779 atque
637 727 829 765 Ecclesiae
856 727 1060 773 restitutio,
1088 727 1119 765 si
1147 729 1247 766 nulla
1277 728 1467 778 legitimae
1493 729 1591 767 inter
1621 730 1737 768 Mini-

203 797 300 831 stros
327 793 430 844 ipsos
461 792 681 843 disciplinae
708 791 802 829 ratio
832 792 992 830 ineatur.
1032 792 1135 830 Quid
1164 793 1264 830 enim
1292 792 1396 831 aliud
1423 795 1595 839 efficiant,
1622 796 1734 842 (506)

203 857 267 907 qui
316 870 394 895 non
439 857 612 894 restituta
648 856 782 893 lumini
818 869 884 893 sua
922 857 1014 902 luce,
1055 856 1119 894 sed
1156 857 1308 894 obscuri
1345 858 1537 896 cuiusdam
1574 858 1739 908 elychnii

205 921 414 972 splendore,
452 920 566 959 veluti
601 921 696 958 lucis
724 921 857 958 umbra
885 921 1060 971 quadam,
1088 921 1272 959 tenebras—
1291 921 1489 972 plusquam
1518 922 1737 960 Cimmerias

205 986 399 1038 dispellere
426 989 584 1032 tentent,
611 999 723 1036 quam
751 990 791 1023 ut
819 999 877 1023 res
905 986 945 1023 in
973 986 1137 1024 tenebris
1164 987 1327 1024 iacentes
1366 988 1507 1024 maiore
1544 987 1655 1025 etiam
1691 987 1739 1024 il-

203 1051 324 1088 larum
361 1050 528 1101 periculo
567 1054 827 1087 commoveant
869 1049 1065 1095 duntaxat,
1101 1051 1310 1101 relapsuras
1339 1051 1454 1102 aliqui
1491 1051 1613 1089 denuo
1648 1065 1736 1089 mox

206 1116 252 1153 ad
280 1116 428 1154 easdem
469 1119 532 1153 aut
560 1115 672 1153 etiam
700 1115 890 1164 graviores
919 1116 1106 1160 tenebras,
1133 1121 1375 1167 posteaquam
1403 1117 1617 1167 elychnium
1644 1117 1738 1154 illud

207 1195 272 1219 sua
313 1181 565 1232 qualicunque
601 1180 734 1217 umbra
768 1180 876 1224 lucis,
913 1194 1007 1231 quae
1045 1194 1133 1218 sane
1161 1181 1340 1219 diuturna
1377 1195 1455 1219 esse
1492 1195 1567 1219 non
1604 1186 1741 1233 potest,

207 1247 458 1285 destituetur?
512 1247 572 1284 Ita
601 1246 771 1284 videlicet
800 1246 901 1284 aliud
931 1247 1042 1284 nobis
1071 1247 1343 1298 expectandum
1374 1261 1450 1285 non
1478 1248 1560 1294 erit,
1587 1248 1659 1285 nisi
1685 1249 1739 1286 le-

205 1312 360 1362 gitimus
396 1311 616 1361 disciplinae
652 1324 743 1348 usus
778 1310 875 1348 inter
916 1310 1112 1348 Ministros
1140 1310 1242 1361 ipsos
1271 1311 1500 1357 observetur,
1538 1326 1649 1362 quam
1677 1317 1740 1350 aut

207 1380 247 1413 ut
284 1375 330 1412 ad
367 1375 583 1425 Papismum
619 1375 832 1412 relabamur
859 1388 1021 1420 rursum,
1049 1375 1116 1412 ubi
1145 1375 1296 1426 direptis
1327 1375 1434 1413 bonis
1465 1376 1740 1414 Ecclesiasticis

208 1454 318 1478 causa
345 1440 425 1491 ipsa
452 1440 647 1489 religionis
675 1440 713 1477 in
744 1440 872 1477 odium
899 1444 1012 1490 atque
1039 1440 1217 1477 invidiam
1262 1445 1412 1491 propter
1442 1440 1635 1479 doctrinae
1664 1442 1739 1479 dis-

209 1505 302 1543 sidia
333 1504 541 1547 vocabitur,
570 1508 634 1541 aut
662 1517 738 1541 non
764 1508 843 1542 tam
864 1504 1036 1554 equidem
1057 1504 1256 1550 sublatam,
1276 1518 1384 1555 quam
1409 1509 1588 1543 mutatam
1602 1506 1744 1557 potius,

211 1585 256 1610 ne
294 1572 415 1609 dicam
455 1570 769 1621 conduplicatam,
796 1569 917 1620 Papae
942 1569 1179 1618 tyrannidem
1223 1569 1388 1607 habituri
1425 1583 1564 1609 sumus.
1603 1572 1742 1621 ,Atque

211 1651 299 1675 sane
326 1636 505 1688 postremi
533 1636 642 1673 huius
669 1635 760 1673 mali
787 1635 895 1672 initia
924 1635 1104 1685 quaedam
1134 1634 1421 1685 haudquaquam
1443 1635 1602 1673 obscura
1621 1636 1742 1674 anim-

211 1704 401 1741 advertere
433 1702 508 1738 iam
535 1687 655 1738 licet.‘
692 1700 790 1737 Nam
818 1704 854 1737 et
883 1699 1073 1737 doctrinae
1100 1701 1284 1750 professio
1320 1700 1367 1737 ad
1407 1702 1516 1738 unius
1545 1701 1741 1739 alteriusve

213 1767 377 1804 hominis
414 1766 665 1807 autoritatem.
700 1764 854 1815 perinde
891 1769 1000 1814 atque
1039 1764 1083 1800 ad
1119 1764 1258 1814 Papam
1293 1764 1429 1815 ipsum,
1464 1765 1631 1802 revocari
1668 1766 1741 1803 iam

209 1831 261 1868 ita
300 1830 432 1881 coepit,
468 1830 647 1878 neglectis
683 1829 860 1877 legitimis
890 1828 1065 1865 omnibus
1096 1829 1300 1866 catholicae
1328 1829 1517 1866 Ecclesiae
1544 1831 1654 1877 (507)
1683 1830 1741 1866 iu-

217 1895 337 1938 diciis,
375 1899 414 1932 ut
450 1895 644 1932 haereseos
682 1893 919 1938 damnentur,
961 1893 1173 1943 quicunque
1208 1893 1356 1942 magnis
1401 1893 1451 1941 (si
1487 1893 1566 1931 Deo
1604 1894 1742 1945 placet)

213 1960 410 2011 Prophetis
437 1959 525 2006 illis,
552 1973 571 1996 a
601 1959 737 2010 quibus
766 1958 855 1996 solis
885 1958 1081 1995 dissentire
1110 1971 1185 1995 non
1214 1958 1335 2003 liceat,
1353 1958 1588 1995 subscribere
1608 1959 1742 2000 nolint.

214 2025 263 2063 Et
304 2025 514 2062 universam
552 2033 738 2074 praeterea
777 2022 966 2059 Ecclesiae
1001 2022 1192 2072 totiusque
1228 2021 1320 2059 adeo
1350 2022 1471 2059 cultus
1509 2022 1638 2060 Divini
1671 2036 1742 2072 gu-

215 2090 472 2127 bernationem
500 2087 665 2139 pertrahi
693 2087 738 2124 ad
767 2100 830 2124 eos
859 2086 1040 2131 videmus,
1068 2087 1144 2137 qui,
1172 2086 1216 2124 ad
1245 2086 1363 2135 gladii
1379 2086 1560 2141 duntaxat
1578 2087 1745 2125 ministe-

215 2155 312 2192 rium
340 2154 379 2192 in
406 2153 576 2190 Ecclesia
605 2152 729 2189 divina
760 2151 997 2189 ordinatione
1026 2152 1161 2194 vocati,
1190 2152 1447 2202 Apostolicam
1466 2141 1612 2203 qufffl‘ue
1634 2153 1742 2190 func-

213 2219 354 2257 tionem
390 2218 462 2255 sibi
496 2218 535 2254 in
571 2216 869 2267 praescribendis
898 2217 1018 2254 cultus
1048 2216 1165 2253 divini
1192 2216 1327 2253 ritibus
1356 2229 1530 2265 arrogare
1558 2217 1743 2256 videntur.

214 2283 283 2320 Est
320 2296 406 2320 sane
446 2281 690 2330 Magistratus
725 2281 765 2318 in
802 2280 943 2318 Christi
979 2281 1146 2317 Ecclesia
1186 2285 1312 2317 custos
1349 2294 1392 2317 ex
1430 2280 1555 2318 divina
1592 2281 1744 2319 ordina-

213 2348 328 2392 tione,
355 2361 429 2384 non
459 2346 570 2384 modo
599 2345 884 2396 tranquillitatis
911 2345 1095 2396 publicae,
1125 2345 1186 2382 sed
1216 2350 1251 2382 et
1277 2345 1425 2396 pietatis
1454 2346 1577 2390 etiam,
1605 2353 1638 2382 et
1661 2358 1743 2396 per-

216 2412 302 2449 inde
331 2413 452 2449 cultus
480 2424 626 2462 quoque
655 2409 785 2456 divini,
811 2410 851 2447 in
880 2423 952 2460 quo
982 2423 1116 2458 magna
1145 2409 1294 2460 pietatis
1321 2423 1407 2460 pars
1436 2410 1621 2447 consistit.
1651 2410 1743 2447 Cae·

215 2482 333 2514 terum
363 2481 487 2515 custos
515 2481 569 2514 est
598 2475 794 2520 duntaxat,
821 2488 895 2512 non
927 2474 1114 2517 dominus,
1141 2479 1177 2512 et
1204 2475 1470 2525 praescriptam
1490 2474 1600 2511 habet
1620 2478 1744 2511 custo-

217 2542 298 2578 diae
335 2541 443 2578 huius
480 2554 565 2579 suae
602 2540 848 2585 functionem,
875 2539 1051 2577 nimirum
1081 2553 1158 2578 non
1188 2545 1225 2577 ut
1253 2540 1330 2590 ipse
1357 2553 1422 2590 pro
1452 2552 1518 2576 suo
1547 2552 1745 2577 suorumve

216 2606 372 2646 arbitrio
401 2607 501 2656 leges
517 2607 666 2644 >situum
696 2606 735 2643 in
764 2605 867 2642 cultu.
894 2604 964 2641 Dei
990 2605 1232 2655 praescribat,
1260 2605 1322 2641 sed
1344 2609 1383 2641 ut
1402 2605 1515 2652 legem
1543 2603 1624 2647 Dei,
1643 2604 1744 2654 quod

217 2672 262 2710 ad
300 2671 428 2708 divina
456 2671 693 2721 potissimum
720 2670 865 2714 attinet,
894 2682 913 2706 a
950 2669 1205 2707 sacerdotibus
1234 2673 1281 2714 et,
1309 2668 1373 2729 qui
1402 2667 1633 2705 sacerdotum
1661 2668 1745 2705 loco

217 2737 255 2774 in
293 2735 434 2774 Christi
463 2735 629 2772 Ecclesia
658 2735 853 2779 habentur,
878 2734 1043 2784 requirat
1070 2748 1112 2771 ac
1142 2738 1328 2784 sequatur,
1366 2737 1412 2778 et,
1441 2745 1533 2782 quae
1560 2733 1616 2770 illi
1642 2733 1744 2770 iuxta

217 2801 337 2849 legem
374 2798 442 2836 Dei
478 2798 567 2846 (hoc
603 2804 657 2836 est
695 2798 798 2836 verbi
833 2798 965 2835 Divini
992 2798 1280 2848 praescriptum)
1309 2797 1541 2834 observanda
1569 2810 1649 2834 esse
1678 2796 1745 2833 do-

219 2870 314 2911 cent,
342 2877 383 2901 ea
411 2866 452 2901 ut
479 2863 584 2900 iuxta
613 2862 790 2900 traditum
813 2862 884 2900 sibi
902 2861 1031 2911 gladii,
1053 2875 1129 2899 non
1150 2862 1395 2913 dominatum,
1416 2860 1477 2898 sed
1497 2860 1746 2898 ministerium

216 2941 283 2982 pro
314 2927 503 2966 custodiae
531 2940 617 2964 suae
645 2927 765 2965 oflicio
793 2926 983 2964 observari
1013 2930 1128 2964 curet.
1185 2926 1231 2963 ln
1261 2925 1435 2963 omnibus
1464 2924 1627 2972 interim,
1654 2937 1747 2976 quae
