1830 3147
851 91 918 126 581
1383 88 1446 136 [A.
1472 87 1517 124 D.
1543 87 1655 134 1544]

110 202 144 240 N
156 210 174 240 ·.
201 203 259 239 21.
942 202 1025 248 [rim.
1040 204 1118 236 mem.
1132 203 1166 236 ci.
1181 202 1215 236 n.
1231 211 1258 242 p.
1272 201 1326 233 132.
1348 202 1364 232 a
1374 201 1472 234 πὼς.
1485 195 1653 243 a.11b.52:3.]

663 322 721 359 Ad
748 322 1104 358 HARDENBERGmM.

153 444 280 481 Ordiar
315 455 408 479 nune
441 442 485 479 ad
511 444 548 479 te
573 443 616 479 ab
644 455 697 487 eo,
724 443 770 479 mi
797 442 964 480 Alberte!
991 442 1088 489 quod
1113 454 1226 490 nuper
1251 441 1333 478 mihi
1357 452 1422 488 per
1447 439 1647 488 impruden-

104 506 190 542 tiam
226 503 389 551 contigit.
439 503 622 539 Annulum
657 516 762 550 quem
789 517 843 540 me
868 503 935 540 tibi
960 516 1022 551 per
1048 502 1245 539 Gabrielem
1273 501 1407 538 misisse
1431 500 1650 548 scripseram,

108 565 201 601 hunc
228 563 277 600 illi
305 563 508 611 imprudens
534 577 605 600 non
633 564 724 600 dedi.
763 564 868 600 Eram
895 564 988 600 enim
1013 563 1175 611 plurimis
1201 565 1392 610 occupatus
1417 565 1454 598 et
1478 561 1538 598 ille
1561 574 1649 597 non-

106 626 191 662 dum
217 625 329 661 literis
355 626 508 673 acceptis
535 625 751 672 Groningam
782 625 926 661 abierat.
953 625 1010 661 Sic
1035 637 1100 671 ego
1118 623 1240 660 literas
1257 627 1379 671 postea
1396 623 1439 659 ad
1457 623 1568 666 illum,
1586 622 1648 659 sed

106 687 182 723 sine
206 686 339 723 annulo
365 686 556 722 transmisi.
594 686 703 722 Dabis
730 687 850 733 itaque
877 686 1027 729 veniam,
1052 685 1151 721 dabit
1177 688 1212 721 et
1237 684 1307 728 ille,
1335 685 1372 720 in
1397 697 1502 731 quem
1527 684 1648 732 magiS,

105 760 211 795 quam
245 748 281 784 in
316 751 353 784 te
387 748 540 796 peccavi.
590 748 695 784 Nunc
728 761 806 784 eum
833 748 947 795 ipsum
973 747 1143 783 annulum
1169 759 1229 794 per
1255 746 1427 782 Ioannem
1453 746 1598 782 fratrem
1619 747 1646 792 ¹)

105 809 394 846 Francofordiam
421 809 539 852 mitto,
565 812 608 844 ut
633 808 730 844 illinc
757 808 800 845 ad
827 813 863 845 te
887 821 948 856 per
966 808 1145 856 Rigelium
1164 807 1420 855 typographum
1439 807 1646 855 perferatur.

154 872 243 908 Post
268 871 403 907 abitum
430 870 614 914 Gabrielis,
640 883 767 906 novam
793 870 848 906 hic
875 870 959 906 mihi
985 869 1199 917 tragaediam
1225 870 1350 906 Comes
1377 869 1528 906 loannes
1553 869 1646 905 exci-

110 935 188 969 tare
219 931 346 975 voluit,
381 931 423 968 ab
458 932 501 967 iis
536 931 733 968 hauddubie
768 931 972 979 instigatus,
1007 931 1070 978 qui
1096 943 1206 966 meam
1231 930 1286 967 hic
1311 930 1349 967 in
1374 931 1471 967 vitiis
1497 930 1570 966 suis
1596 943 1649 966 re-

106 992 360 1042 prehendendis
395 992 595 1029 libertatem
632 993 823 1040 aegerrime
856 993 987 1028 ferunt.
1037 992 1188 1028 Miserat
1220 992 1288 1028 huc
1322 992 1513 1029 Doctorem
1544 991 1648 1028 illum

104 1055 272 1098 Ennium,
300 1057 340 1090 ut
366 1055 395 1090 is
421 1067 500 1090 cum
528 1054 690 1102 Principe
716 1058 838 1090 nostra
862 1055 1019 1101 Reginae
1037 1055 1066 1100 ‘-')
1093 1054 1257 1090 mandato
1282 1057 1402 1100 ageret
1428 1053 1470 1090 de
1496 1066 1549 1090 me
1566 1054 1647 1090 hine

104 1114 341 1163 propellendo,
375 1118 560 1162 propterea
594 1115 690 1162 quod
715 1115 808 1163 apud
834 1115 1007 1162 Reginam
1033 1115 1178 1163 periurii
1203 1117 1239 1151 et
1264 1115 1504 1151 turbulentiae
1528 1115 1647 1151 nescio

103 1175 206 1212 euius
231 1179 418 1212 accusatus
445 1188 567 1211 essem.

150 1236 227 1283 Ego
260 1249 322 1283 per
355 1237 556 1284 Principem
584 1238 613 1283 ³)
649 1238 797 1272 vocatus
837 1234 976 1284 publice
1002 1235 1055 1272 illi
1081 1238 1118 1272 et
1143 1235 1304 1272 omnibus
1330 1235 1510 1272 ordinibus
1537 1247 1648 1272 meam

101 1297 338 1334 innocentiam
372 1297 575 1345 approbavi,
610 1297 660 1333 sie
685 1301 727 1332 ut
754 1297 820 1333 sibi
846 1296 1069 1333 satisfactum
1095 1300 1326 1333 testarentur.
1376 1296 1646 1344 Responditque

104 1357 273 1405 Princeps
300 1358 432 1393 Comiti
458 1358 597 1401 Ioanni,
636 1370 672 1393 se
698 1370 768 1393 non
794 1370 896 1405 posse
922 1370 977 1394 me
1002 1369 1119 1394 carere
1144 1360 1181 1394 et
1205 1370 1225 1393 a
1251 1370 1304 1394 me
1329 1358 1435 1394 etiam
1460 1358 1576 1405 petiit,
1602 1370 1647 1395 ne

101 1417 303 1454 istiusmodi
327 1418 510 1454 calumniis
536 1431 695 1455 moverer
719 1422 828 1466 atque
853 1419 946 1467 apud
972 1432 1009 1455 se
1036 1419 1262 1456 nihilominus
1290 1432 1474 1455 manerem.
1513 1418 1581 1455 Cui
1606 1424 1643 1456 et

103 1479 259 1526 promisi.
310 1479 377 1516 Sed
412 1483 509 1516 certo
544 1481 616 1516 scio
651 1481 749 1517 fucos
785 1483 928 1517 nostros
964 1493 1036 1517 non
1061 1481 1158 1528 prius
1184 1481 1451 1528 eonquieturos,
1478 1493 1583 1528 quam
1608 1480 1644 1517 id

62 1550 66 1553 *
105 1540 267 1583 efficiant,
301 1544 343 1576 ut
370 1540 449 1577 hinc
476 1540 662 1588 propellar.
710 1541 788 1588 Ego
815 1554 899 1578 vero
927 1541 1027 1578 facile
1052 1541 1088 1577 id
1113 1541 1226 1589 patiar
1252 1545 1298 1586 et,
1326 1542 1356 1578 si
1381 1542 1568 1590 propellar,
1594 1542 1643 1579 fa-

102 1602 190 1638 ciam
216 1601 507 1648 quemadmodum
535 1602 578 1638 ad
603 1607 640 1638 te
664 1603 833 1649 proximis
859 1602 972 1639 literis
1001 1602 1087 1638 meis
1112 1603 1248 1651 scripsi.

152 1662 197 1698 In
229 1666 350 1699 vetere
382 1665 446 1699 tuo
481 1663 592 1699 amico
618 1665 648 1710 4)
686 1676 756 1699 non
790 1664 862 1700 scio
888 1676 932 1700 an
958 1663 1044 1710 quid
1070 1664 1321 1712 reprehendere
1347 1665 1473 1701 merito
1499 1665 1641 1712 possim,

102 1723 198 1770 quod
223 1724 427 1771 praesertim
453 1723 496 1760 ad
523 1723 619 1760 illius
644 1724 904 1761 cunctationem
931 1725 1074 1768 attinet,
1101 1738 1172 1772 quo
1200 1725 1315 1761 minus
1341 1738 1376 1762 se
1402 1726 1572 1763 hacteuus
1597 1726 1641 1763 ad

101 1796 166 1820 nos
200 1783 406 1820 contulerit.
457 1784 605 1832 Scripsit
638 1784 682 1820 ad
717 1797 771 1821 me
804 1785 988 1833 epistolam
1015 1785 1270 1821 excusatoriam
1298 1789 1334 1822 et
1361 1789 1423 1822 tua
1448 1799 1559 1834 acque
1585 1790 1639 1823 at-

101 1856 171 1891 que
204 1857 268 1880 sua
293 1844 396 1892 culpa
421 1845 457 1880 id
484 1845 615 1880 factum
642 1857 717 1881 esse
742 1846 806 1891 ait,
831 1845 926 1892 quod
952 1845 1047 1881 varie
1073 1858 1208 1894 semper
1234 1846 1277 1882 ad
1303 1859 1383 1882 euni
1408 1860 1513 1895 super
1539 1861 1578 1884 ca
1604 1861 1642 1885 re

102 1905 315 1952 scripsisses.‚
351 1909 387 1941 et
412 1905 479 1941 iam
506 1906 675 1942 suasisses
701 1908 743 1942 ut
768 1906 810 1941 ad
837 1919 902 1942 vos
929 1905 1076 1950 veniret,
1103 1906 1169 1942 iam
1197 1919 1281 1942 vero
1306 1907 1506 1943 libertatem
1532 1909 1563 1944 ei
1590 1908 1639 1944 fa-

99 1965 212 2002 ciendi
246 1966 341 2012 quod
376 1966 484 2002 vellet
518 1967 748 2015 permisisses,
784 1980 1036 2014 nonnunquam
1071 1968 1241 2004 suasisses
1276 1969 1393 2011 etiam,
1428 1974 1470 2005 ut
1504 1969 1540 2005 in
1575 1982 1640 2006 suo

100 2028 179 2065 loco
214 2031 371 2064 maneret
406 2028 516 2064 donec
551 2032 770 2066 evocaretur.
810 2029 973 2072 Addidit,
997 2031 1034 2065 te
1059 2029 1256 2077 pollicitum
1284 2033 1325 2065 ut
1350 2029 1393 2065 ad
1420 2042 1499 2066 eum
1526 2035 1639 2067 trans-

102 2090 261 2127 mitteres
296 2102 386 2137 quae
420 2089 462 2125 ad
497 2090 709 2137 probandam
744 2090 1051 2139 improbandamve
1076 2091 1219 2126 illorum
1247 2091 1450 2138 religionem
1477 2105 1520 2129 ex
1546 2093 1638 2129 Doc-

101 2153 219 2187 torum
254 2150 443 2198 colloquiis
477 2150 691 2187 collecturus
725 2164 812 2195 eras,
848 2156 888 2187 ut
915 2164 954 2187 ea
980 2151 1170 2188 maioribus
1196 2152 1270 2188 suis
1296 2152 1514 2189 ostenderet:
1542 2153 1577 2189 id
1602 2167 1640 2190 se

101 2214 304 2259 expectasse
337 2214 373 2248 et
407 2223 588 2258 nunquam
623 2212 808 2259 accepisse.
857 2212 955 2248 Haec
990 2212 1021 2248 si
1060 2225 1140 2248 vera
1166 2215 1262 2255 sunt,
1295 2216 1396 2248 extra
1421 2212 1558 2261 culpam
1585 2218 1641 2250 est

99 2273 272 2320 profecto,
297 2271 392 2318 quod
419 2275 491 2307 tam
517 2271 578 2307 diu
604 2271 681 2308 loeo
706 2271 768 2309 illo
793 2285 858 2309 suo
884 2272 1046 2316 haeserit,
1077 2284 1193 2319 neque
1218 2285 1370 2319 aequum
1396 2278 1570 2321 putarem,
1596 2277 1638 2311 ut

98 2332 153 2369 illi
179 2333 346 2368 nuncium
373 2332 582 2368 remitteres.
850 2337 855 2342 '

147 2394 224 2441 Ego
259 2407 359 2430 orsus
386 2407 462 2429 sum
489 2393 712 2430 ecclesiarum
737 2394 987 2438 visitationem,
1020 2396 1057 2430 et
1082 2394 1118 2430 in
1144 2394 1220 2442 ipso
1247 2406 1328 2430 mox
1354 2395 1457 2431 initio
1484 2395 1635 2443 plurima

99 2456 257 2490 monstra
289 2455 413 2502 reperi.
463 2453 560 2489 Haec
592 2453 734 2500 quidam
767 2457 940 2491 conantur
974 2454 1172 2498 defendere,
1207 2458 1248 2490 ut
1281 2454 1496 2491 functionem
1529 2455 1636 2504 impe·

97 2515 207 2559 diant,
240 2515 299 2551 sed
325 2527 390 2561 ego
416 2514 644 2550 nibilominus
670 2527 775 2562 pergo
794 2516 836 2562 5).

147 2577 377 2613 Mennonitae
404 2576 578 2624 prioribus
605 2577 679 2612 suis
699 2575 875 2613 erroribus
893 2577 984 2612 hunc
1003 2576 1107 2612 etiam
1126 2575 1338 2613 addiderunt
1357 2577 1434 2621 iam,
1453 2579 1492 2614 ut
1508 2577 1637 2622 dicant,

96 2636 166 2684 legi
192 2650 254 2686 per
287 2650 351 2674 nos
377 2640 500 2673 nostra
526 2636 728 2682 obedientia
754 2636 916 2673 satisfieri
942 2650 1013 2673 non
1039 2636 1152 2673 solum
1180 2649 1293 2684 posse,
1320 2636 1379 2673 sed
1405 2638 1510 2674 etiam
1536 2652 1636 2686 opor-

97 2701 183 2735 tere.
234 2700 291 2735 Sie
317 2712 452 2735 errores
479 2698 657 2735 erroribus
683 2698 867 2734 cumulant
893 2702 930 2734 et
956 2699 1088 2734 Christi
1114 2698 1261 2745 gloriam
1287 2698 1488 2735 obscurant.

145 2762 240 2796 Ante
275 2760 364 2797 duos
397 2773 533 2796 menses
569 2760 727 2796 miseram
762 2760 806 2797 ad
840 2760 1007 2796 Prussiae
1041 2760 1173 2796 Ducem
1211 2761 1332 2796 uxoris
1366 2773 1461 2797 meac
1493 2761 1634 2799 fratrem

96 2820 268 2868 Egidium.
309 2822 347 2858 Is
372 2823 409 2859 in
434 2822 564 2866 reditu,
590 2825 776 2871 correptus
803 2822 936 2866 morbo,
962 2822 1080 2859 nescio
1106 2834 1178 2868 quo
1204 2822 1351 2859 Bremae
1375 2822 1563 2867 decumbit,
1591 2829 1632 2861 ut

97 2881 251 2921 nondum
281 2883 369 2922 scire
393 2884 534 2935 possim,
562 2883 647 2934 quid
673 2883 814 2924 referat.
865 2884 1077 2936 Scripseram
1102 2887 1220 2924 autem
1246 2882 1289 2920 ad
1315 2883 1462 2927 Ducem,
1488 2897 1542 2922 me
1568 2884 1632 2928 hoe
