1830 3147
212 95 274 143 [A.
301 94 345 131 D.
373 95 484 143 1557]
945 95 1013 134 752

211 215 319 239 meam
354 207 509 240 veterem
541 202 578 239 in
611 204 709 238 tuam
747 201 994 240 celsitudinem
1028 202 1284 240 observantiam
1315 217 1409 241 nunc
1442 206 1663 253 potissimum
1688 208 1743 245 illi

211 264 445 311 approbarem,
471 267 699 311 posteaquam
725 264 762 299 in
787 264 935 311 patriam
962 264 1093 301 Divino
1119 265 1186 300 iam
1212 265 1378 302 beneficio
1396 267 1483 303 redii
1500 269 1537 304 et
1554 269 1740 306 consilium

211 325 315 361 etiam
342 337 380 361 ac
406 325 641 372 patrocinium
667 327 750 361 tuae
776 324 995 361 celsitudinis
1020 325 1057 361 in
1081 326 1318 373 promovenda
1334 328 1388 363 hic
1406 328 1497 375 apud
1514 334 1653 366 nostros
1671 331 1739 366 iam

211 399 315 423 causa
348 386 529 433 religionis
563 386 799 434 implorarem.
828 386 893 422 Sed
919 387 1048 434 partim
1074 386 1276 424 valetudine
1301 401 1376 425 mea
1402 402 1581 437 nunquam
1608 391 1741 438 alioqui

211 447 279 484 iam
314 449 399 483 satis
432 448 542 491 firma,
575 448 704 495 partim
739 448 843 483 etiam
878 448 1069 484 scribendis
1095 448 1302 495 quibusdam
1329 450 1365 485 in
1390 464 1494 486 usum
1520 452 1673 498 Regium
1703 454 1742 499 ¹),

210 509 352 556 longius
383 509 439 545 hic
465 522 570 556 quam
595 509 761 557 putabam
788 509 928 545 haerere
953 512 1109 554 coactus,
1135 510 1233 546 nullo
1259 510 1328 546 iam
1354 512 1457 548 modo
1483 526 1626 560 possum
1652 513 1741 549 desi-

211 571 308 608 derio
334 584 411 607 meo
439 571 639 607 satisfacere
665 571 801 607 visendi
826 570 1070 607 celsitudinem
1096 573 1205 608 tuam.
1245 572 1360 620 Cogor
1387 574 1478 610 enim
1505 578 1637 622 quanta
1663 588 1742 623 pos-

211 645 289 668 sum
323 633 551 669 contentione
585 632 628 668 ad
662 645 756 670 meos
789 633 901 669 redire
935 633 971 669 in
1004 633 1190 670 Poloniam
1226 635 1289 681 qui
1315 647 1390 670 mea
1415 648 1518 671 causa
1543 650 1614 672 non
1639 638 1741 684 pauci

211 700 295 730 sunt
329 694 540 731 conventuri
565 697 601 730 et
626 708 741 730 meum
767 695 809 731 ad
835 707 872 731 se
897 695 1090 732 adventum
1124 696 1167 732 ad
1199 696 1314 732 locum
1341 699 1378 732 et
1405 700 1543 745 tempus
1568 699 1742 734 constitu-

210 758 288 792 tum
323 756 552 804 expectaturi.
602 757 718 802 Quare
751 759 850 792 tuam
887 757 1132 793 celsitudinem
1158 757 1365 805 suppliciter
1391 771 1463 802 oro,
1489 772 1533 795 ne
1558 759 1622 795 ulli
1648 772 1744 796 meae

212 817 447 865 negligentiae
471 818 647 865 imputare
673 818 707 853 id
733 817 830 861 velit,
858 818 953 865 quod
978 818 1021 854 ad
1046 818 1163 866 ipsum
1189 832 1256 854 non
1278 819 1444 863 venerim,
1463 820 1522 855 sed
1540 823 1742 857 nostrarum

211 878 332 926 potius
365 890 481 913 rerum
513 891 607 914 nunc
639 878 836 914 rationibus
868 878 1066 915 condonare
1101 879 1146 922 id,
1180 892 1362 926 meamque
1395 880 1483 916 hane
1516 882 1743 917 necessariam

212 940 315 988 plane
350 940 611 976 excusationem
646 941 682 976 in
715 941 882 988 optimam
915 944 1050 988 partem
1083 954 1146 989 pro
1187 954 1250 977 sua
1292 941 1478 978 clementia
1518 942 1745 991 interpretari

212 1001 389 1048 dignetur.
440 1001 533 1047 Quid
568 1014 651 1037 vero
677 1002 732 1037 1110
758 1002 887 1049 egerim
925 1004 962 1038 et
986 1015 1092 1049 quam
1120 1003 1266 1049 benigne
1292 1015 1312 1038 a
1338 1003 1526 1040 Maiestate
1551 1004 1663 1051 Regia
1689 1018 1745 1041 ex-

212 1065 336 1110 ceptus
371 1063 513 1098 auditus
545 1075 583 1099 ac
618 1062 781 1099 dimissus
813 1063 888 1106 sim,
922 1063 958 1099 id
991 1066 1108 1099 totum
1136 1063 1312 1110 intelliget
1337 1066 1400 1100 tua
1425 1064 1599 1101 celsitudo
1633 1066 1668 1101 et
1702 1078 1745 1102 ex

210 1124 398 1171 Magnifico
426 1124 578 1159 Domino
605 1123 768 1160 Palatino
794 1123 1088 1171 Marieburgensi,
1119 1128 1235 1160 vetere
1260 1125 1370 1161 amico
1387 1138 1474 1169 meo,
1500 1126 1535 1162 et
1553 1139 1595 1162 ex
1612 1126 1744 1163 litteris

210 1185 355 1222 Domini
380 1185 545 1233 Magistri
571 1186 697 1221 Curiae
724 1186 905 1232 Reginalis
931 1185 1141 1222 Maiestatis.
1167 1186 1346 1223 Pharisaei
1372 1187 1513 1233 quidem
1533 1188 1646 1224 nostri
1670 1190 1743 1224 tor-

214 1260 298 1283 vum
330 1260 386 1284 me
424 1248 611 1284 intuentur
644 1249 752 1294 atque
778 1260 916 1284 causam
951 1260 1061 1283 meam
1099 1247 1190 1283 circa
1214 1248 1418 1295 religionem
1445 1250 1539 1284 miris
1576 1250 1742 1297 suspicio-

215 1309 319 1345 nibus
354 1322 393 1345 ac
428 1309 612 1345 calumniis
644 1321 789 1356 gravare
822 1308 914 1356 apud
947 1309 1173 1345 Maiestatem
1199 1309 1357 1355 Regiam,
1384 1312 1558 1356 quantum
1584 1312 1744 1357 possunt,

215 1372 401 1414 conantur,
435 1370 495 1406 sed
531 1370 705 1406 Dominus
743 1369 843 1405 nobis
877 1369 990 1405 aderit
1023 1381 1084 1416 per
1118 1382 1217 1404 suam
1251 1370 1411 1415 gratiam.
1462 1369 1556 1415 Quin
1592 1373 1627 1406 et
1662 1372 1745 1406 tuae

213 1444 356 1478 quoque
389 1431 610 1467 celsitudinis
645 1443 770 1467 nomen
806 1430 873 1466 mei
910 1430 1061 1466 nominis
1088 1430 1241 1465 invidiae
1266 1429 1410 1466 obtendi
1437 1430 1553 1473 audio,
1580 1430 1744 1477 quemad-

212 1492 353 1529 modum
380 1492 415 1528 id
442 1492 593 1528 Domino
619 1491 901 1538 Marieburgensi
926 1490 1091 1527 Palatino
1118 1490 1275 1538 exposui.
1303 1490 1369 1526 Sed
1395 1503 1459 1537 ego
1478 1490 1583 1536 longe
1602 1490 1745 1527 meliora

214 1554 298 1590 mihi
331 1553 373 1590 de
407 1553 625 1590 celsitudinis
660 1556 744 1589 tuae
775 1552 951 1599 probitate
991 1551 1176 1587 clementia
1209 1564 1248 1587 ac
1274 1551 1424 1587 candore
1450 1551 1627 1599 polliceor,
1654 1564 1746 1599 quae

212 1614 345 1661 alioqui
371 1614 502 1650 dudum
530 1613 613 1649 mihi
638 1617 817 1661 perspecta
842 1613 962 1656 habeo,
990 1625 1095 1659 quam
1121 1615 1163 1647 ut
1181 1611 1403 1658 quorundam
1421 1611 1475 1647 hic
1493 1611 1745 1648 iactationibus

216 1675 318 1712 fidem
351 1675 469 1719 ullam,
496 1688 568 1711 11011
594 1675 704 1711 dicam
738 1675 886 1721 ipsemet
912 1674 1016 1710 velim
1041 1674 1214 1717 adhibere,
1242 1686 1362 1709 verum
1387 1673 1429 1708 ab
1455 1673 1533 1709 aliis
1558 1673 1663 1709 etiam
1690 1674 1747 1709 ha-

215 1737 362 1774 bendam
387 1737 461 1773 ullo
487 1737 589 1773 modo
617 1749 691 1773 esse
716 1739 848 1784 putem,
877 1749 946 1783 qua
971 1736 1013 1772 de
1039 1749 1076 1772 re
1104 1735 1277 1771 Dominus
1313 1735 1610 1781 Marieburgensis
1645 1734 1747 1770 Pala-

215 1800 313 1836 tinus
339 1799 450 1846 plura.
495 1799 598 1844 Quod
624 1811 728 1846 porro
753 1798 795 1834 ad
821 1810 876 1834 me
901 1798 1043 1841 attinet,
1070 1810 1141 1833 non
1167 1797 1395 1840 committam,
1423 1796 1520 1843 quin,
1546 1796 1749 1843 compositis

215 1860 360 1909 paulum
394 1860 496 1896 modo
530 1861 565 1896 in
601 1860 715 1908 patria
749 1860 853 1896 rebus
892 1859 989 1903 meis,
1015 1859 1058 1895 ad
1093 1861 1191 1894 tuam
1225 1871 1306 1894 mox
1333 1858 1577 1894 celsitudinem
1603 1858 1756 1901 veniam,

217 1922 247 1958 si
273 1922 374 1958 modo
401 1921 607 1968 intelligam,
633 1924 729 1957 tuam
757 1921 1001 1957 celsitudinem
1027 1920 1119 1956 bello
1145 1920 1209 1956 hoc
1235 1919 1408 1955 Livonico
1428 1921 1457 1966 ²)
1477 1922 1660 1955 evocatum
1679 1919 1749 1955 huc

218 1997 290 2020 11011
315 1984 368 2020 iri.
407 1983 621 2020 Commendo
647 1995 701 2019 me
727 1983 930 2019 clementiae
956 1985 1039 2018 tuae
1064 1981 1283 2018 celsitudinis
1309 1994 1413 2028 quam
1440 1981 1688 2017 officiosissime
1713 1985 1750 2016 et

218 2045 333 2082 Deum
360 2058 421 2081 oro
447 2047 488 2080 ut
514 2047 612 2081 tuam
637 2044 882 2081 celsitudinem
909 2046 1025 2080 servet
1050 2045 1151 2090 regat
1178 2045 1213 2079 et
1240 2042 1411 2079 fortunet.
1438 2043 1581 2090 Raptim
1608 2042 1751 2079 Wilnae

220 2108 262 2143 13
288 2106 421 2155 Aprilis
449 2107 552 2144 1557.

789 2166 886 2202 Tuae
913 2163 1126 2201 Celsitudini
1151 2163 1420 2201 Illustrissimae
1445 2163 1705 2201 addictissimus

1032 2225 1200 2262 IOANNES
1225 2226 1246 2263 a
1269 2226 1391 2262 LAsoo
1416 2238 1462 2262 m.
1487 2238 1539 2273 pr.

261 2326 289 2365 1)
313 2325 362 2358 cf.
385 2325 520 2357 cmm.
547 2317 603 2365 Έῳ.
627 2325 671 2356 ad
693 2324 837 2366 Ramnq.
859 2324 1005 2355 PARKER
1028 2325 1098 2356 soc.
1122 2325 1166 2356 11.
1192 2325 1251 2356 598
1275 2324 1437 2366 „Placing
1459 2324 1493 2355 in
1515 2324 1565 2356 his
1583 2325 1639 2364 (sc.
1657 2323 1753 2365 Regis
1773 2340 1779 2342 -

219 2381 346 2420 Polon.)
369 2381 470 2412 hands
494 2392 512 2412 a
535 2380 657 2412 certain
672 2379 828 2411 excellent
843 2379 986 2418 traetise‚
1004 2379 1108 2411 which
1129 2380 1170 2411 he
1185 2380 1248 2411 had
1265 2379 1434 2421 composed
1455 2381 1488 2410 at
1506 2379 1613 2410 Wilna
1632 2390 1649 2410 a
1662 2379 1753 2410 short

220 2437 296 2468 time
319 2437 414 2474 sinse,
437 2436 632 2477 concerning
653 2436 708 2467 the
731 2435 907 2476 obligation
925 2435 960 2465 of
981 2446 998 2466 a
1014 2435 1092 2476 king
1107 2437 1140 2466 to
1154 2435 1283 2477 destroy
1295 2434 1464 2476 idolatry.''
1486 2434 1577 2466 Nihil
1593 2436 1699 2465 tamen
1713 2434 1751 2465 ab

220 2494 289 2535 ipso
313 2493 469 2535 scriptum
492 2503 529 2523 ex
550 2493 612 2523 hoc
634 2495 777 2533 tempore
800 2494 961 2533 superstes
984 2491 1076 2522 nobis
1099 2493 1157 2529 est,
1181 2491 1243 2522 nisi
1271 2491 1436 2522 Dan-tatus
1453 2490 1525 2522 adv.
1546 2489 1689 2527 Hosium,
1703 2490 1752 2521 ed.

222 2552 323 2581 nostr.
345 2550 382 2582 T.
406 2549 432 2582 Ι.
456 2548 528 2582 391,
551 2551 578 2589 ²)
603 2549 653 2581 Cf.
677 2549 784 2585 GRAY,
811 2547 918 2580 Gesch.
947 2547 1138 2579 Ost-Preuss.
1152 2558 1182 2589 p.
1196 2547 1548 2579 624.PAR1zs380c.0.
1570 2546 1592 2578 1.
1613 2545 1658 2577 ΙΙ.
1682 2545 1754 2578 599.

223 2715 286 2752 ΝΟ.
313 2717 393 2753 130.
1335 2715 1383 2761 [Er
1400 2716 1469 2751 Ascli,
1481 2717 1546 2750 Secr.
1558 2717 1617 2756 [leg.
1629 2712 1754 2759 Regium]

763 2777 821 2814 Ad
847 2777 985 2813 Dncm
1010 2775 1210 2812 Pnussmn.

273 2897 327 2934 Ab
365 2909 404 2933 eo
431 2898 600 2945 tempore,
626 2909 697 2944 quo
722 2909 782 2945 per
808 2909 903 2934 meos
929 2898 1078 2934 vocatus
1103 2894 1236 2931 Divino
1261 2893 1429 2931 beneficio
1460 2893 1497 2928 in
1529 2892 1679 2940 patriam
1704 2903 1756 2928 re-

224 2958 286 3008 dii,
320 2958 442 2996 sedulo
477 2971 612 2995 mecum
645 2971 781 3006 semper
806 2958 848 2995 de
873 2958 1031 2995 adeunda
1057 2962 1119 2994 tua
1145 2955 1363 2993 Celsitudine
1394 2954 1549 3002 cogitavi
1583 2956 1692 3002 atque
1718 2953 1755 2989 in
