1830 3147
46 2413 61 2444 1
87 2411 173 2444 Petri
198 2412 227 2443 5.

46 2651 131 2685 Esai.
155 2651 205 2682 49.

45 2695 64 2726 2
87 2695 161 2726 Par.
186 2693 236 2725 19.

324 91 396 126 328
826 98 938 126 conr.
971 98 1078 127 econ.
1107 99 1224 128 LoND.

374 202 499 252 Atque
534 200 657 251 plebis
694 213 781 250 erga
818 200 1014 238 ministros
1043 213 1129 239 suos
1158 201 1321 239 officium
1348 202 1541 253 publicum
1570 206 1637 249 est,
1665 204 1735 243 Dei

322 265 362 304 in
399 265 475 303 illis
512 263 715 315 imaginem
752 265 943 316 quandam
980 269 1190 304 reverenter
1219 279 1435 316 agnoscere,
1462 267 1624 318 illisque,
1651 272 1734 306 tan-

326 343 440 381 quam
476 329 556 367 Deo
591 342 655 380 per
681 329 785 381 ipsos
813 330 954 379 agenti,
982 330 1081 368 ultro
1108 344 1152 368 ac
1180 330 1351 369 hilariter
1379 331 1543 378 obedire,
1569 336 1732 383 praeter-

323 409 436 446 quam
473 395 504 433 si
541 395 632 446 quid
671 395 802 440 velint,
837 395 937 446 quod
965 396 1079 434 verbo
1108 395 1178 434 Dei
1206 410 1418 448 repugnare
1444 401 1602 436 constet.
1658 398 1734 436 Hic

324 459 426 497 enim
463 459 680 497 meminisse
709 472 838 497 omnes
866 460 1018 510 regulae
1047 460 1288 511 Apostolicae
1317 460 1518 500 debemus:
1575 461 1735 513 Oportet

327 523 408 561 Deo
435 523 555 573 magis
584 537 696 575 quam
725 523 946 561 hominibus
976 524 1141 563 obedire.

374 587 640 632 Ministrorum
680 601 765 625 vero
796 587 986 626 Ecclesiae
1016 588 1133 626 officia
1162 589 1263 627 varia
1293 593 1391 636 sunt,
1419 590 1734 641 quemadmodum

322 653 529 691 ministeria
556 653 648 704 ipsa.
706 653 802 690 Sunt
829 657 952 691 autem
980 653 1053 691 tria
1082 654 1319 704 potissimum
1348 655 1500 706 publica
1527 656 1735 695 ministeria

321 717 361 755 in
389 717 559 755 Ecclesia
589 717 750 755 Christi:
794 717 923 764 Verbi,
957 717 1075 766 gladii
1103 722 1138 755 et
1166 732 1378 757 mensarum
1407 733 1475 771 pro
1504 721 1643 770 egenis.
1686 721 1736 759 Et

322 782 387 833 qui
423 782 464 819 in
493 782 595 819 hisee
622 781 843 819 ministeriis
872 786 1081 826 versantur,
1109 783 1250 821 habent
1279 797 1344 821 sua
1374 784 1556 835 quaedam
1583 786 1733 836 propria

322 845 453 889 officia,
481 859 576 896 quae
603 846 649 882 ad
678 846 773 883 alios
802 859 878 884 non
906 846 1107 897 pertinent,
1134 847 1272 898 quibus
1299 849 1534 899 praestandis
1561 849 1674 887 fidem
1698 855 1735 888 et

322 910 394 962 ipsi
432 923 537 948 suam
574 910 614 947 in
652 909 835 955 Ecclesia,
872 916 1016 961 praeter
1044 912 1189 962 privata
1226 913 1291 950 illa
1320 913 1450 958 officia,
1478 927 1573 964 quae
1602 914 1649 952 ad
1674 918 1734 953 to·

322 978 486 1023 (33)tam
523 975 712 1026 pertinent
749 974 968 1022 Ecclesiam,
1006 976 1174 1026 profiteri
1212 976 1364 1022 debent,
1399 982 1441 1015 ut
1476 981 1661 1017 testentur
1697 992 1735 1017 se

321 1053 405 1078 vere
442 1040 602 1085 credere,
638 1040 738 1091 quod
775 1040 895 1087 Iesus,
932 1040 1090 1089 virginis
1127 1041 1257 1079 matris
1292 1042 1405 1088 filius,
1442 1042 1490 1080 sit
1526 1043 1636 1081 etiam
1664 1044 1733 1081 sub

322 1104 463 1142 Christi
498 1105 610 1143 titulo
648 1118 815 1142 summus
850 1105 914 1142 ille
951 1110 1061 1156 atquc
1097 1110 1269 1144 aeternus
1297 1108 1463 1158 ipsorum
1492 1107 1585 1154 Rex,
1627 1109 1731 1147 euius

321 1169 445 1219 legum
473 1174 585 1221 atque
613 1169 896 1207 ordinationum
925 1170 998 1221 ipsi
1025 1170 1189 1208 ministri
1218 1184 1261 1208 ac
1288 1172 1462 1210 custodes
1491 1177 1626 1212 essent.

374 1363 490 1402 Verbi
526 1362 645 1412 igitur
672 1362 933 1400 ministrorum
973 1363 1157 1414 professio
1187 1364 1225 1401 in
1254 1364 1490 1414 praestandis
1519 1364 1622 1404 hisce
1650 1367 1727 1404 offi-

321 1428 388 1466 ciis
418 1427 612 1465 consistit:

372 1495 406 1531 l.
460 1492 515 1530 Ut
560 1504 695 1543 purum
739 1490 809 1529 Dei
855 1491 1009 1529 verbum
1053 1492 1203 1542 publice
1247 1492 1406 1530 fideliter
1450 1507 1495 1531 ac
1532 1493 1731 1544 diligenter

320 1557 491 1595 doceant.

371 1625 405 1660 2.
459 1621 514 1658 Ut
550 1620 743 1659 institutas
781 1634 800 1658 a
828 1619 993 1657 Domino
1024 1620 1267 1666 ceremonias,
1293 1621 1399 1659 iuxta
1428 1622 1545 1674 ipsius
1575 1623 1729 1661 ordina-

318 1687 473 1732 tionem,
505 1686 655 1738 publice
690 1686 729 1723 in
766 1685 933 1723 Ecclesia
963 1699 1126 1736 pureque
1153 1699 1196 1723 ae
1224 1686 1424 1736 diligenter
1452 1687 1732 1735 administrent,

320 1764 522 1803 earumque
552 1751 752 1788 violatores
780 1763 825 1788 ex
854 1749 969 1788 verbo
997 1749 1067 1787 Dei
1094 1751 1383 1801 reprehendant.

373 1819 407 1854 3.
463 1815 518 1852 Ut
555 1827 683 1852 curam
720 1813 883 1852 habeant
920 1814 1124 1856 Ecclesiae,
1158 1827 1230 1852 una
1260 1827 1342 1852 cum
1372 1814 1589 1865 presbiteris
1616 1815 1734 1859 illius,

320 1880 356 1929 in
395 1879 473 1917 eius
509 1879 741 1916 incremento
780 1882 893 1928 atque
929 1878 1189 1916 aedificatione
1225 1892 1290 1930 per
1327 1879 1603 1917 admonitiones
1642 1893 1733 1918 con-

324 1943 529 1985 solationes
574 1942 886 1993 reprehensiones
931 1946 968 1980 et
1011 1955 1120 1980 usum
1176 1942 1464 1981 Ecclesiasticae
1511 1943 1732 1996 disciplinae

322 2008 427 2047 iuxta
455 2007 612 2045 verbum
641 2006 724 2044 Dei.

373 2076 409 2111 4.
463 2072 519 2110 Ut
555 2084 620 2109 ora
655 2071 952 2110 adversariorum
991 2071 1094 2109 verbi
1131 2071 1250 2109 divini
1286 2071 1486 2110 autoritate
1524 2072 1735 2117 obstruant,

324 2150 549 2188 gregemque
586 2149 694 2174 suum
730 2149 750 2172 a
787 2135 886 2186 lupis
924 2149 967 2173 ac
1003 2135 1126 2173 noxiis
1164 2135 1294 2174 bestiis
1330 2136 1524 2187 depredari
1563 2137 1736 2176 dilaniari

326 2206 362 2240 et
399 2200 571 2239 devorari
607 2213 653 2238 ne
691 2200 827 2246 sinant,
866 2200 930 2238 sed
968 2200 1176 2238 Ecclesiam
1213 2201 1257 2238 de
1293 2200 1369 2238 illis
1396 2205 1677 2251 praemoneant,
1705 2202 1736 2241 si

326 2267 372 2306 ad
402 2267 500 2305 viam
527 2269 669 2304 rectam
696 2265 801 2303 iuxta
831 2265 1043 2317 Scripturas
1071 2266 1239 2304 revocari
1267 2278 1343 2303 non
1371 2269 1522 2317 queant.

380 2397 414 2433 5.
467 2394 522 2432 Ut
557 2394 723 2445 praesint
758 2393 964 2439 Ecclesiae,
999 2393 1039 2431 in
1075 2393 1190 2441 illius,
1217 2393 1317 2445 quod
1348 2393 1395 2432 ad
1424 2395 1561 2433 Divina
1589 2394 1735 2440 attinet,

327 2459 613 2510 gubernatione,
654 2472 732 2497 non
777 2462 956 2510 tanquam
1004 2458 1239 2497 dominantes
1286 2459 1397 2506 clero,
1434 2459 1495 2498 sed
1535 2463 1575 2497 ut
1610 2461 1736 2510 gregis

328 2523 567 2575 exemplaria,
594 2536 614 2561 a
642 2524 728 2571 (34)
757 2523 900 2573 Spiritu
930 2522 1102 2561 videlicet
1132 2524 1270 2562 Sancto
1297 2523 1339 2562 in
1366 2523 1438 2561 hoc
1467 2523 1675 2562 constituti.

381 2651 440 2689 Ad
479 2651 596 2701 gladii
633 2664 720 2689 vero
758 2650 950 2688 ministros
987 2650 1028 2688 in
1066 2650 1248 2697 Ecclesia,
1274 2651 1379 2689 iuxta
1405 2651 1544 2701 gradus
1573 2651 1739 2700 illorum,

330 2717 492 2768 pertinet
520 2716 612 2754 haec
638 2716 806 2767 ipsorum
834 2715 1034 2766 peculiaris
1061 2715 1267 2766 professio:

383 2784 418 2819 1.
471 2780 526 2817 Ut
562 2780 666 2817 verbi
701 2779 950 2818 ministerium
991 2783 1027 2817 et
1054 2780 1133 2818 eius
1159 2780 1352 2818 ministros
1381 2780 1568 2830 legitimos
1595 2780 1635 2819 in
1664 2781 1740 2819 Ec-

332 2845 444 2885 clesia
479 2844 686 2896 provehant
723 2845 911 2883 honorent
955 2847 1131 2883 tueantur
1166 2848 1202 2883 et
1238 2845 1352 2891 alant,
1397 2846 1506 2896 lupos
1545 2850 1669 2886 autem
1706 2850 1742 2885 et

332 2909 450 2948 falsos
479 2908 651 2947 doctores
678 2907 719 2946 in
747 2907 917 2946 Ecclesia
945 2920 992 2946 ne
1019 2908 1154 2947 ferant.
