1830 3147
239 136 303 186 [A.
327 138 372 177 D.
398 139 510 189 1551]
965 144 1034 181 658

243 259 332 291 rum,
374 249 687 285 considerationem
722 250 931 288 excitarent.
980 252 1178 296 Praeterea,
1213 254 1299 302 quid
1334 255 1491 293 facerent
1524 263 1648 303 gentes
1680 257 1774 302 illae,

243 321 333 356 quae
358 323 473 357 neque
498 324 622 358 panem
648 324 691 347 ex
716 311 789 348 ullo
815 312 986 350 frumenti
1011 326 1137 361 genere
1161 316 1290 352 habent
1314 320 1351 353 et
1367 317 1451 354 vino
1468 330 1613 366 prorsus
1630 320 1773 357 carent?

242 371 299 406 An
334 384 418 407 vero
450 371 529 408 illas
563 375 707 420 propter
737 374 836 421 panis
869 375 979 422 azymi
1015 376 1168 424 inopiam
1203 380 1267 414 aut
1300 378 1375 414 vini
1408 379 1589 426 penuriam
1612 392 1633 416 a
1657 381 1775 418 Coena

243 430 385 467 Domini
411 432 648 477 excludemus,
675 433 786 470 donec
811 437 875 471 aut
900 435 999 483 panis
1024 436 1136 484 azymi
1160 439 1223 473 aut
1249 437 1322 473 vini
1346 451 1450 474 usum
1464 438 1638 476 habeant?
1663 439 1772 487 Equi-

243 491 319 527 dem
346 492 510 530 Christus
536 493 721 539 Dominus,
748 498 790 532 ut
816 498 870 532 est
894 509 1008 543 agnus
1033 497 1157 534 mundi
1179 498 1306 545 totius,
1329 499 1381 536 ita
1397 500 1510 537 totius
1528 501 1634 538 etiam
1650 501 1774 538 mundi

242 550 415 588 Ecclesiae
441 553 604 590 victimae
629 567 712 591 suae
737 557 1010 593 memoraculum
1036 558 1074 594 in
1099 558 1217 595 Coena
1241 572 1304 596 sua
1328 560 1484 608 reliquit,
1510 574 1625 610 neque
1649 565 1773 610 gentes

241 610 343 655 ullas,
370 625 460 659 quae
485 614 589 650 modo
614 627 740 652 nomen
765 617 875 664 ipsius
902 618 1079 662 invocant,
1104 632 1124 655 a
1150 619 1288 656 Coenae
1313 634 1397 658 suae
1421 635 1490 658 usu
1514 626 1658 671 propter
1674 624 1773 672 panis

240 673 350 719 azymi
382 677 445 709 aut
479 674 553 711 vini
585 676 741 724 inopiam
767 678 907 714 excludi
933 679 1060 724 voluit,
1087 683 1213 728 estque
1238 681 1289 718 illi
1315 683 1412 727 satis,
1438 684 1469 720 si
1494 685 1617 721 mortis
1643 697 1770 722 memo-

241 734 292 769 ria
316 747 531 783 quocunque
564 738 705 773 tandem
739 751 827 786 pane
857 743 920 776 aut
946 744 1035 788 potu
1059 741 1267 786 celebretur,
1293 744 1395 781 modo
1420 747 1463 781 ut
1488 745 1563 781 sine
1587 745 1662 781 ullo
1686 758 1769 782 con-

240 797 379 843 temptu
405 797 545 844 riteque
568 811 607 835 ac
642 799 805 837 decenter
830 802 947 837 omnia
970 803 1000 850 2)
1026 806 1188 849 agantur.
1238 805 1294 841 Ad
1320 804 1468 842 eundem
1492 806 1603 853 igitur
1628 808 1768 843 modum

239 868 308 892 non
343 862 502 895 moratur
537 861 721 905 Dominus,
755 865 798 898 ut
830 863 867 898 in
904 863 1015 899 forma
1048 870 1111 900 aut
1145 865 1248 902 modo
1274 879 1460 903 consessus
1485 869 1598 904 nostri
1623 869 1768 904 nimium

238 919 332 954 anxii
365 921 566 968 curiosique
600 922 719 959 simus.
769 924 863 960 Satis
897 927 952 961 est
983 925 1046 970 illi,
1073 926 1102 962 si
1128 927 1283 974 quietem
1309 929 1544 965 conscientiae
1568 933 1708 966 nostrae
1733 931 1769 966 in

238 983 352 1016 morte
378 981 520 1026 Christi,
548 983 805 1021 sabbatismum
839 986 983 1033 inquam
1017 990 1178 1024 nostrum
1205 989 1242 1024 in
1268 989 1421 1033 Christo,
1448 1003 1631 1026 consessus
1657 992 1769 1027 nostri

237 1043 367 1091 recepti
393 1044 557 1091 Symbolo
583 1050 823 1083 contestemur
848 1048 892 1084 ad
918 1049 1031 1085 totius
1056 1049 1236 1086 Ecclesiae
1253 1050 1539 1096 consolationem,
1564 1052 1768 1099 praesertim

236 1116 316 1140 cum
343 1108 462 1141 noster
487 1118 671 1143 consessus
697 1109 840 1155 perinde
866 1112 920 1145 est
946 1110 1142 1158 symbolum
1169 1111 1300 1158 quietis
1325 1113 1418 1160 apud
1444 1125 1518 1157 nos,
1544 1117 1651 1161 atque
1676 1114 1767 1161 apud

236 1165 388 1201 lu-:laeos
423 1166 506 1203 011111
540 1168 723 1205 accubitus
757 1170 924 1217 ipsorum,
959 1171 1215 1219 qualiscunque
1249 1173 1279 1209 is
1314 1174 1454 1210 tandem
1493 1174 1611 1218 fuerit,
1637 1175 1768 1221 quietis

236 1227 432 1275 symbolum
467 1232 555 1266 erat.
606 1230 698 1266 Satis
733 1231 842 1278 igitur
877 1235 913 1268 et
947 1232 1048 1268 nobis
1073 1245 1148 1269 6556
1173 1233 1277 1270 debet
1303 1237 1480 1282 recept-um
1507 1247 1601 1271 more
1627 1235 1769 1282 publico

236 1301 437 1326 consessum
478 1291 630 1327 retinere
671 1293 705 1328 in
749 1293 886 1329 Coenae
926 1293 1241 1339 administratione,
1283 1299 1326 1331 ut
1363 1299 1520 1332 nostram
1553 1296 1588 1331 in
1625 1296 1767 1332 Christo

236 1351 388 1389 Domino
414 1353 567 1400 quietem
594 1356 843 1398 contestemur,
869 1355 1038 1403 illiusque
1070 1357 1134 1392 1106
1161 1356 1319 1404 symbolo
1343 1357 1602 1401 admoneamur,
1628 1357 1766 1394 etiamsi

234 1412 277 1448 de
304 1413 414 1449 forma
438 1413 535 1450 illius
561 1414 664 1462 primi
688 1415 732 1452 ad
757 1427 899 1452 coenam
924 1416 1109 1454 accubitus
1135 1417 1221 1454 certi
1248 1430 1322 1454 esse
1347 1431 1417 1455 non
1434 1418 1620 1466 possimus.
1645 1420 1767 1466 Atque

235 1475 277 1511 de
302 1488 469 1512 consessu
495 1479 648 1513 tantum.

281 1537 335 1574 ΙΙ.
384 1538 460 1574 Iani
495 1538 589 1586 quod
622 1539 665 1575 ad
697 1540 851 1576 vestium
877 1539 1169 1577 detrectationem
1196 1541 1339 1584 attinet,
1367 1541 1400 1576 in
1430 1541 1493 1577 hoc
1519 1540 1590 1577 sere
1615 1553 1690 1577 esse
1715 1541 1765 1576 vi-

234 1598 338 1635 detur
371 1602 486 1635 status
519 1612 643 1636 causae
676 1601 806 1637 totius:
841 1614 924 1636 num
960 1601 1076 1637 cultui
1101 1601 1255 1648 publico,
1280 1601 1322 1637 ab
1348 1602 1500 1649 ipsomet
1526 1602 1602 1638 Deo
1627 1602 1665 1638 in
1691 1603 1766 1639 eius

235 1662 390 1698 Ecclesia
422 1662 528 1699 certis
563 1663 768 1699 ceremoniis
793 1663 975 1706 instituto,
1001 1663 1157 1699 adhiberi
1182 1663 1315 1710 aliquid
1341 1662 1477 1707 debeat,
1502 1663 1545 1699 de
1570 1676 1642 1710 quo
1668 1663 1766 1700 Deus

234 1723 320 1759 nihil
346 1724 587 1772 praecepisset.
614 1723 684 1761 Hic
709 1737 792 1761 vero
819 1727 871 1768 tu,
898 1724 1049 1760 Domine
1075 1725 1140 1760 mi!
1168 1724 1336 1771 quaedam
1363 1737 1436 1762 6556
1461 1724 1547 1760 dicis
1572 1737 1662 1771 quae
1680 1730 1765 1761 sunt

232 1790 427 1832 praecepta,
470 1785 638 1831 quaedam
680 1785 803 1829 vetita,
838 1788 880 1821 ut
914 1785 1083 1833 quaedam
1122 1798 1237 1832 neque
1278 1785 1392 1821 vetita
1425 1797 1539 1832 neque
1569 1789 1764 1833 praecepta.

236 1845 426 1892 Praecepta
451 1845 561 1892 igitur
587 1846 803 1882 observanda
829 1858 902 1882 6556
928 1845 1082 1889 0111111110,
1110 1839 1222 1881 vetit'a
1246 1846 1331 1882 item
1357 1845 1501 1882 vitanda
1518 1845 1671 1881 omnino.
1698 1845 1763 1881 Sed

235 1919 326 1953 quae
351 1919 465 1954 neque
491 1912 608 1943 essent
634 1907 746 1943 vetita
771 1919 886 1954 neque
912 1912 1105 1955 praecepta,
1131 1919 1169 1942 ea
1195 1919 1277 1943 sane
1301 1906 1415 1942 cultui
1440 1905 1494 1941 illi
1518 1906 1560 1941 ab
1585 1906 1661 1954 ipso
1688 1907 1764 1943 Deo

236 1968 405 2004 instituto
431 1967 538 2003 libere
561 1968 715 2004 adhiberi
741 1981 854 2016 posse,
881 1968 1016 2004 etiamsi
1042 1967 1084 2003 de
1109 1967 1179 2003 illis
1205 1967 1292 2003 nihil
1324 1969 1548 2014 praeceptum
1574 1979 1648 2002 esse
1673 1966 1763 2013 lega-

237 2041 325 2064 mus.
375 2029 581 2065 Proferebas
614 2029 681 2065 huc
717 2029 863 2065 Davidis
897 2028 1105 2076 exemplum,
1141 2028 1202 2075 (1111
1246 2028 1417 2064 Cantores
1449 2027 1486 2063 in
1518 2027 1649 2075 templo
1681 2027 1762 2063 olim

237 2090 407 2134 instituit,
433 2090 475 2126 de
501 2091 630 2137 quihus
662 2091 778 2138 ipsum
811 2090 1013 2126 mandatum
1039 2090 1181 2136 aliquod
1208 2089 1370 2126 habuisse
1395 2089 1512 2125 doceri
1545 2102 1615 2125 non
1642 2090 1764 2136 possit,

236 2155 273 2186 et
304 2151 416 2187 multa
447 2151 514 2187 alia
548 2153 582 2187 in
615 2164 689 2187 eam
722 2152 932 2187 sententiam
959 2151 1107 2199 proferri
1133 2163 1234 2198 posse
1260 2150 1406 2186 dicebas.
1457 2150 1532 2197 Ego
1557 2153 1675 2186 autem
1700 2162 1764 2197 pro

236 2213 358 2248 vetitis
393 2213 549 2249 habenda
582 2225 657 2249 esse
691 2213 844 2249 dicebam
877 2213 913 2248 in
947 2212 1010 2248 tali
1045 2212 1149 2248 cultu
1185 2212 1251 2247 Dei
1283 2212 1409 2254 omnia,
1444 2211 1486 2247 de
1512 2211 1640 2258 quibus
1666 2211 1763 2247 Deus
1817 2220 1819 2222 ’

236 2274 297 2309 tali
334 2274 412 2309 111116
446 2274 557 2309 cultui
593 2273 795 2310 adhibendis
830 2273 916 2309 1111111
949 2273 1091 2309 0111111110
1124 2273 1310 2320 praecepit.
1360 2272 1428 2307 Cui
1454 2275 1495 2307 tu
1521 2271 1663 2318 quidem
1688 2284 1762 2307 seu-

236 2336 370 2371 tentiae
411 2336 573 2371 assentiri
615 2339 651 2371 te
692 2348 762 2371 non
804 2347 905 2382 posse
946 2334 1189 2382 respondebas,
1226 2333 1322 2380 quod
1355 2345 1420 2379 ego
1455 2333 1560 2369 unico
1591 2333 1763 2368 duntaxat

237 2398 430 2444 scripturae
463 2397 539 2433 loco
576 2410 685 2433 meam
719 2397 928 2433 sententiam
955 2397 1047 2432 tueri
1073 2408 1188 2439 coner,
1215 2395 1278 2442 qui
1303 2395 1445 2430 interim
1471 2394 1563 2442 apud
1589 2397 1625 2429 tc
1650 2393 1762 2429 adhuc

235 2460 363 2495 dubius
398 2463 502 2503 esset,
537 2463 649 2505 tuque
683 2458 783 2494 illum
815 2458 928 2494 adhuc
962 2463 1127 2494 excutere
1161 2456 1365 2503 diligentius
1399 2455 1518 2499 velles,
1544 2458 1585 2491 tu
1610 2466 1693 2490 vero
1719 2453 1761 2489 ad

235 2520 504 2556 confirmandam
546 2523 642 2556 tuam
685 2519 896 2556 sententiam
930 2519 1080 2566 plurima
1113 2518 1306 2566 scripturae
1339 2519 1414 2553 tum
1449 2515 1650 2553 testimonia
1683 2517 1759 2550 tum

235 2582 391 2630 exempla
417 2582 568 2618 haberes.
1390 2621 1401 2633 ἢ

282 2646 378 2681 Haec
410 2645 461 2680 ita
487 2645 626 2691 inquam
652 2643 744 2678 inter
770 2654 833 2678 nos
859 2643 943 2677 sunt
968 2644 1056 2684 acta,
1083 2640 1129 2684 mi
1157 2640 1325 2676 Domine!
1353 2638 1422 2674 nisi
1447 2649 1501 2673 1116
1527 2647 1601 2671 mea
1623 2635 1758 2681 alioqui

237 2707 400 2742 memoria
426 2706 529 2742 fallit.
556 2705 629 2740 Iam
659 2717 741 2740 vero
767 2703 899 2739 dudum
926 2703 1045 2750 optavi
1071 2714 1148 2748 ego,
1175 2705 1210 2737 et
1235 2713 1329 2737 nunc
1354 2700 1576 2736 vehementer
1599 2697 1762 2743 optarim,

235 2766 353 2802 videre
391 2766 546 2802 rationes
584 2770 620 2801 et
653 2764 856 2800 testimonia
890 2775 932 2798 ex
958 2763 1153 2810 scripturis,
1187 2761 1314 2808 quibus
1348 2762 1444 2796 tuam
1469 2757 1678 2793 sententiam
1703 2756 1760 2793 de-

235 2827 329 2863 fendi
354 2839 454 2873 posse
480 2831 595 2873 putas.
621 2826 708 2872 Quis
735 2826 825 2863 enim
851 2838 923 2860 non
948 2824 1097 2860 libenter
1124 2836 1163 2860 ea
1187 2822 1467 2869 amplecteretur,
1486 2830 1575 2864 quae
1592 2818 1759 2853 minorem

234 2888 413 2923 sustinent
447 2887 625 2931 invidiam,
659 2900 741 2934 prae
775 2887 818 2922 iis
852 2897 941 2933 quae
974 2884 1147 2920 hominem
1181 2886 1217 2920 et
1250 2882 1337 2918 odiis
1371 2883 1407 2916 et
1431 2878 1563 2915 invidia
1588 2881 1624 2915 et
1649 2878 1759 2926 suspi-

231 2948 390 2986 cionibus
416 2948 521 2985 variis
546 2961 691 2995 gravare
717 2948 901 2985 manifeste
928 2945 1111 2983 videmus?
1137 2944 1309 2992 Equidem
1336 2954 1407 2978 non
1433 2950 1509 2977 sum
1533 2939 1575 2986 is,
1600 2939 1662 2988 qui
1680 2938 1759 2977 odio
