1830 3147
183 91 203 126 S

181 213 256 237 non
294 213 414 250 posse.
470 197 557 234 Hoc
593 198 716 247 ipsum
751 199 788 234 et
822 197 948 234 Patres
984 196 1134 234 demum
1161 195 1377 236 orthodoxi.
1413 195 1477 232 alii
1504 199 1588 246 post
1614 196 1722 241 alios,

182 263 384 307 faciebant,
419 275 486 313 pro
525 274 567 299 eo
604 273 647 298 ac
674 260 794 298 lucem
824 259 1017 299 doctrinae
1044 260 1243 310 Euangelii
1276 260 1397 310 magis
1425 272 1468 297 ac
1495 260 1614 309 magis
1643 273 1722 298 sese

186 327 391 366 diffundere
417 326 569 378 passim,
596 338 819 376 omnemque
847 325 924 363 sive
951 325 1144 363 Iudaicam
1173 324 1250 362 sive
1266 324 1466 362 Ethnicam
1485 323 1721 376 superstitio-

185 407 270 432 nem
308 392 402 430 lucis
437 391 538 429 illius
574 390 721 439 fulgore
759 391 913 440 coargui
948 391 1180 442 propellique
1216 390 1428 433 cernebant,
1464 389 1584 428 donec
1610 389 1722 427 Anti-

188 457 391 495 christiana
419 455 583 507 Papismi
611 454 781 505 tyrannis
810 468 928 492 cornu
949 468 1055 492 suum
1073 455 1245 493 attollere
1266 454 1550 505 universamque
1568 453 1722 503 religio·

185 535 271 561 nem
298 520 515 574 proculcare
542 524 578 558 et
606 519 734 558 divina
761 520 899 571 pariter
926 524 1038 571 atque
1055 519 1216 557 humana
1238 519 1363 557 omnia
1385 531 1531 556 sursum
1550 531 1594 556 ac
1614 518 1722 556 deor-

187 599 269 624 sum
295 598 362 636 pro
391 598 456 622 sua
484 583 642 622 libidine
669 584 824 622 miscere
853 583 1045 635 coepisset.
1075 584 1205 628 Porro,
1232 583 1279 621 ad
1306 595 1416 634 quem
1437 582 1590 620 modum
1607 595 1723 632 nego·

187 651 235 688 cii
271 650 474 701 plurimum
502 649 573 686 fuit
600 648 637 686 et
665 649 858 699 Apostolis
886 648 978 699 ipsis
1006 648 1043 686 et
1069 647 1280 699 primaevae
1307 651 1392 699 post
1418 648 1504 686 illos
1532 648 1723 686 Ecclesiae

185 715 361 753 Patribus
396 714 436 752 in
473 713 643 751 arcendis
680 726 700 750 a
738 726 823 750 vero
864 713 966 750 cultu
995 712 1066 750 Dei
1093 712 1363 763 abolendisque
1388 713 1491 759 item,
1517 713 1584 750 ubi
1611 714 1724 751 semel

185 784 353 831 receptae
390 778 655 831 quoquomodo
683 782 818 822 essent,
847 782 924 815 tam
952 777 1118 815 Iudaicis
1147 791 1259 828 quam
1288 777 1460 815 Ethnicis
1489 778 1722 829 superstitio-

184 844 296 883 nibus
325 843 521 892 (nimirum
548 842 627 880 eius
650 842 782 880 Iudaei
801 841 952 893 quidem
973 842 1077 879 verbi
1097 841 1215 879 divini
1237 842 1405 879 umbram
1428 843 1724 893 qualenmnque,

186 910 326 948 Gentes
363 922 448 948 vero
484 907 768 958 Philosophicas
805 906 937 945 mundi
974 907 1084 944 huius
1122 907 1287 945 rationes
1324 912 1368 956 (a
1398 910 1456 956 8³)
1484 908 1723 959 pertinaciter

183 972 474 1020 obtendebant),
500 984 619 1022 neque
649 971 688 1009 in
715 970 823 1022 plebe
849 974 997 1008 tantum
1025 970 1225 1015 Ecclesiae,
1254 970 1315 1008 sed
1343 971 1443 1009 inter
1458 971 1561 1022 ipsos
1575 985 1723 1023 quoque

184 1037 389 1088 Apostolos
436 1048 709 1086 nonnunquam
755 1034 880 1083 gravis
916 1034 1107 1072 incidebat
1145 1034 1366 1086 disceptatio
1401 1035 1446 1073 de
1481 1035 1723 1074 Iudaicorum

183 1101 355 1156 inprimis
390 1101 528 1138 rituum
566 1099 812 1148 abrogatione
846 1120 898 1128 —
935 1112 1099 1150 quonam
1128 1099 1300 1137 videlicet
1329 1099 1441 1137 modo
1468 1103 1634 1151 tempore
1660 1105 1724 1139 aut

184 1167 268 1203 loco
296 1165 505 1214 abrogandi
533 1168 656 1202 essent
683 1185 732 1192 —
759 1163 797 1201 id
825 1163 926 1214 quod
955 1163 1097 1214 alioqui
1125 1164 1163 1209 in
1192 1163 1292 1201 Petri
1318 1164 1396 1209 illa,
1422 1168 1462 1202 ut
1478 1164 1552 1202 alia
1567 1169 1722 1213 taceam,

187 1244 208 1268 a
244 1231 359 1268 Paulo
398 1230 495 1267 facta
532 1228 821 1280 reprehensione
849 1227 992 1279 liquido
1021 1233 1184 1279 apparet,
1209 1249 1261 1257 —
1286 1228 1339 1266 ita
1368 1242 1414 1266 ne
1442 1242 1543 1266 nunc
1571 1229 1722 1280 quidem

185 1297 321 1334 mirum
358 1294 476 1332 videri
514 1293 636 1337 debet,
673 1296 755 1344 post
789 1297 934 1330 tantam
961 1292 1179 1343 pracsertim
1207 1292 1404 1330 universae
1431 1293 1624 1342 religionis
1652 1294 1721 1331 sub

185 1360 372 1412 Papistica
399 1357 600 1409 tyrannide
629 1356 951 1403 deformationem,
980 1357 1098 1394 cultus
1128 1356 1246 1394 divini
1272 1357 1396 1394 omnis
1422 1358 1722 1408 profanationem

184 1430 221 1465 et
257 1424 455 1464 ministerii
491 1423 606 1461 totius
635 1422 891 1460 Ecclesiastici
918 1422 1242 1468 adulterationem,
1271 1422 1303 1460 si
1331 1436 1407 1460 non
1435 1424 1474 1461 in
1502 1423 1609 1474 plebe
1635 1429 1721 1462 tan-

183 1496 264 1530 tum
312 1489 580 1533 Ecclesiarum,
615 1501 708 1539 quae
744 1488 954 1525 doctrinam
992 1487 1190 1536 Euangelii
1233 1492 1319 1525 sunt
1354 1489 1428 1526 iam
1466 1502 1512 1527 ex
1549 1490 1716 1540 professo

186 1556 389 1608 amplexae,
417 1555 481 1592 sed
507 1554 604 1591 inter
631 1552 973 1604 praestantissimos
1002 1566 1152 1603 quoque
1178 1566 1305 1590 earum
1333 1552 1526 1591 ministros
1555 1567 1629 1592 non
1657 1568 1722 1605 per

186 1621 311 1659 omnia
338 1632 491 1671 prorsus
520 1618 719 1656 convenire
746 1617 865 1669 possit
894 1617 990 1656 circa
1019 1622 1195 1655 notarum
1227 1631 1270 1655 ac
1298 1618 1538 1669 reliquiarum
1559 1619 1721 1670 Papisti-

187 1699 313 1724 carum
349 1684 645 1734 abrogationem,
683 1697 765 1721 cum
802 1683 921 1720 nihilo
958 1683 1128 1734 equidem
1165 1683 1323 1728 minore,
1359 1697 1406 1721 ne
1433 1683 1554 1722 dicam
1581 1685 1721 1723 maiore

184 1752 302 1789 multo
347 1748 578 1801 impudentia
624 1749 722 1786 fastu
769 1761 811 1785 ac
855 1748 1061 1799 pertinacia
1101 1748 1257 1786 obtendi
1295 1748 1502 1799 Papisticae
1537 1748 1721 1800 impietati

186 1816 377 1853 videamus
424 1813 527 1851 verbi
572 1812 690 1850 (livini
733 1813 883 1856 fucum,
925 1811 1120 1850 vetustatis
1158 1812 1458 1863 praerogativam
1494 1813 1719 1864 Patrumque

187 1881 273 1918 item
321 1892 363 1917 ac
409 1878 676 1923 Conciliorum,
719 1877 876 1928 denique
921 1881 958 1914 et
995 1877 1208 1915 Catholicae
1246 1877 1435 1915 Ecclesiae
1470 1879 1721 1923 autoritatem,

188 1958 297 1996 quam
327 1943 417 1981 olim
444 1955 609 1992 unquam
636 1943 680 1989 (x
708 1942 769 1988 8¹³)
798 1955 818 1978 a
847 1941 1090 1979 sacerdotum
1121 1940 1357 1992 Principibus
1387 1941 1528 1979 Scribis
1556 1946 1592 1980 et
1619 1943 1718 1980 Pha-

187 2009 316 2047 risaeis
353 2008 479 2045 Moses
514 2007 595 2057 ipse
621 2006 904 2057 Prophetaeque
932 2019 1061 2043 omnes
1089 2006 1266 2044 adversus
1295 2006 1486 2045 Christum
1513 2007 1719 2046 Dominum

187 2087 230 2111 ac
273 2072 480 2110 doctrinam
522 2071 624 2108 illius
668 2070 980 2109 obtendebantur.
1036 2071 1264 2122 Quanquam
1309 2075 1433 2110 autem
1477 2086 1596 2124 neque
1639 2074 1719 2113 sine

187 2137 417 2188 gravissimis
452 2136 748 2174 adversariorum
789 2136 1028 2180 clamoribus,
1054 2150 1174 2187 neque
1201 2137 1291 2174 item
1319 2137 1398 2175 sine
1427 2138 1717 2177 domesticorum

188 2203 402 2247 offensione,
437 2201 560 2238 cultus
595 2199 713 2237 divini
748 2200 841 2239 ritus
879 2200 988 2239 facile
1024 2214 1192 2252 unquam
1227 2202 1422 2252 repurgari
1456 2207 1605 2253 queant,
1639 2216 1717 2241 non

188 2266 271 2304 ideo
305 2270 429 2303 tamen
467 2264 527 2301 hic
556 2264 776 2302 cessandum
807 2268 874 2306 est,
902 2265 966 2303 sed
995 2265 1238 2303 adnitendum
1267 2266 1386 2303 nihilo
1413 2266 1551 2313 minus,
1577 2271 1619 2304 ut
1646 2267 1716 2305 ali-

188 2342 295 2380 quem
338 2341 576 2380 progressum
611 2341 767 2379 semper,
802 2332 879 2366 tam
914 2329 955 2366 in
993 2330 1184 2367 doctrinae
1220 2343 1331 2380 quam
1365 2331 1405 2368 in
1442 2332 1562 2368 cultus
1597 2331 1717 2369 divini

185 2393 347 2443 puritate
380 2392 645 2443 promovenda,
681 2405 747 2443 pro
784 2397 912 2430 nostra
949 2394 1048 2430 virili
1083 2395 1277 2439 faciamus,
1311 2394 1424 2432 modo
1458 2398 1501 2432 ut
1527 2395 1574 2432 ab
1610 2395 1716 2433 infir-

187 2455 349 2493 miorum
385 2455 615 2493 offendiculis
651 2456 770 2506 (quod
807 2456 847 2494 in
876 2457 986 2494 nobis
1015 2458 1163 2508 quidem
1191 2459 1264 2506 est)
1295 2471 1498 2497 caveamus.
1552 2460 1609 2496 Ac
1635 2461 1716 2498 fieri

188 2520 336 2571 quidem
373 2533 448 2557 non
484 2524 619 2571 potest,
655 2526 696 2558 ut
735 2534 843 2558 nemo
880 2522 919 2559 in
957 2522 1067 2560 nobis
1106 2522 1325 2569 offendatur,
1358 2524 1505 2562 etiamsi
1532 2538 1713 2563 summam

186 2586 248 2622 hic
282 2585 492 2622 cautionem
527 2585 784 2630 adhibeamus,
821 2599 905 2623 cum
942 2600 989 2624 ne
1029 2587 1201 2625 Christus
1239 2588 1387 2638 quidem
1423 2587 1502 2638 ipse
1529 2588 1715 2628 Dominus

187 2654 373 2700 praestare
408 2649 448 2685 id
485 2649 661 2699 potuerit,
698 2650 900 2700 quominus
937 2651 1090 2701 plurimi
1118 2652 1155 2689 in
1184 2652 1264 2703 ipso
1294 2652 1577 2700 offenderentur,
1605 2668 1715 2705 quem

187 2727 275 2751 sanc
311 2713 346 2750 in
376 2712 516 2750 mundo
545 2713 616 2749 hoc
645 2726 788 2764 semper
816 2717 1128 2765 ἀντιλεγόμενον
1157 2716 1351 2767 ipsumque
1379 2716 1592 2755 offendiculi
1618 2719 1713 2769 lapi-

187 2779 267 2815 dem
306 2781 341 2815 ct
378 2781 517 2827 petram
557 2777 720 2814 scandali
759 2792 837 2815 esse
873 2784 1031 2829 oportet.
1087 2781 1159 2818 Sed
1189 2782 1258 2818 hoc
1286 2780 1395 2818 nobis
1423 2786 1478 2818 est
1507 2783 1711 2821 cavendum

128 2890 131 2891 ⁷
185 2856 232 2880 nc
262 2846 397 2880 temero
434 2845 635 2892 nostraque
671 2841 835 2892 ipsorum
877 2843 983 2894 culpa,
1019 2843 1287 2883 infirmioribus
1316 2846 1578 2884 offendiculum
1605 2861 1712 2898 prac-
