1830 3147
232 144 295 193 [A.
320 145 365 181 D.
391 145 503 191 1544]
965 143 1032 178 568

235 255 317 291 Ncn
353 253 553 290 dubitamus
578 254 708 294 autem,
734 251 818 299 quin
844 251 924 288 boni
949 251 1172 288 consulturus
1197 252 1242 288 sis
1267 251 1355 287 hanc
1380 251 1531 287 nostram
1556 251 1764 288 admonitio-

234 329 325 358 nem,
349 327 452 363 quam
477 316 572 350 certo
597 316 753 349 statuere
775 313 881 349 debes
902 314 1075 360 proficisci
1099 325 1142 349 ex
1166 313 1363 349 Christiano
1387 313 1506 360 tuique
1530 313 1765 350 amantissimo

237 381 385 424 pectore.
433 375 480 411 Et
515 375 545 410 si
578 374 710 422 Spiritu
744 374 810 410 Dei
835 375 958 421 ageris,
983 375 1012 410 is
1035 373 1127 410 haud
1153 374 1256 410 dubie
1281 375 1318 410 id
1343 375 1392 410 ita
1415 386 1451 409 se
1476 374 1598 410 habere
1623 374 1686 410 tibi
1709 375 1767 410 de-

235 437 393 474 clarabit.
440 435 737 483 Approbationem
770 436 877 482 igitur
912 436 1102 471 vocationis
1137 438 1216 471 tuae
1241 440 1463 482 expectamus
1488 447 1530 470 ex
1554 435 1659 470 verbo
1683 436 1766 477 Dei,

236 510 338 545 quam
372 496 536 532 vellemus
568 500 609 531 ut
636 495 748 531 verbis
784 495 945 531 dilucidis
978 495 1184 543 minimeque
1219 495 1414 542 allegoricis
1440 495 1586 542 simplici
1611 495 1767 531 oratione

237 558 456 594 contesteris,
491 557 592 593 Vale.
647 558 738 592 Deus
774 559 807 592 tc
834 561 949 592 servet
973 560 1009 591 et
1034 556 1160 604 dirigat
1185 562 1303 592 nostra
1329 557 1443 592 onmia
1468 557 1510 591 ad
1539 555 1680 603 gloriam
1706 569 1767 592 no-

236 619 336 656 minis
360 620 470 655 saneti
494 619 547 655 sui
572 620 609 653 et
632 617 809 654 Ecclesiae
834 617 1127 654 aedificationem.
1175 620 1197 653 4
1222 617 1305 655 Feb.
1332 617 1392 654 A⁰.
1417 618 1520 653 1544.
1549 617 1576 661 ²)

279 731 303 768 ⁴)
326 729 467 762 Davides
497 730 638 772 Georgii,
673 729 916 762 Davidistarum
946 731 1050 761 sectae
1081 731 1184 761 autor.
1227 730 1255 769 ²)
1289 729 1333 760 Ut
1356 740 1391 759 ex
1414 728 1483 771 ipsa
1505 728 1599 770 epist.
1622 732 1768 771 apparet,

234 787 437 828 responsoria
460 786 605 818 habenda
628 798 692 819 non
715 789 773 824 est,
796 786 873 818 licet
895 786 1038 818 Davides
1061 787 1125 818 iam
1148 789 1241 818 antea
1265 786 1435 828 epistolam
1458 786 1498 817 ad.
1521 797 1593 817 eum
1616 786 1767 823 dedisset,

232 853 312 883 quae
343 845 450 874 tamen
479 842 622 874 nondum
652 842 691 874 ad
726 852 798 873 eum
820 841 1005 883 pervenisse
1028 841 1165 874 videtur.
1210 841 1260 875 Cf.
1283 850 1353 873 VON
1375 841 1541 879 Nippom),
1566 841 1766 883 Zeita-clins.

238 898 323 931 Hist.
352 899 454 930 Theol.
476 899 569 930 1863.
592 898 671 930 Heft
694 898 720 930 Ι.
745 898 776 930 S.
800 897 956 929 149—62.

235 1109 297 1144 N⁰.
323 1109 382 1143 16.
926 1108 988 1153 [iis.
1003 1111 1071 1142 Arch.
1087 1111 1166 1151 Tigur.
1185 1111 1225 1151 Ep.
1235 1110 1271 1144 lll.
1284 1111 1338 1143 277.
1351 1112 1406 1144 cisi.
1418 1122 1438 1143 c.
1452 1109 1543 1143 (iord.
1560 1122 1582 1143 s.
1595 1122 1618 1144 a.
1634 1112 1671 1144 lv.
1685 1108 1763 1153 Aia]

734 1228 791 1264 Ad
818 1228 945 1264 HENR.
972 1230 1260 1267 BULLINGERUM.

283 1349 339 1384 Ita
372 1360 455 1384 suos
487 1347 611 1395 ubique
645 1348 827 1396 coniungit
859 1350 1030 1385 Dominus
1056 1362 1116 1397 per
1141 1350 1307 1396 Spiritum
1333 1362 1443 1391 suum,
1470 1348 1522 1384 vir
1546 1345 1769 1385 doctissime!

233 1413 273 1444 ut
305 1409 439 1444 etiamsi
463 1408 670 1455 longissimis
693 1411 736 1445 ab
761 1410 908 1445 invicem
933 1411 1126 1446 intervallis
1151 1410 1280 1452 absint,
1308 1422 1420 1457 neque
1445 1410 1503 1446 alii
1527 1410 1644 1446 norint·
1666 1410 1766 1451 alios,

232 1469 267 1503 111
300 1471 457 1503 mutuum
493 1471 609 1503 tamen
643 1480 793 1504 amorem
830 1465 946 1504 nescio
983 1482 1051 1517 quo
1078 1473 1180 1516 pacto
1206 1469 1350 1504 invicem
1376 1469 1564 1514 rapiantur.
1614 1467 1657 1504 Id
1682 1480 1764 1504 sane

232 1529 294 1564 tibi
328 1541 393 1575 ego
426 1527 468 1562 de
506 1540 558 1563 me
592 1529 713 1564 testari
745 1541 836 1564 nunc
863 1541 940 1565 vere
966 1542 1119 1576 possum,
1145 1530 1214 1577 qui,
1239 1542 1317 1566 cum
1344 1533 1482 1576 propter
1507 1529 1657 1575 insignes
1681 1528 1765 1564 alias

232 1589 331 1625 dotes
365 1594 457 1629 tuas.
485 1592 558 1624 tum
585 1601 666 1625 vero
702 1589 746 1625 ob
771 1590 981 1637 singularem
1008 1591 1162 1637 inprimis
1186 1591 1361 1626 doctrinae
1387 1595 1468 1625 tuae
1493 1589 1763 1636 simplicitatem,

230 1663 332 1696 quam
358 1650 393 1685 in
418 1650 587 1696 plerisque
611 1650 689 1685 aliis
713 1662 783 1686 non
809 1651 857 1686 itu.
883 1652 1245 1699 possum‘aguoscere‚
1274 1655 1324 1687 ita
1349 1656 1384 1687 te
1408 1652 1476 1687 iam
1502 1653 1630 1698 pridem
1648 1663 1764 1687 amare

233 1711 340 1757 coepi,
376 1713 413 1744 ut
447 1715 483 1745 et
517 1711 730 1746 occasionem
766 1711 936 1746 ineundae
970 1716 1081 1747 tecum
1106 1712 1277 1747 amicitiae
1311 1711 1441 1746 dudum
1478 1711 1693 1759 quaesierim.
1729 1716 1766 1747 et

229 1783 321 1806 nuuc
356 1772 467 1806 facere
501 1770 636 1806 demum
670 1783 739 1806 nou
776 1772 958 1818 potuerim,
990 1772 1071 1818 quin
1107 1771 1149 1807 ad
1176 1779 1209 1806 te
1235 1772 1434 1813 scriberem,
1462 1772 1657 1818 praesertim
1684 1783 1763 1807 cum

231 1830 468 1870 Hermannus.
506 1832 610 1865 frater
643 1835 678 1865 et
713 1831 846 1878 collega
873 1836 990 1867 noster
1018 1833 1046 1874 ¹)
1074 1832 1137 1867 hoc
1165 1833 1245 1867 mihi
1271 1832 1402 1878 negotii
1425 1832 1590 1874 dedisset,
1618 1836 1657 1866 ut
1681 1844 1761 1867 suas

229 1891 329 1926 hasce
354 1892 470 1926 literas
495 1892 539 1926 ad
565 1896 599 1926 te
627 1893 908 1927 transmittendas
934 1904 1101 1928 curarem.

276 1952 545 1987 Mirum'autem
571 1951 635 1987 tibi
661 1952 769 1988 videri
795 1965 864 1988 11011
889 1953 1004 1995 debet,
1027 1953 1120 2001 quod
1146 1956 1181 1988 te
1202 1957 1339 1999 propter
1352 1952 1530 1988 doctrinae
1544 1953 1761 2000 potissimum

228 2014 307 2045 tuae
340 2011 597 2057 simplicitatem
636 2012 684 2047 ita
718 2025 843 2047 amem.
896 2013 1063 2060 Equidem
1100 2013 1186 2048 hanc
1215 2026 1314 2048 unam
1342 2014 1487 2048 maxime
1513 2026 1620 2055 nunc,
1645 2014 1674 2049 si
1700 2026 1763 2049 un-

228 2085 329 2118 quam
355 2073 455 2113 alias,
483 2074 713 2108 neeessariam
738 2074 904 2109 Ecclesiis
931 2087 1006 2109 esse
1032 2078 1128 2120 puto,
1155 2075 1221 2110 sub
1244 2075 1307 2110 hac
1334 2075 1531 2120 opinionum
1558 2087 1598 2110 ac
1622 2076 1763 2110 iudicio·

227 2144 301 2168 rum
335 2134 514 2172 varietate.
545 2146 646 2180 quam
679 2134 706 2169 si
743 2147 863 2170 omues
889 2136 1126 2175 observarent,
1164 2138 1276 2171 minus
1309 2135 1507 2171 hauddubie
1542 2135 1760 2171 dissidiorum

231 2206 323 2230 nuuc
357 2195 390 2229 111
429 2195 593 2230 Ecclesiis
627 2194 842 2230 haberemus.
894 2196 1068 2231 Audimus
1102 2198 1217 2242 expeti
1241 2197 1285 2233 ab
1310 2196 1479 2238 omnibus,
1506 2202 1543 2232 ut
1568 2197 1694 2232 claram
1720 2210 1760 2233 ac

226 2254 412 2289 dilucidam
438 2255 630 2290 doctrinam
655 2255 697 2290 de
723 2256 882 2290 omnibus
908 2256 1103 2292 habeamus.
1128 2258 1179 2292 At
1207 2270 1296 2297 vero,
1321 2256 1508 2303 optandum
1535 2263 1636 2299 esset,
1662 2264 1700 2293 ut
1725 2259 1760 2293 id

229 2315 372 2361 quisque
399 2326 459 2360 pro
484 2326 546 2349 sua
582 2314 672 2350 virili
699 2315 824 2362 ubique
850 2321 1054 2362 praestaret.
1106 2317 1210 2352 Nunc
1237 2316 1417 2364 plerosque
1444 2317 1612 2358 videmus.
1635 2318 1692 2364 qui
1718 2331 1760 2353 ne
1786 2329 1789 2331 ·

228 2376 264 2410 111
297 2388 350 2416 00,
382 2374 475 2421 quod
508 2375 574 2410 sibi
610 2375 778 2411 tuendum
810 2376 914 2411 semel
947 2383 1187 2423 susceperunt,
1220 2390 1351 2413 errasse
1385 2379 1628 2426 quoquomodo
1655 2378 1761 2414 videri

228 2438 374 2482 possint,
404 2448 507 2482 quam
543 2436 653 2472 multa
686 2437 749 2472 sibi
775 2438 978 2483 permittant
1003 2439 1038 2473 in
1066 2438 1266 2486 Scripturae
1291 2439 1590 2486 interpretatione,
1616 2450 1758 2483 eamque

225 2497 273 2532 ita
299 2500 458 2538 tractent,
483 2502 522 2532 ut
544 2496 721 2543 implicent
746 2497 853 2543 magis
878 2509 978 2544 quam
1005 2499 1182 2545 explicent
1207 2499 1375 2534 lectorum
1399 2500 1546 2535 animos.
1590 2498 1757 2533 Videmus

227 2557 309 2591 item
340 2556 442 2598 alios,
468 2557 528 2603 qui
554 2558 719 2604 figuratas
744 2557 858 2592 adhuc
884 2557 1079 2593 locutiones
1106 2563 1285 2601 tueantur,
1313 2560 1387 2594 sive
1412 2571 1430 2594 e
1456 2558 1657 2604 Scripturis,
1685 2558 1759 2593 sive

228 2630 246 2652 e
283 2618 447 2653 Patribus
481 2619 692 2664 desumptas,
718 2618 815 2664 quasi
840 2631 911 2654 non
937 2619 1047 2654 multo
1072 2620 1251 2655 clariorem
1276 2620 1466 2655 doctrinam
1494 2619 1643 2654 habituri
1668 2631 1758 2654 esse-

227 2691 314 2719 mus,
347 2680 392 2720 si,
421 2685 557 2714 servata
593 2679 730 2714 interim
758 2679 949 2725 scripturae
973 2679 1158 2726 dignitate,
1185 2681 1333 2727 simplici
1357 2693 1398 2716 ac
1423 2680 1575 2715 dilucida
1602 2681 1758 2715 oratione

222 2744 488 2786 exponerentur,
526 2752 613 2786 quae
644 2742 718 2775 sine
751 2744 929 2787 troporum
966 2742 1137 2788 pracsidio
1171 2748 1264 2777 recte
1301 2730 1464 2788 explicari
1498 2753 1565 2776 non
1592 2747 1754 2787 possunt.

226 2802 345 2847 Atque
378 2813 442 2846 ego
475 2801 613 2846 quidem
650 2813 719 2836 non
745 2800 844 2835 elevo
869 2802 1073 2847 cuiusquam
1100 2802 1155 2836 vel
1181 2802 1411 2837 eruditionem
1438 2801 1491 2836 vel
1515 2802 1753 2843 autoritatem,

226 2862 284 2895 sed
320 2872 396 2895 cum
434 2872 552 2895 omnes
586 2862 776 2902 fateantur,
797 2865 955 2907 oportere
982 2862 1016 2896 in
1042 2861 1197 2897 Ecclesia
1222 2862 1348 2896 claram
1375 2861 1417 2895 de
1442 2861 1599 2895 omnibus
1623 2859 1756 2896 doctri-

225 2933 303 2962 nam
337 2923 466 2965 entare,
503 2932 571 2959 non
604 2932 741 2971 possum
776 2933 845 2960 non
881 2920 1018 2970 plurimi
1051 2922 1162 2959 facere
1197 2933 1266 2962 eos,
1300 2921 1359 2970 qui
1382 2933 1466 2969 pure
1491 2933 1531 2957 ac
1555 2920 1755 2970 simpliciter
