1830 3147
171 123 218 159 30

171 231 218 269 ad
256 234 384 283 nostra
420 229 627 282 responsio,
662 234 698 268 et
725 229 916 279 egregium
946 230 1106 268 fulcrum
1134 230 1316 280 planeque
1342 229 1625 268 accommodum
1645 230 1707 268 isti

171 297 338 348 ipsorum
378 294 667 341 delitescentiac‚
702 307 815 345 quam
849 307 917 345 pro
956 307 1043 332 suae
1079 294 1165 332 fidei
1201 294 1359 332 articulo
1396 294 1527 332 haberi
1563 295 1708 334 volunt.

221 361 341 399 Venio
370 361 443 398 iam
471 360 518 398 ad
547 360 674 403 alitim,
702 359 767 410 qui
795 373 852 397 me
881 360 1065 397 Erronem
1085 364 1205 403 vocat,
1224 364 1335 410 atque
1353 359 1479 396 nescio
1500 372 1610 410 quam
1632 359 1705 397 Ee-

171 426 334 471 clesiam,
362 438 456 476 quae
483 437 559 462 non
588 424 637 462 sit
666 424 807 462 Christi
845 424 998 468 scilicet,
1034 437 1211 475 quaerere
1246 423 1350 469 dicit,
1382 429 1417 461 et
1457 423 1709 474 blasphemiae

170 503 318 542 quoquc
353 491 394 528 iu
431 489 574 527 Christi
609 489 765 527 Domini
797 489 1075 527 institutionem
1121 501 1189 540 pro
1229 488 1476 538 Syncretismi
1511 489 1580 535 sui*
1606 502 1709 527 more

169 559 332 594 accusat.
386 555 512 606 Atque
547 567 636 592 sane
670 554 812 592 invitus
849 554 948 591 facio
985 553 1087 604 quod
1124 565 1207 591 cum
1247 553 1326 590 viro
1355 553 1492 591 hocin
1521 558 1704 591 certamen

168 620 307 672 prodeo
335 622 497 670 (semper
524 619 623 657 enim
650 619 770 664 illum,
797 623 836 656 ut
863 618 988 661 debui,
1017 623 1210 656 veneratus
1245 631 1328 655 sum
1355 630 1421 668 pro
1441 618 1586 656 ratione
1604 621 1706 656 aeta-

168 686 218 724 tis
246 690 282 724 et
309 685 508 723 ministerii
535 684 625 733 sui),
652 684 717 722 sed
743 697 812 735 pro
840 684 912 721 mei
940 696 1088 721 rursum
1117 683 1321 720 ministerii
1348 683 1421 721 fide
1448 696 1492 721 ac
1512 683 1709 734 dignitate,

169 750 290 787 facere
317 761 396 787 non
423 756 586 800 possum,
613 747 704 798 quin
732 760 752 784 a
780 760 839 784 me
867 746 1046 797 depellam
1078 745 1197 796 ipsius
1232 746 1346 783 falsas
1384 749 1420 783 ct
1447 746 1601 784 minime
1629 747 1705 784 dis-

170 813 399 852 simulandas
429 812 720 850 criminationes.
748 812 933 849 Putabam
962 813 1002 848 in
1030 811 1182 848 homine
1209 811 1283 848 iam
1320 823 1413 848 cano
1451 815 1580 862 totque
1599 825 1705 863 prac-

168 883 268 917 terea
295 891 479 917 annorum
508 877 695 923 ministro,
721 877 806 927 plus
834 889 913 914 esse
941 879 977 914 et
1003 875 1141 914 mentis
1169 879 1205 913 et
1233 875 1385 914 frontis,
1416 875 1489 913 Sed
1508 877 1559 914 ita
1580 877 1706 914 nescio

170 944 359 997 quomodo
397 951 585 995 correptos
621 956 701 981 esse
729 942 835 980 video
865 946 989 980 oestro
1017 941 1180 992 quodam
1223 940 1408 978 Patronos
1435 942 1706 992 propemodum

169 1025 298 1049 omnes
327 1013 362 1059 (ε
389 1011 451 1057 4b)
478 1022 597 1047 novae
622 1009 731 1047 istius
760 1007 1047 1053 delitescontiae,
1074 1011 1116 1045 ut
1143 1020 1264 1058 neque
1300 1006 1448 1045 honesti
1484 1020 1604 1058 neque
1630 1009 1705 1046 veri

170 1077 294 1123 etiam,
321 1075 459 1114 nedum
489 1073 724 1112 Christianae
751 1072 955 1110 modestiae
983 1072 1136 1121 dignam
1167 1085 1205 1109 se
1231 1072 1415 1110 rationem
1443 1072 1602 1110 retinere
1620 1086 1709 1123 pos-

173 1142 260 1187 sint,
303 1144 427 1191 atque,
460 1139 596 1177 laxatis
632 1138 807 1176 omnibus
844 1137 1129 1175 maledicentiae
1164 1136 1293 1183 frenis,
1328 1127 1439 1175 licere
1468 1137 1540 1174 sibi
1567 1141 1711 1188 putent,

170 1206 275 1244 omni
311 1204 567 1243 conviciorum
603 1216 739 1253 genere
774 1216 836 1241 eos
875 1215 1092 1254 conspuere,
1127 1202 1192 1253 qui
1219 1202 1331 1240 modo
1360 1203 1408 1240 ab
1444 1203 1536 1254 ipsis
1573 1204 1642 1242 hac
1669 1205 1709 1242 in

169 1277 274 1323 parte
305 1269 551 1313 dissentiunt,
586 1268 836 1319 quodcunque
871 1268 948 1305 illis
984 1272 1049 1306 aut
1084 1268 1122 1306 in
1158 1272 1348 1315 mentem‚·
1367 1272 1432 1306 aut
1476 1268 1517 1306 in
1555 1269 1710 1308 buccam

171 1336 297 1374 venire
334 1334 600 1386 quoquomodo
630 1337 764 1385 potest,
792 1338 902 1384 atque
928 1333 982 1371 ita
1012 1333 1161 1370 demum
1188 1345 1259 1370 nos
1295 1346 1445 1384 quoque
1483 1339 1620 1383 cogant
1647 1348 1710 1372 ve·

169 1401 282 1439 limus
318 1401 482 1438 nolimus
519 1399 565 1437 ad
600 1398 885 1436 maledictorum
922 1411 1076 1436 suorum
1112 1397 1382 1449 depulsionem,
1418 1398 1493 1436 nisi
1527 1398 1639 1437 fidem
1675 1403 1711 1437 et

170 1466 243 1517 ipsi
279 1478 322 1504 ac
359 1465 579 1514 (lignitatem
616 1463 739 1501 nostri
774 1463 973 1501 ministerii
1010 1463 1160 1501 silentio
1197 1467 1327 1501 nostro
1356 1463 1512 1514 prodere
1541 1464 1709 1503 velimus.

171 1533 233 1570 Ita
276 1532 386 1583 plane
422 1543 491 1580 ego
528 1543 632 1568 nunc
670 1542 798 1578 cogor,
832 1542 1045 1580 quanquam
1082 1528 1235 1573 invitus,
1272 1528 1320 1566 ad
1358 1528 1593 1579 depellendas
1639 1529 1710 1568 viri

173 1597 284 1636 huius
318 1597 537 1640 calumnias,
572 1595 630 1632 cui
664 1594 836 1646 equidem
874 1594 999 1632 omnia
1028 1594 1289 1632 observantiae
1315 1607 1417 1632 meae
1445 1595 1564 1633 officia
1591 1595 1710 1633 multo

172 1661 422 1700 libentissime
450 1661 594 1698 deferre
628 1672 694 1710 pro
730 1673 812 1697 mea
847 1659 946 1697 virili
983 1660 1211 1704 maluissem,
1239 1659 1347 1697 sinon
1377 1659 1429 1697 ita
1457 1664 1602 1710 praeter
1629 1673 1706 1697 me-

173 1727 288 1765 ritum
326 1739 437 1764 omne
465 1731 595 1772 [meum
633 1729 669 1762 et
705 1724 816 1762 fidem
854 1724 927 1762 mei
954 1723 1154 1762 ministerii
1190 1727 1226 1762 et
1263 1724 1429 1762 nominis
1465 1724 1555 1762 item
1583 1725 1712 1763 existi-

173 1791 377 1829 mationem
403 1789 634 1840 impetiisset.
663 1789 762 1826 Dum
790 1789 906 1838 igitur
934 1803 991 1826 me
1019 1789 1204 1827 Erronem
1232 1794 1352 1830 vocat.
1381 1789 1508 1827 nescio
1536 1803 1611 1840 quo
1640 1803 1709 1828 no-

174 1856 276 1894 mine
310 1855 349 1892 id
383 1854 478 1892 mihi
510 1854 721 1905 exprobret.
778 1854 819 1891 Si
847 1867 905 1892 me
932 1854 1116 1892 Erronem
1145 1858 1266 1899 vocat,
1293 1853 1407 1904 quod,
1435 1855 1534 1892 velut
1567 1868 1612 1893 ex
1640 1855 1711 1893 Pa—

173 1921 246 1960 tria
272 1934 353 1958 mea
380 1921 579 1971 profugus,
603 1933 754 1971 peregre
782 1933 966 1964 maneam,
991 1933 1051 1957 me
1079 1918 1229 1970 quidem
1257 1919 1353 1956 nihil
1378 1919 1494 1970 pudet
1520 1933 1623 1958 meae
1646 1934 1710 1971 pe-

173 1986 452 2036 regrinationis,
488 1985 551 2023 sed
587 1998 646 2023 me
679 1986 737 2023 vel
773 1986 976 2037 profugum
1013 1998 1056 2023 ex
1091 1998 1172 2023 mea
1207 1985 1328 2035 patria
1364 1985 1516 2029 abiisse,
1551 1986 1610 2022 vel
1635 1986 1714 2023 ullo

176 2052 288 2090 modo
325 2050 552 2102 proscrip-(s
582 2052 721 2098 5a)tum
760 2063 840 2088 esse
877 2062 986 2098 nego,
1042 2049 1133 2086 Abii
1169 2049 1270 2087 enim
1306 2062 1350 2087 ex
1386 2062 1467 2087 mea
1512 2050 1633 2100 patria
1678 2054 1715 2088 et

176 2117 315 2156 sciente
350 2121 387 2154 et
424 2117 623 2154 clementer
658 2115 698 2153 id
734 2115 829 2153 mibi
864 2114 1103 2166 permittente
1130 2114 1228 2152 Divo
1256 2115 1346 2152 olim
1375 2114 1584 2153 Maiestatis
1613 2116 1716 2153 Tuae

175 2183 297 2226 Patre,
330 2182 370 2219 id
405 2181 508 2232 quod
542 2184 630 2219 tuae
656 2181 775 2218 'etiam
814 2180 1001 2218 maiestati
1036 2180 1275 2229 incognitum
1308 2193 1387 2218 non
1414 2193 1494 2218 esse
1521 2186 1622 2231 puto,
1650 2181 1716 2232 qui

177 2261 247 2292 me,
282 2247 350 2284 ubi
387 2246 461 2284 iam
498 2245 538 2284 iu
575 2245 696 2284 Frisia
735 2246 992 2290 considissem,
1020 2245 1227 2283 honorifice
1254 2246 1379 2290 etiam,
1406 2259 1474 2296 pro
1503 2246 1620 2294 Regia
1648 2259 1714 2283 sua

176 2312 216 2349 in
252 2325 311 2349 me
355 2311 563 2362 clementia,
588 2311 629 2348 in
655 2311 816 2362 patriam
843 2325 972 2348 rursus
999 2310 1117 2348 literis
1145 2310 1222 2348 suis
1250 2310 1463 2355 revocabat,
1489 2323 1632 2361 egoque
1660 2311 1714 2348 Il—

177 2376 250 2413 lius
279 2375 468 2414 Maiestati
494 2375 683 2426 pariturus
710 2389 823 2419 eram,
851 2375 882 2413 si
908 2375 946 2413 id
975 2375 1062 2412 fidei
1090 2388 1192 2413 meae
1225 2375 1410 2426 professio
1444 2374 1718 2426 ministeriique

177 2441 251 2479 mei
278 2440 318 2477 in
345 2439 467 2477 Frisia
497 2440 660 2490 suscepti
686 2439 783 2477 ratio
811 2453 922 2490 passa
945 2440 1087 2477 fuisset.
1134 2439 1248 2477 Quod
1277 2439 1309 2477 si
1336 2439 1415 2476 solo
1443 2439 1717 2489 peregrinatio-

179 2506 239 2543 nis
274 2517 376 2541 meae
412 2504 576 2551 nomine,
614 2504 672 2541 illi
707 2504 802 2542 Erro
841 2517 919 2542 esse
956 2504 1098 2549 videor,
1134 2505 1263 2542 eadem
1299 2517 1387 2541 sane
1422 2516 1532 2553 opera
1560 2503 1717 2554 ipsemet

179 2582 327 2621 quoque
354 2582 435 2606 erro
464 2573 532 2615 est,
556 2569 711 2620 perinde
739 2574 850 2619 atque
878 2582 959 2618 ego,
988 2582 1070 2606 cum
1100 2573 1136 2607 et
1162 2570 1244 2620 ipse
1278 2573 1381 2607 extra
1410 2581 1514 2606 suam
1541 2569 1715 2619 patriam.

178 2632 332 2685 perinde
359 2636 469 2683 atque
497 2645 565 2680 ego
593 2633 722 2670 vivat?
752 2633 791 2669 Si
820 2645 905 2670 vero
935 2645 995 2669 me
1022 2632 1208 2671 Erronem
1227 2631 1466 2686 vocat2quod
1490 2645 1563 2670 non
1586 2645 1717 2683 perpe-

179 2704 244 2737 tuo
273 2711 346 2735 uno
374 2697 578 2747 eodemque
604 2697 688 2734 loco
717 2696 918 2735 resederim
944 2696 984 2733 in
1006 2710 1085 2734 mea
1103 2697 1417 2748 peregrinatione,
1438 2697 1611 2747 equidem
1632 2702 1718 2748 post

179 2763 350 2801 relictum
371 2761 507 2799 Divino
529 2761 710 2799 beneficio
731 2761 944 2811 Papismum
963 2774 1037 2799 uno
1057 2775 1199 2813 semper
1218 2762 1420 2812 eodemque
1437 2762 1521 2798 loco
1543 2762 1580 2800 in
1598 2762 1719 2800 Frisia

180 2826 312 2874 resedi,
339 2830 598 2878 praeterquam
626 2825 727 2877 quod
752 2826 869 2863 semel
895 2829 1056 2871 tantum,
1084 2827 1131 2864 ad
1159 2827 1351 2865 visendum
1380 2826 1421 2864 in
1447 2827 1581 2865 morbo
1600 2827 1717 2879 ipsius

182 2893 333 2932 fratrem
365 2894 457 2929 natu
484 2890 661 2927 maiorem
691 2902 826 2930 meum,
853 2890 935 2939 ipso
964 2890 999 2926 id
1031 2904 1048 2927 a
1079 2904 1137 2927 me
1163 2895 1323 2941 petente,
1350 2890 1387 2927 in
1417 2891 1581 2928 Patriam
1600 2905 1716 2928 meam
