1830 3147
185 114 258 150 106

184 224 283 277 apud
320 225 499 274 Anglicas
536 224 724 263 Ecclesias
761 224 884 271 nobis,
920 225 1018 276 apud
1055 239 1122 263 nos
1159 239 1245 263 vcro
1278 227 1446 276 Anglicis
1475 240 1512 264 se
1538 227 1717 266 Ecclesiis

163 290 380 328 ¹adiunctos
409 302 487 327 esse
515 290 676 339 fingunt,
704 294 815 341 atque
842 290 893 328 ita
922 296 957 328 et
986 290 1157 340 Anglicis
1185 295 1221 328 et
1250 291 1388 329 nostris
1415 291 1552 342 pariter
1586 292 1717 329 Eccle-

184 356 249 393 siis
277 355 487 405 imponunt,
516 376 565 383 —
592 367 673 398 nos,
703 368 748 393 ne
776 356 960 404 Anglicac
978 355 1170 393 Ecclesiae
1188 369 1390 407 earumque
1412 356 1579 394 Ministri
1594 356 1717 407 impo-

184 419 296 457 sturis
328 419 460 456 talium
490 418 684 456 hominum
712 420 891 457 fallantur
927 419 1038 470 idque
1073 420 1141 457 snb
1171 421 1256 457 fuco
1284 428 1498 458 nostrarum
1529 421 1715 458 Ecclesia-

182 497 277 528 rum,
313 496 442 521 eorum
477 482 659 521 duntaxat
693 483 856 521 infantes
892 483 1136 534 baptizamus,
1173 484 1239 534 qui
1266 498 1344 522 sese
1373 485 1510 523 nostris
1541 484 1718 522 Ecclesiis

183 562 247 599 per
281 548 470 599 publicam
506 548 595 586 fidei
630 549 904 586 confessionem
942 549 1234 600 disciplinaeque
1276 549 1560 587 Ecclesiasticae
1589 550 1717 588 obser-

182 614 368 651 vationem
406 613 668 652 adiunxerant.
724 614 796 651 Sed
831 614 999 651 omnium
1036 618 1251 652 nostrorum
1287 614 1450 653 infantes
1486 615 1717 666 baptizamus

181 678 344 716 interim
382 691 427 715 ne
464 677 724 730 Anabaptistis
757 679 991 716 occasionem
1020 678 1185 729 aliquam
1214 679 1446 717 subducendi
1472 694 1493 717 a
1521 680 1715 730 Baptismo

181 743 345 781 infantes
379 756 465 781 suos
502 743 542 781 in
580 743 751 793 Anglicis
778 743 972 788 Ecclesiis‚
998 747 1196 794 praetextu
1222 748 1435 782 nostrarum
1465 745 1715 783 Ecclesiarutn

180 809 436 860 praebeamus,
471 812 534 846 aut
571 822 637 846 nos
666 809 775 846 etiam
806 809 875 846 sub
905 808 1062 846 obtentu
1090 809 1333 859 Anglicarum
1363 810 1615 848 Ecclesiarum
1644 811 1716 848 fal-

181 873 316 911 lamur.

233 938 288 976 Ut
323 942 445 976 autem
475 941 624 976 nostrae
651 938 840 977 Ecclesiae
869 942 989 977 certae
1017 952 1096 977 esse
1122 940 1418 990 pos-(118)sint‚
1451 939 1625 986 infantes,
1653 940 1716 991 qui

182 1008 271 1042 sunt
298 1003 524 1055 baptizandi,
551 1016 629 1041 esse
657 1016 784 1041 eorum
814 1016 950 1047 semen.
978 1003 1042 1054 qui
1073 1017 1110 1041 sc
1139 1004 1292 1050 nostris,
1331 1004 1383 1042 ita
1411 1008 1452 1042 ut
1480 1008 1535 1042 est
1563 1004 1717 1049 dictum,

182 1067 361 1106 Ecclesiis
395 1067 657 1113 adiunxerant,
693 1072 797 1118 pater
834 1067 912 1119 ipse
940 1067 1097 1105 infantis
1125 1068 1353 1119 baptizandi,
1377 1068 1407 1106 si
1436 1081 1509 1120 quo
1537 1068 1650 1106 modo
1677 1069 1714 1106 id

181 1133 304 1171 facere
337 1136 473 1184 potest,
506 1138 571 1171 aut
606 1133 750 1183 aliquot
779 1133 843 1170 alii
877 1137 1062 1184 spectatae
1091 1133 1177 1170 fidei
1204 1134 1243 1170 in
1270 1134 1537 1172 Ecclesia-viri
1564 1147 1606 1172 ac
1635 1147 1716 1172 mu-

179 1199 288 1237 lieres
326 1198 508 1235 infantem
542 1198 665 1249 ipsum
707 1197 755 1234 ad
782 1197 1018 1248 Baptismum
1049 1196 1218 1242 offerunt,
1245 1211 1404 1249 eumque
1432 1212 1556 1236 semen
1585 1198 1716 1236 Eccle-

180 1263 257 1301 siae
283 1276 374 1305 csse,
400 1262 549 1314 publice
574 1263 811 1313 profitentur.
867 1261 1066 1300 Neminem
1094 1268 1217 1300 autem
1246 1263 1529 1313 peregrinorum
1554 1263 1717 1314 patimur

179 1329 344 1366 infantes
373 1341 459 1365 suos
487 1327 533 1365 ad
561 1328 795 1379 Baptismum
824 1327 952 1365 offerre
979 1327 1017 1365 in
1046 1328 1187 1365 nostris
1216 1328 1407 1373 Ecclesiis,
1426 1328 1586 1379 quinon
1604 1328 1715 1377 iidem

179 1394 278 1446 apud
315 1407 384 1431 nos
421 1406 525 1431 suam
559 1393 708 1444 publice
743 1393 933 1444 professus
969 1396 1064 1431 esset
1102 1393 1393 1444 disciplinaeque
1422 1407 1500 1431 sese
1526 1394 1716 1431 Ecclesia-

179 1460 293 1497 sticae
334 1459 433 1497 ultro
471 1458 700 1504 subiecisset,
739 1472 797 1503 ne,
841 1458 905 1509 qui
948 1458 1112 1496 infantes
1150 1471 1236 1496 suos
1279 1457 1325 1496 ad
1364 1464 1537 1496 nostrum
1575 1458 1717 1510 alioqui

180 1524 413 1575 Baptisnnum
453 1536 557 1561 secus
594 1522 831 1568 obtulissent,
868 1521 1013 1559 causari
1050 1522 1197 1560 demum
1233 1527 1397 1573 possent,
1426 1535 1464 1560 se
1492 1522 1538 1560 ad
1567 1527 1715 1561 nostras

179 1589 367 1627 Ecclesias
403 1588 584 1639 pertinere
620 1592 731 1639 atque
765 1588 817 1625 ita
846 1587 1018 1625 fallerent
1053 1593 1181 1638 postea
1219 1584 1399 1636 Anqglicas
1439 1587 1626 1626 Ecclesias
1654 1602 1715 1626 ea-

177 1667 333 1705 rumque
380 1654 589 1692 Ministros.
646 1652 718 1690 Sed
762 1657 887 1690 tamen
923 1656 964 1690 ut
1000 1656 1126 1703 aperte
1158 1656 1349 1698 testemur,
1388 1657 1423 1690 et
1460 1653 1642 1701 Anglicas
1679 1657 1715 1691 et

177 1723 325 1757 nostras
361 1718 547 1756 Ecclesias
576 1731 688 1755 unam
716 1721 826 1768 atque
855 1715 1009 1753 eandem
1039 1716 1245 1754 Ecclesiam
1275 1729 1366 1761 esse,
1391 1716 1535 1754 etiamsi
1564 1716 1610 1753 ab
1640 1715 1715 1755 illis

177 1787 212 1821 et
238 1783 369 1833 lingua
397 1787 432 1820 et
469 1782 689 1820 ceremoniis
723 1780 900 1818 nonnihil
929 1780 1125 1826 variemus,
1153 1793 1229 1817 non
1257 1793 1484 1825 recusamus,
1513 1781 1714 1831 quominus

178 1847 296 1896 Angli
329 1847 493 1884 infantes
522 1850 740 1884 nostrorum
767 1845 814 1882 ad
841 1836 1091 1895 Baptismum,
1118 1848 1160 1881 ut
1202 1844 1344 1895 publici
1373 1844 1562 1882 Ecclesiae
1590 1849 1716 1890 testes,

177 1911 333 1949 offerant
359 1911 399 1949 in
427 1911 568 1949 nostris
596 1910 786 1956 Ecclesiis‚
814 1909 846 1947 si
873 1909 985 1946 modo
1014 1909 1177 1946 habeant
1204 1913 1240 1946 et
1267 1922 1373 1946 usum
1402 1909 1616 1958 linguarum
1644 1923 1712 1947 no-

178 1982 339 2014 strarum
375 1980 411 2013 et
448 1979 586 2013 certum
623 1974 773 2026 pietatis
810 1987 897 2011 suae
931 1973 1200 2016 testimonium,
1245 1974 1560 2023 quemadmodum
1593 1975 1712 2012 nostri

177 2042 341 2081 vicissim
379 2041 419 2078 in
455 2040 627 2089 Anglicis
656 2039 835 2077 Ecclesiis
864 2039 1161 2087 infan-(ll9)tes
1191 2039 1373 2088 Anglicos
1400 2039 1446 2076 ad
1477 2038 1711 2090 Baptismum

176 2106 305 2146 offerre
334 2107 465 2145 solent.

228 2172 401 2210 Habetur
436 2174 555 2209 autem
585 2169 784 2221 peculiaris
812 2169 919 2214 liber,
946 2169 986 2206 in
1013 2181 1086 2219 quo
1117 2169 1269 2207 nomina
1298 2168 1498 2207 infantium
1529 2168 1712 2213 omnium,

175 2238 242 2289 qui
269 2237 517 2288 baptizantur,
542 2239 739 2286 parentum
769 2235 881 2272 etiam
909 2234 1075 2285 ipsorum
1103 2235 1257 2272 nomina
1294 2234 1472 2284 locusque
1507 2233 1712 2272 mansionis

175 2303 354 2352 ipsorum.
391 2300 525 2339 deinde
561 2313 682 2337 annus
716 2299 838 2341 etiam,
876 2298 1014 2336 mensis
1042 2311 1085 2336 ac
1116 2298 1192 2336 dies
1220 2298 1406 2349 Baptismi
1432 2297 1710 2344 adscribuntur,

175 2379 248 2417 quo
286 2365 433 2403 facilius
471 2365 619 2402 demum
656 2364 834 2407 infantes,
871 2363 935 2401 ubi
980 2363 1224 2407 adoleverint,
1251 2362 1297 2399 ad
1327 2362 1601 2400 Catechismum
1630 2362 1706 2399 edi-

177 2429 353 2468 scendum
381 2429 619 2474 inducantur,
649 2428 680 2465 si
706 2429 876 2479 parentes
904 2430 966 2465 aut
994 2441 1013 2465 e
1040 2427 1135 2464 vivis
1163 2427 1304 2464 interea
1332 2425 1512 2464 excedant
1545 2429 1610 2463 aut
1632 2426 1708 2464 sint

175 2494 285 2533 etiam
315 2494 384 2531 bac
410 2493 449 2531 in
477 2497 581 2544 parte
608 2492 911 2542 negligentiores.
968 2492 1053 2530 Qua
1082 2491 1126 2529 de
1153 2505 1193 2529 re
1219 2492 1326 2542 plura
1354 2494 1440 2528 sunt
1469 2489 1582 2537 dicta,
1611 2491 1708 2528 circa

177 2558 410 2596 catecheseos
439 2556 738 2608 explicationem.

230 2621 377 2661 Quodsi
423 2621 571 2659 adultus
614 2621 799 2672 quispiam
844 2621 893 2658 sit
939 2619 1199 2670 baptizandus,
1244 2619 1308 2670 qui
1352 2618 1522 2656 «nondum
1570 2619 1710 2670 alioqui

175 2685 386 2738 baptizatus
415 2686 474 2730 sit,
502 2686 559 2723 vel
586 2699 605 2723 a
634 2685 839 2729 Iudaismo,
869 2684 922 2721 vel
951 2684 998 2721 ab
1029 2683 1279 2729 Ethnicismo,
1306 2687 1370 2720 aut
1397 2683 1508 2720 etiam
1535 2684 1583 2721 ab
1604 2685 1708 2721 Ana-

177 2751 351 2803 baptistis
379 2751 424 2788 ad
453 2755 620 2789 nostram
650 2750 855 2788 Ecclesiam
886 2748 1010 2787 venire
1048 2763 1159 2800 seque
1194 2749 1250 2786 illi
1277 2748 1480 2797 adiungere
1514 2752 1551 2786 et
1577 2749 1617 2786 in
1644 2748 1708 2786 illa

176 2816 359 2868 baptizari
386 2816 486 2858 velit,
511 2818 591 2853 tum
619 2815 652 2852 is
679 2815 719 2852 in
747 2814 820 2852 fide
847 2814 1007 2865 primum
1034 2813 1170 2852 instrui
1197 2813 1460 2864 publicamque
1486 2813 1586 2851 illius
1618 2826 1708 2850 con·

177 2881 377 2921 sessionem
423 2893 548 2918 coram
591 2879 758 2918 Ecclesia
800 2879 931 2918 aedere
974 2883 1009 2916 et
1047 2874 1335 2917 Ecclesiasticae
1371 2891 1449 2916 sese
1488 2877 1709 2930 disciplinae
