1830 3147
1553 81 1598 115 29

69 190 208 241 opponi
238 190 416 230 videmus.
469 190 546 227 Aut
572 188 688 237 igitur
715 188 825 227 nobis
860 191 1156 228 commonstrent
1193 189 1352 228 fartores
1378 188 1443 227 isti
1482 190 1600 227 eoele-

67 256 135 295 stis
169 255 311 307 gloriae
346 254 581 306 splendorem
617 254 656 291 in
687 253 925 292 delitescente
953 253 1023 292 sub
1049 267 1145 305 pane
1173 254 1230 293 vel
1258 255 1298 292 111
1335 267 1432 306 pane
1461 253 1602 292 Christi

67 334 233 372 corpore,
259 320 290 358 si
318 318 573 371 Capernaismi
606 318 817 370 suspicione
844 317 996 356 liberari
1024 319 1168 365 volunt,
1188 341 1240 349 —
1258 322 1323 357 aut
1350 319 1523 357 desinant
1548 318 1602 357 ita

63 385 305 438 pertinaciter
338 388 375 422 et
412 397 496 422 cum
532 383 712 422 scissione
749 383 1005 421 Ecclesiarum
1042 383 1184 430 docere,
1221 384 1324 435 quod
1359 397 1497 434 negare
1523 397 1602 422 non

63 453 234 502 possunt.
269 462 478 500 repugnare
513 447 668 486 omnino
705 447 846 497 gloriae
881 447 1103 485 Dominicae
1137 448 1381 494 ascensionis,
1421 461 1468 486 ne
1503 448 1602 486 inter

66 513 306 565 Capernaitas
358 516 612 558 numerentur,
666 511 802 562 quibus
842 511 997 562 ipsemet
1043 510 1217 550 Christus
1266 511 1450 549 Dominus
1496 524 1602 550 suam

63 578 319 617 ascensionem
358 577 528 628 opponit.
582 578 633 615 At
670 590 755 615 vero
794 576 886 614 Cato
923 576 986 614 ille
1022 579 1151 614 noster
1190 576 1334 627 quis-(e
1363 577 1509 628 3²¹)quis
1532 580 1601 621 est,

62 643 198 681 reiecta
226 643 264 681 in
292 656 360 680 nos
388 642 525 680 erroris
554 642 612 680 sui
641 642 761 693 culpa,
788 641 834 679 ad
864 641 1108 680 scholasticas
1136 654 1206 679 nos
1233 642 1401 691 argutias
1428 642 1599 689 remittit,

62 707 220 759 illasque
255 709 360 759 (prae
397 707 506 746 nobis
543 707 675 756 ebriis)
711 707 855 745 sobrias
890 720 970 745 esse
1004 707 1069 747 ait.
1121 706 1294 758 Denique
1330 707 1381 745 ita
1409 721 1469 746 eas
1498 720 1601 746 com-

64 772 228 819 mendat,
264 777 306 811 ut
342 772 460 823 ipsius
488 771 717 823 praeiudicio
746 772 893 809 facilius
929 784 1010 809 esse
1047 775 1208 817 censeat,
1244 771 1328 809 illas
1364 776 1602 810 contemnere

63 840 100 875 et
131 837 265 880 ridere,
300 850 411 888 quam
440 836 571 874 solidis
597 836 810 874 rationibus
838 836 1081 888 reprehensas
1109 836 1273 876 reiicere.
1326 836 1409 886 Ego
1440 850 1525 875 vero
1555 837 1601 875 de

63 899 202 938 scholis
231 900 292 937 hic
319 899 413 937 nihil
441 888 562 949 agam,
590 912 710 950 neque
736 899 936 946 excutiam,
963 912 1036 951 qua
1063 898 1149 944 fide,
1176 912 1270 950 quae
1293 899 1362 937 sub
1383 899 1596 937 scholarum

64 965 215 1003 nomine
251 978 272 1002 a
309 965 452 1003 Catone
487 968 618 1003 nostro
654 965 829 1012 citantur,
866 968 1001 1003 contra.
1025 977 1095 1003 nos
1122 965 1374 1016 proferantur,
1401 964 1473 1002 hoc
1500 965 1601 1003 enim

62 1030 155 1068 alias
188 1031 263 1077 fiet,
300 1029 331 1067 si
359 1029 544 1068 Dominus
571 1029 692 1068 volet:
720 1033 757 1068 et
784 1030 848 1081 qui
876 1033 1025 1068 autores
1060 1029 1176 1080 ipsos,
1212 1043 1231 1068 e
1267 1042 1428 1081 quorum
1464 1043 1601 1068 monu-

61 1095 197 1133 mentis
232 1109 275 1133 ea
302 1094 541 1146 potissimum
571 1094 765 1146 desumpta
795 1098 893 1139 sunt,
919 1094 1103 1144 legerunt,
1130 1093 1240 1133 facile
1268 1094 1461 1142 videbunt,
1487 1108 1599 1145 quam

62 1161 134 1199 ista
161 1161 320 1199 fideliter
347 1175 368 1199 a
398 1161 539 1199 Catone
567 1163 697 1199 nostro
740 1160 892 1212 eiusque
920 1160 1172 1212 Allantopoeo
1200 1163 1421 1199 tractentur.
1476 1160 1601 1198 Nobis

63 1239 150 1263 sane
179 1225 274 1264 nihil
302 1230 356 1264 est
384 1233 486 1264 nunc
515 1238 600 1263 cum
628 1225 767 1263 scholis
796 1225 957 1275 negocii,
985 1239 1005 1263 a
1034 1225 1171 1276 quibus
1201 1238 1277 1264 non
1303 1225 1431 1263 minus
1457 1224 1601 1276 alioqui

62 1291 247 1328 Catonum
277 1290 375 1328 hanc
402 1293 618 1328 nostrorum
648 1289 943 1328 delitescentiam
980 1289 1188 1341 improbari
1224 1290 1374 1337 scimus,
1402 1289 1480 1337 sed,
1508 1303 1601 1340 quo·

61 1355 162 1394 niam
200 1356 342 1394 Censor
378 1360 506 1394 noster
533 1355 681 1394 scholas
710 1369 859 1407 quoque
886 1355 931 1393 ad
963 1368 1097 1393 causae
1125 1369 1211 1394 suae
1238 1355 1489 1407 patrocinium
1517 1368 1601 1407 per-

61 1420 208 1459 trahere
236 1424 406 1466 conatur,
435 1424 482 1466 et,
510 1433 606 1472 quae
634 1434 679 1458 ex
707 1420 782 1458 illis
811 1434 849 1458 se
875 1420 1042 1471 proferre
1070 1420 1174 1466 dicit,
1200 1420 1253 1459 ita
1280 1424 1469 1472 praeterea
1488 1419 1601 1458 etiam

62 1486 182 1523 nostri
219 1485 304 1523 odio
347 1485 597 1532 commendat,
624 1488 664 1523 ut
692 1498 734 1523 ea
761 1498 838 1523 non
865 1485 919 1523 ita
948 1486 1058 1523 facile
1084 1485 1242 1524 refutari
1268 1498 1378 1536 posse
1405 1489 1602 1531 asseveret,

62 1549 134 1587 hoc
160 1553 310 1588 tantum
346 1549 393 1588 ab
428 1562 470 1587 eo
501 1549 593 1588 scire
619 1550 744 1596 velim,
772 1563 863 1587 num
890 1550 930 1588 in
958 1554 1058 1588 recta
1085 1550 1162 1597 illa,
1191 1564 1237 1588 ne
1265 1549 1388 1588 dicam
1417 1553 1600 1595 contorta,

61 1613 134 1651 fide
162 1627 227 1652 sua
254 1614 314 1661 iis,
341 1627 436 1665 quae
464 1613 532 1652 sub
561 1613 775 1652 scholarum
801 1615 945 1665 profert
971 1614 1135 1660 nomine,
1162 1614 1209 1652 ad
1236 1616 1273 1664 (ε
1292 1616 1352 1664 31))
1380 1619 1509 1653 nostra
1524 1615 1601 1652 iam

60 1679 171 1730 plane
197 1692 421 1731 responsum
447 1693 513 1731 per
542 1693 580 1718 se
606 1693 686 1718 esse
711 1683 830 1731 putet.
861 1679 901 1717 Si
928 1680 1029 1718 0111111
1056 1679 1094 1718 id
1122 1683 1241 1731 putat,
1269 1693 1335 1718 cur
1363 1680 1461 1732 apud
1491 1693 1599 1719 suum

62 1758 162 1784 nunc
199 1746 501 1796 Allantopoeum,
538 1745 634 1784 1111111
671 1758 799 1783 00111111
825 1758 991 1797 unquam
1019 1745 1077 1784 vel
1105 1746 1266 1784 sensisse
1294 1759 1332 1784 se
1373 1746 1431 1784 vel
1459 1745 1532 1784 sibi
1559 1746 1600 1784 in

61 1813 222 1848 mentem
249 1809 362 1848 etiam
388 1809 534 1848 venisse
562 1809 705 1856 scribit,
732 1823 826 1861 quae
854 1810 924 1848 sub
953 1810 1166 1849 scholarum
1194 1810 1347 1849 nomine
1382 1811 1597 1862 responsio-

63 1873 120 1911 nis
151 1886 239 1912 suae
273 1874 357 1912 loco
392 1873 592 1925 producit?
646 1875 795 1913 Profert
822 1875 1022 1913 adversum
1049 1888 1118 1913 nos
1147 1875 1290 1913 scilicet
1318 1876 1503 1927 Propheta
1530 1875 1601 1914 iste

63 1939 302 1990 Syncreticus
336 1940 384 1978 ad
421 1952 554 1978 causae
591 1953 679 1978 suae
705 1939 968 1991 patrocinium,
995 1939 1156 1991 denique
1182 1944 1219 1978 et
1245 1939 1492 1978 irrefutabilia
1520 1952 1601 1978 0550

59 2004 293 2055 pronuntiat,
320 2017 415 2056 quae
441 2018 562 2055 neque
589 2004 705 2043 sensit
732 2018 911 2056 unquam,
937 2018 1058 2056 neque
1085 2005 1158 2043 sibi
1184 2005 1225 2043 111
1251 2009 1414 2043 mentem
1433 2017 1599 2056 unquam

63 2069 208 2107 venisse
233 2069 352 2107 dicit?
382 2070 422 2106 Si
451 2082 536 2108 vero
566 2083 641 2108 non
669 2073 790 2121 putat,
818 2083 883 2108 0111
910 2070 950 2108 111
977 2083 1017 2108 re
1043 2074 1118 2108 tam
1149 2070 1257 2117 seria,
1284 2084 1472 2121 quamque
1499 2070 1599 2121 ipse-

63 2138 136 2172 met
172 2137 447 2172 sacrosanctam
484 2134 564 2172 vult
600 2147 691 2180 esse,
718 2134 770 2172 ita
797 2134 948 2173 interim
976 2135 1183 2173 scurriliter
1208 2135 1319 2181 ludit,
1347 2139 1387 2173 ut
1415 2148 1456 2173 ea
1485 2135 1596 2173 nobis

60 2198 252 2244 obtrudat,
288 2211 361 2249 quo
401 2199 476 2237 suis
513 2199 715 2250 applaudat
753 2200 981 2251 Coryphaeis
1018 2204 1130 2252 atque
1155 2200 1196 2238 111
1233 2200 1356 2251 aliquo
1386 2199 1484 2252 apud
1510 2200 1597 2240 illos

59 2264 199 2317 praetio
235 2277 315 2303 esse
350 2265 481 2316 possit,
516 2265 652 2316 quibus
687 2265 844 2316 ipsemet
869 2266 1049 2315 intelligit
1074 2266 1122 2303 ad
1150 2269 1279 2321 nostra
1307 2265 1597 2318 haudquaquam

58 2342 279 2380 responsum
307 2329 412 2367 esse?
442 2332 482 2367 ut
508 2329 659 2367 interim
688 2329 733 2367 de
759 2329 910 2367 illorum
937 2330 989 2368 ita
1019 2330 1218 2380 magnifica
1245 2344 1334 2381 prae
1361 2330 1471 2369 nobis
1492 2344 1596 2369 com-

58 2394 298 2433 mendatione
325 2398 478 2433 taceam.
509 2394 658 2443 Deligat
687 2394 760 2432 sibi
786 2395 900 2445 igitur
929 2396 1022 2434 Cato
1052 2395 1112 2433 hic
1140 2400 1278 2441 noster,
1304 2409 1373 2447 pro
1402 2409 1527 2435 scurra
1549 2410 1596 2435 ne

59 2473 107 2497 an
145 2472 231 2512 vero
268 2473 335 2511 pro
371 2459 542 2498 mendaci
580 2459 730 2498 homine
767 2460 896 2498 haberi
931 2461 1050 2506 malit,
1078 2460 1151 2498 nisi
1178 2464 1379 2512 utrumque
1405 2461 1502 2500 forte
1530 2461 1594 2500 de·

57 2523 194 2574 pellere
219 2537 239 2562 a
268 2537 306 2562 se
334 2537 411 2562 non
437 2524 570 2576 possit,
597 2524 662 2575 qui
688 2524 838 2563 interim
866 2525 960 2562 alios
988 2525 1187 2572 mendacii,
1214 2525 1245 2562 si
1273 2525 1344 2563 diis
1370 2526 1505 2577 placet,
1531 2539 1593 2564 ac-

59 2591 175 2626 cusat.
205 2587 320 2625 Quod
346 2591 469 2626 autem
498 2587 566 2625 sub
596 2588 808 2626 scholarum
836 2588 987 2626 nomine
1014 2588 1147 2635 adfert,
1167 2588 1349 2627 eiusmodi
1369 2593 1436 2636 est,
1454 2594 1492 2628 ut
1509 2602 1593 2628 cor-

57 2652 221 2702 poralem
249 2652 349 2690 intra
376 2666 445 2690 nos
473 2655 508 2700 (ε
537 2655 595 2701 4³)
624 2653 790 2704 corporis
811 2653 953 2691 Christi
981 2654 1190 2692 naturalem
1208 2655 1469 2705 praesentiam,
1487 2658 1593 2707 post-

57 2729 212 2767 eaquam
239 2717 333 2755 illud
363 2717 401 2755 in
428 2730 525 2770 pane
553 2731 690 2757 coenae
717 2732 781 2757 ore
809 2719 950 2757 carnali
993 2718 1149 2765 edimus,
1184 2731 1262 2757 non
1298 2719 1418 2768 magis
1446 2719 1593 2758 diutur-

57 2794 144 2818 nam
173 2785 323 2828 statuat,
350 2795 463 2833 quam
490 2782 672 2834 tantisper
699 2783 787 2821 dum
816 2796 967 2821 sensum
994 2796 1081 2833 erga
1107 2784 1211 2821 illam
1229 2787 1398 2822 nostrum
1417 2796 1593 2836 corpora—

58 2846 143 2882 liter
171 2846 281 2884 etiam
310 2847 402 2883 affici
433 2850 590 2886 constet.
620 2847 811 2886 Praeclara
841 2848 1009 2898 profecto
1037 2852 1117 2885 tant
1152 2847 1360 2897 Prophetae
1388 2848 1594 2900 Syncrctici
