1830 3147
160 179 233 217 2112

161 291 270 341 culpa
306 290 408 328 illius
445 288 540 336 fieri,
579 293 618 328 ut
657 303 823 342 sparsum
864 291 935 328 hoc
962 291 1100 343 ubique
1129 291 1225 329 vitae
1252 296 1421 329 aeternae
1449 304 1573 329 semen
1602 291 1693 329 alibi

158 356 406 407 praefocetur,
432 355 523 393 alibi
549 355 637 393 item
669 356 918 403 conculcetur,
947 356 1037 394 alibi
1065 369 1152 394 vero
1172 360 1325 396 arescat.
1353 356 1557 401 Nimirum,
1573 355 1693 394 Deum

160 421 347 470 placatum
375 433 454 458 esse
481 420 556 457 iam
585 421 779 459 universae
807 425 956 459 nostrae
986 421 1089 459 carni
1116 426 1151 460 et
1186 427 1318 460 nostro
1355 422 1533 472 sanguini
1557 421 1597 459 in
1625 421 1695 458 filii

160 486 217 522 sui
252 485 526 531 incarnatione,
562 491 597 524 et
626 486 819 524 Christum
847 487 935 524 item
966 486 1170 524 Dominum
1196 501 1264 538 pro
1303 487 1477 525 omnibus
1505 489 1691 524 mortuum

157 562 249 595 esse,
277 554 460 600 quatenus
489 563 616 588 omnes
645 551 684 588 in
716 552 819 588 Adae
845 551 958 602 primi
984 553 1151 602 parentis
1180 553 1300 590 nostri
1325 551 1624 601 transgressione
1647 550 1695 588 ad

160 614 274 651 vitam
310 618 494 652 aeternam
532 616 672 653 mortui
708 628 835 653 sumus
867 618 909 664 ¹),
935 621 988 663 ut,
1026 616 1341 667 quemadmodum
1376 616 1489 654 unius
1532 615 1695 653 hominis

158 681 410 729 transgressio
449 680 626 719 universo
668 681 861 719 hominum
898 682 1027 730 generi
1061 681 1224 720 exitialis
1253 683 1336 730 fuit,
1362 682 1414 720 ita
1442 681 1554 720 unius
1581 681 1694 719 etiam

160 745 321 782 hominis
349 746 505 791 iustitia,
534 746 573 783 in
603 759 713 784 carne
740 747 956 797 praesertim
990 751 1118 785 nostra
1142 748 1332 799 praestita,
1351 748 1527 786 universo
1546 759 1695 785 rursum

161 809 323 847 humano
351 812 492 859 generi,
520 810 620 861 quod
648 811 687 848 in
715 810 797 862 ipso
827 811 978 862 quidem
1006 816 1074 858 est,
1101 812 1274 850 salutaris
1301 815 1398 851 esset
1422 814 1466 861 2),
1493 816 1541 859 et,
1564 807 1693 863 quem-

158 874 361 912 admodum
405 876 518 913 unius
563 875 726 914 hominis
763 881 882 914 morte
919 879 1029 925 (376)
1066 890 1195 915 omnes
1233 877 1313 915 sine
1360 878 1434 915 ulla
1479 877 1697 928 exceptione

160 941 299 978 mortui
328 955 470 984 sumus,
505 941 557 979 ita
593 942 704 980 unius
734 942 844 980 etiam
874 942 1038 980 hominis
1067 943 1353 989 resurrectione,
1380 956 1509 981 omnes
1536 955 1699 987 rursum,

158 1011 342 1057 quantum
387 1007 426 1044 in
463 1007 545 1058 ipso
583 1012 649 1055 est,
699 1008 745 1046 ad
783 1008 897 1046 vitam
935 1008 1150 1047 excitemur.
1207 1008 1323 1046 Modo
1360 1022 1407 1046 ne
1442 1012 1588 1046 tantum
1625 1007 1698 1045 hoc

157 1073 381 1110 beneficium
418 1077 546 1111 nostra
583 1073 855 1123 ingratitudine
891 1088 911 1112 a
948 1074 1058 1112 nobis
1087 1075 1159 1126 ipsi
1186 1075 1436 1126 propellamus
1478 1077 1698 1125 partamque

160 1138 271 1175 nobis
308 1138 348 1176 in
386 1139 537 1177 Christo
574 1138 620 1176 ad
660 1139 773 1177 vitam
801 1144 989 1177 aeternam
1018 1140 1328 1178 resurrectionem
1372 1144 1500 1178 nostra
1527 1139 1599 1191 ipsi
1625 1139 1697 1177 im·

157 1204 305 1254 pietate,
343 1204 429 1241 dum
471 1204 531 1241 hic
560 1204 734 1249 vivimus,
763 1205 874 1242 nobis
903 1208 1090 1243 vertamus
1117 1205 1158 1243 in
1186 1209 1374 1243 aeternam
1414 1204 1697 1243 condemnatio-

162 1283 258 1313 nem,
286 1269 332 1307 ad
369 1282 481 1320 quem
507 1269 661 1307 modum
697 1273 733 1307 et
767 1270 827 1307 lex
867 1269 948 1313 Dei,
977 1269 1024 1307 ad
1053 1269 1166 1308 vitam
1196 1269 1296 1316 data,
1324 1269 1370 1307 ad
1400 1272 1557 1308 mortem
1586 1268 1696 1306 nobis

159 1336 308 1373 demum
337 1336 448 1373 cessit
475 1348 539 1386 per
568 1335 692 1373 carnis
720 1338 871 1372 nostrae
900 1335 1148 1386 corruptelam
1178 1348 1242 1373 seu
1268 1334 1526 1372 infirmitatem
1556 1335 1601 1382 ³).

211 1403 246 1440 4.
277 1400 396 1438 Deum
425 1413 492 1451 pro
520 1399 701 1438 ineffabili
729 1399 801 1437 hoe
830 1413 898 1437 suo
926 1413 1013 1449 erga
1042 1413 1111 1437 nos
1139 1399 1178 1437 in
1209 1399 1358 1438 Christo
1387 1398 1552 1437 Domino
1582 1398 1696 1436 bene-

158 1465 241 1503 ficio
278 1465 374 1503 nihil
403 1463 505 1502 aliud
535 1479 554 1502 a
584 1464 694 1502 nobis
731 1464 934 1515 requirere,
973 1477 1082 1515 quam
1111 1468 1152 1502 ut
1181 1477 1268 1513 erga
1295 1463 1418 1515 ipsum
1447 1462 1612 1500 vicissim
1638 1461 1698 1500 in-

160 1531 257 1580 grati
285 1544 331 1568 ne
359 1530 488 1568 simus.
519 1530 653 1581 Neque
683 1534 807 1567 tamen
836 1543 915 1567 eam
944 1543 964 1567 a
993 1528 1103 1566 nobis
1133 1529 1249 1578 exigit
1276 1527 1558 1578 gratitudinem,
1585 1539 1696 1578 quam

161 1597 241 1647 ipsa
280 1595 420 1646 alioqui
456 1594 554 1633 tanti
582 1594 755 1634 beneficii
784 1607 916 1632 suaeve
950 1594 1039 1632 item
1079 1593 1287 1631 Maiestatis
1317 1592 1538 1642 magnitudo
1566 1592 1698 1630 merito

161 1661 378 1712 postularet,
409 1661 541 1712 cuique
569 1673 638 1698 nos
666 1659 956 1711 haudquaquam
983 1673 1089 1711 pares
1118 1672 1197 1697 esse
1225 1659 1380 1696 omnino
1403 1658 1508 1696 novit
1526 1678 1577 1686 —-
1597 1661 1649 1703 ut,
1668 1656 1699 1695 si

163 1726 250 1776 quid
288 1726 327 1763 in
365 1725 478 1763 nobis
513 1725 582 1762 hae
619 1725 659 1762 in
694 1728 800 1775 parte
828 1724 1070 1770 desideretur,
1099 1737 1166 1761 nos
1195 1724 1270 1761 iam
1298 1726 1492 1775 propterea
1521 1722 1700 1760 condem-

164 1804 253 1829 nare
283 1790 369 1829 velit
396 1812 446 1819 —
475 1790 539 1828 sed
576 1789 743 1827 debitum
780 1789 853 1826 hoc
889 1793 1040 1826 nostrae
1076 1802 1163 1838 erga
1203 1801 1240 1826 se
1268 1787 1511 1838 gratitudinis
1539 1800 1560 1825 a
1588 1787 1698 1824 nobis

164 1857 245 1895 vult
273 1856 438 1906 agnosci,
467 1855 612 1894 etiamsi
634 1855 692 1893 illi
719 1868 826 1905 pares
855 1862 934 1892 esse
971 1853 1265 1905 haudquaquam
1303 1853 1503 1905 possimus,
1537 1856 1580 1890 ut
1607 1865 1701 1903 qua·

162 1921 339 1972 licunque
378 1920 480 1958 illius
517 1919 790 1969 significatione
819 1932 884 1970 pro
914 1923 1041 1956 nostra
1069 1918 1287 1956 infirmitate
1327 1918 1561 1956 obstinatum
1589 1917 1699 1954 nobis

165 1987 272 2024 illum
300 1999 343 2024 ac
369 1986 545 2024 rebellem
573 1985 689 2036 ipsius
720 1985 1108 2035 contem-(377)ptum
1136 1983 1343 2035 improbari
1368 1996 1520 2034 prorsus
1558 1995 1700 2034 nosque

167 2052 214 2089 ab
252 2065 294 2089 eo
322 2050 410 2088 fidei
436 2053 586 2088 nostrae
614 2049 831 2088 testimonio
860 2049 1002 2087 alienos
1031 2049 1140 2100 plane
1168 2062 1247 2087 esse
1275 2052 1465 2095 testemur,
1493 2051 1529 2086 et
1556 2048 1700 2098 gratui-

168 2122 243 2154 tam
281 2115 403 2152 omnis
440 2119 589 2152 nostrae
625 2113 855 2152 infirmitatis
885 2113 1203 2151 condonationem
1233 2113 1303 2151 soli
1331 2112 1448 2164 ipsius
1476 2112 1703 2162 benignitati

166 2194 211 2219 ac
246 2180 524 2219 misericordiae
558 2183 747 2230 acceptam
784 2179 960 2217 feramus.
1015 2178 1217 2217 Condonat
1252 2178 1352 2216 enim
1387 2177 1498 2216 nobis
1533 2177 1699 2227 gratuito

169 2250 318 2297 propter
346 2246 538 2283 Christum
566 2258 694 2282 omnes
724 2243 878 2282 omnino
911 2246 1061 2281 nostras
1090 2244 1342 2291 infirmitates,
1369 2257 1461 2294 quas
1488 2243 1630 2294 alioqui
1657 2243 1701 2280 fi-

168 2313 209 2349 lii
246 2312 303 2350 sui
340 2311 522 2360 sanguine
548 2310 622 2347 iam
651 2309 821 2360 expiatas
850 2310 1008 2360 eiusque
1036 2313 1226 2347 contectas
1254 2309 1413 2354 iustitia,
1441 2322 1517 2347 non
1543 2308 1702 2359 amplius

171 2378 208 2414 in
246 2391 310 2414 suo
347 2375 485 2413 iudicio
522 2374 661 2413 intueri
695 2375 885 2423 dignatur,
920 2375 1031 2412 modo
1070 2388 1116 2412 ne
1155 2374 1195 2412 in
1232 2374 1307 2411 illis
1343 2374 1453 2412 nobis
1481 2374 1703 2424 placeamus,

171 2442 297 2492 eisque
326 2441 482 2479 nimium
510 2441 649 2491 alioqui
679 2440 799 2477 securi
826 2439 1088 2489 indulgeamus
1115 2443 1226 2491 atque
1250 2439 1334 2477 illas
1351 2439 1403 2477 ita
1425 2439 1572 2476 demum
1591 2437 1701 2476 etiam

172 2506 212 2543 in
241 2505 357 2543 oculis
386 2505 455 2543 Dei
483 2508 683 2543 extenuare
710 2508 746 2542 et
774 2517 952 2541 excusare
981 2517 1172 2542 conemur.
1216 2504 1350 2554 Neque
1377 2502 1475 2540 enim
1503 2514 1570 2552 pro
1596 2501 1704 2539 infir-

174 2569 245 2606 mis
281 2569 411 2607 baberi
446 2572 615 2620 possunt,
652 2569 716 2620 qui
750 2568 790 2606 in
826 2568 907 2619 ipso
947 2568 1077 2605 morbo
1114 2568 1253 2606 malum
1289 2567 1439 2605 interim
1477 2579 1586 2604 suum
1613 2565 1704 2612 adeo

176 2647 251 2672 non
280 2638 500 2683 agnoscunt,
529 2638 571 2672 ut
598 2634 637 2672 in
665 2634 731 2671 illo
760 2633 834 2670 sibi
862 2632 973 2670 etiam
1001 2633 1185 2683 placeant,
1212 2632 1348 2670 nedum
1376 2635 1418 2669 ut
1437 2631 1516 2669 eius
1542 2630 1704 2669 remedia

175 2702 350 2749 expetant
378 2701 442 2735 aut
469 2697 514 2735 de
543 2712 608 2735 sua
637 2697 904 2735 revalescentia
933 2697 1099 2746 cogitent
1128 2710 1278 2748 quoquo
1305 2696 1432 2750 modo.

227 2764 261 2799 5.
316 2760 436 2798 Deum
472 2760 511 2797 in
541 2759 799 2798 condonandis
828 2762 980 2810 propter
1010 2759 1201 2798 Christum
1228 2758 1403 2796 omnibus
1433 2758 1572 2796 nostris
1601 2758 1705 2796 infir-

176 2825 371 2865 mitatibus
399 2838 474 2863 non
504 2825 639 2864 intueri
669 2829 860 2864 externam
888 2828 1123 2875 peccatorum
1154 2829 1369 2863 nostrorum
1396 2823 1542 2867 faciem,
1572 2828 1611 2862 ut
1638 2835 1705 2874 pro

221 2954 244 2993 ἱ)
270 2953 285 2983 1
312 2952 384 2982 (Ἰον,
410 2952 459 2982 15.
713 2953 740 2989 2)
766 2952 855 2981 Rom„
883 2952 908 2982 33.
1164 2951 1189 2989 ³)
1216 2951 1304 2981 Rom,
1330 2950 1357 2983 7.
