1830 3147
43 414 138 453 Esay.
163 413 212 444 53.

43 456 134 487 Rom.
159 456 188 489 5.

43 1077 122 1109 Gala
157 1079 185 1110 5.

43 1121 59 1152 l
86 1121 174 1152 loun.
199 1121 226 1152 1.

42 1796 168 1835 Galassh.
192 1797 221 1828 5.

43 2500 134 2530 Rom.
160 2498 188 2530 S.

43 2541 59 2572 1
86 2542 176 2572 Ioan.
200 2542 217 2571 3

43 2583 59 2614 1
85 2583 160 2614 cor.
185 2566 234 2615 12'.

42 2625 145 2656 Math.
171 2625 221 2657 13.

43 2667 144 2710 Ephe.
168 2667 199 2699 4.

326 114 399 149 406
800 118 974 146 CATECH.
1006 118 1114 146 Ech.
1142 117 1259 145 LOND.

903 220 1042 258 Interr.
1071 222 1158 258 114.
1483 265 1486 269 ¹

380 285 535 323 Illustra
566 285 637 322 hoc
665 285 758 322 mihi
786 285 972 336 exemplo,
999 285 1191 335 quomodo
1218 297 1277 322 res
1304 284 1370 322 illa
1398 296 1477 322 sese
1505 283 1669 322 habeat?

976 349 1088 400 Resp.

380 415 511 454 Quum
538 414 712 452 audimus
742 414 933 452 Christum
964 414 1009 451 ad
1037 413 1191 465 plenum
1218 426 1337 464 usque
1364 426 1432 464 pro
1461 412 1573 451 nobis
1600 411 1737 450 solvis·

329 493 381 527 se,
430 480 530 531 quod
579 479 653 531 ipsi
702 479 954 524 debuerimus,
1007 478 1109 515 illico
1157 481 1305 529 praesto
1354 482 1409 516 est
1459 477 1616 521 Sathan,
1674 476 1738 527 qui

328 545 424 583 falso
461 545 686 596 persuadere
723 543 833 581 nobis
863 548 1034 589 conatur,
1062 542 1133 580 Dei
1161 543 1461 581 miseri00rdiam
1490 542 1738 592 meritumque

328 609 484 648 Domini
512 609 653 647 Christi
679 608 927 646 nihilominus
954 607 993 645 in
1022 608 1133 646 nobis
1163 608 1238 645 vim
1266 621 1372 645 suam
1392 607 1624 654 habiturum,
1644 620 1737 658 qua·

330 688 476 726 cunque
501 674 652 713 1andem
682 673 828 711 ratione
856 673 970 711 vitam
1000 677 1170 711 nostram
1198 672 1456 711 instituamus.

905 737 1045 779 Interr.
1076 739 1162 776 115.

380 807 442 842 An
468 803 585 853 igitur
610 805 756 853 praeter
782 801 840 840 ius
867 800 919 840 ita
949 801 1190 839 crederetur?

905 866 1019 917 Resp.
1048 867 1153 915 (4lb)

380 935 515 974 Omnis
550 932 765 972 istiusmodi
800 931 893 969 fides
929 931 983 969 nil
1018 930 1093 968 nisi
1127 930 1322 968 hominum
1362 928 1636 980 beneplacitum
1671 932 1739 974 est,

327 1013 448 1052 neque
485 1012 570 1038 vera
606 997 699 1035 fides
736 996 922 1034 habenda.
977 995 1076 1033 Vera
1112 995 1210 1033 enim
1249 994 1341 1032 fides
1379 1007 1398 1031 c
1424 993 1496 1032 Dei
1525 994 1640 1031 verbo
1669 1006 1738 1031 na-

327 1066 444 1105 scitur
471 1077 535 1116 per
563 1062 639 1101 vim
669 1061 832 1113 Spiritus
861 1061 1004 1106 Sancti,
1031 1060 1096 1111 qui
1124 1073 1330 1111 numquam
1357 1059 1501 1097 otiosus
1529 1058 1569 1096 in
1587 1058 1739 1096 homine

326 1130 523 1182 reperitur,
559 1127 623 1166 sed
659 1127 788 1178 utique
830 1126 975 1163 fructus
1014 1138 1102 1163 suos
1139 1125 1281 1176 profert
1316 1124 1357 1161 in
1395 1137 1438 1162 eo
1466 1123 1575 1161 iuxta
1603 1124 1736 1172 legem.

326 1196 527 1245 Propterea
564 1205 650 1230 vera
687 1195 860 1241 certaque
897 1190 989 1227 fides
1024 1189 1094 1227 Dei
1121 1202 1187 1240 per
1216 1188 1410 1226 Christum
1439 1187 1737 1225 misericordiam

326 1274 401 1298 non
432 1262 644 1303 attestatur,
670 1256 745 1294 nisi
772 1269 840 1307 pro
870 1255 985 1293 debili
1014 1259 1143 1292 nostra
1171 1254 1350 1292 facultate
1370 1253 1463 1303 legis
1483 1252 1738 1290 obedientiam

325 1330 436 1376 atque
472 1324 625 1375 spiritus
663 1334 773 1372 opera
813 1333 958 1370 semper
993 1332 1278 1371 prosequamur,
1313 1331 1435 1369 neque
1472 1323 1604 1356 contra
1645 1329 1736 1355 con-

326 1389 520 1428 scientiam
547 1391 714 1426 nostram
743 1398 950 1436 peccemus.

907 1514 1046 1551 Interr.
1076 1514 1162 1550 116.

378 1582 546 1622 Quinam
575 1584 662 1619 sunt
690 1580 835 1617 fructus
862 1582 898 1616 ct
925 1590 1111 1628 quaenam
1138 1580 1226 1615 sunt
1255 1589 1367 1628 opera
1395 1588 1490 1627 quae
1516 1577 1622 1624 (42³)
1653 1574 1738 1626 Spi-

325 1648 420 1686 ritus
447 1646 489 1685 in
516 1645 618 1683 fideli
646 1643 849 1695 operatur?

981 1705 1095 1756 Resp.

378 1775 591 1814 Multifaria
629 1776 729 1817 sunt,
757 1771 821 1810 sed
850 1771 949 1809 dona
978 1774 1089 1820 atque
1117 1770 1262 1807 fructus
1292 1768 1468 1819 Spiritus,
1494 1780 1589 1818 quos
1617 1780 1638 1805 a
1666 1767 1739 1805 fide

326 1854 530 1892 numquam
576 1850 748 1890 separare
791 1836 891 1882 licet,
937 1847 1066 1872 omnes
1111 1834 1151 1871 in
1192 1846 1320 1871 amore
1356 1830 1739 1883 comprehenduntur,

326 1919 459 1957 nempe
493 1908 537 1942 ut
565 1903 686 1941 Deum
711 1913 800 1952 prae
828 1899 1005 1937 omnibus
1032 1897 1319 1948 proximumque
1346 1900 1517 1933 nostrum
1558 1899 1737 1945 tanquam

326 1968 548 2020 nosmetipsi
584 1966 799 2016 diligamus,
834 1977 906 2015 qua
944 1963 1143 2001 dilectione
1178 1962 1233 2006 fit,
1269 1965 1310 1998 ut
1338 1959 1517 2011 quicquid
1547 1959 1626 1997 Deo
1654 1959 1736 2010 pla-

328 2039 419 2081 ceat,
456 2033 560 2071 omni
596 2029 791 2080 diligentia
828 2027 933 2066 cordi
969 2026 1188 2072 habeamus,
1222 2025 1424 2074 diligamus
1460 2028 1496 2061 et
1531 2036 1736 2074 prosequa-

326 2112 423 2145 mur,
449 2096 697 2150 proximoque
724 2096 856 2132 nostro
886 2091 1062 2129 omnibus
1090 2089 1258 2128 iustitiae
1286 2088 1463 2140 operibus
1492 2087 1709 2125 serviamus.

908 2222 1047 2260 Interr.
1077 2222 1162 2261 117.

378 2296 488 2334 Itane
514 2305 603 2341 erga
630 2290 752 2328 Deum
779 2292 891 2339 atque
918 2286 1134 2338 proximum
1163 2288 1333 2323 nostrum
1362 2283 1501 2322 sentire
1527 2295 1597 2320 nos
1624 2293 1734 2333 opor‘

325 2364 392 2408 tet,
418 2363 461 2397 ut
487 2370 572 2397 vere
600 2353 822 2394 credamus?

904 2416 1016 2466 Resp.
1046 2414 1153 2463 (42¹2)

378 2486 622 2526 Hauddubie.
676 2483 783 2521 Haec
828 2481 926 2519 enim
975 2479 1145 2517 omnium
1181 2478 1346 2516 filiorum
1382 2475 1452 2514 Dei
1487 2474 1632 2513 indoles
1669 2477 1736 2519 est,

327 2566 552 2605 quamquam
580 2549 645 2588 alii
671 2548 755 2586 aliis
783 2547 853 2585 hac
880 2546 920 2583 in
948 2558 987 2582 re
1016 2544 1090 2582 sint
1118 2543 1362 2589 ardentiores,
1389 2540 1452 2578 sed
1473 2544 1596 2577 tamen
1618 2551 1734 2576 unus-

327 2619 486 2669 quisque
513 2629 579 2667 pro
608 2614 792 2652 donorum
819 2611 977 2653 ratione,
1004 2622 1099 2660 quac
1125 2607 1268 2646 dederit
1296 2606 1329 2644 ei
1358 2604 1555 2643 Dominus,

892 2738 1033 2778 Interr.
1063 2739 1149 2776 118.

381 2814 579 2851 Quaenam
606 2809 720 2860 igitur
748 2809 847 2844 recta
878 2816 1037 2854 veraque
1065 2802 1158 2840 fides
1187 2802 1269 2838 est?
