1830 3147
79 2110 151 2143 Esa.
174 2110 225 2142 413.

82 2155 174 2185 Rom.
199 2153 247 2184 10.

80 2196 96 2226 1
122 2195 194 2227 Cor.
218 2196 248 2226 2.

82 2460 196 2509 001055
230 2462 258 2509 1.

83 2498 171 2551 Ioan.
198 2503 245 2553 17.

82 2562 158 2593 Luc.
182 2562 233 2594 21.

84 2605 165 2636 lere.
189 2603 238 2635 37.

356 123 431 161 402
455 132 457 135 ·
832 130 1005 161 camon.
1035 131 1144 161 nch.
1174 131 1291 161 10111).

432 278 787 315 ALTERA
845 277 1432 316 CATEOHISMI
1479 277 1702 315 PARS

510 342 588 378 DE
618 342 830 379 GRATIA
858 342 968 378 DEI
991 343 1069 379 ET
1103 342 1406 380 ARTIGULIS
1437 342 1614 379 FIDEI.

935 485 1074 523 Interr.
1104 487 1190 525 104.

408 548 457 587 In
501 549 811 600 praecedentibus
857 548 1000 587 dietum
1037 554 1094 588 est
1132 563 1201 587 nos
1238 563 1258 587 a
1295 563 1428 601 poena,
1469 550 1698 588 cruciatibus
1733 553 1770 588 01

359 613 672 651 condemnatione
706 612 801 662 legis
837 613 1019 669 liberatos
1055 627 1148 659 0550,
1178 619 1423 665 nostramque
1453 613 1769 665 imperfectitudi-

359 691 442 716 nem
487 682 667 728 tanquam
714 678 918 728 perfectam
964 678 1130 729 reputari
1177 678 1352 716 coronari
1387 679 1627 729 praemioque
1663 678 1771 723 affici,
1829 676 1830 695 ³

358 747 542 794 quatenus
576 742 844 780 inconcussam
881 742 991 780 fidem
1029 742 1269 789 retineamus,
1306 765 1358 771 —
1384 747 1489 781 estne
1527 743 1598 781 1100
1627 747 1766 781 certum

356 814 469 858 atque
494 807 633 845 verax?

1003 872 1115 923 Resp.

410 936 547 982 Etiam,
593 935 689 973 sine.
719 936 796 973 ullo
835 935 962 981 dubio,
999 936 1061 973 sed
1099 947 1182 973 non*
1215 939 1363 974 tantum
1400 936 1520 982 firma,
1558 936 1620 974 sed
1658 936 1769 974 etiam

361 1014 444 1038 vera
472 1000 579 1048 (381))
607 1006 720 1051 atque
747 1000 893 1038 sincera
921 1000 994 1037 fide
1021 1000 1251 1051 apprehendi
1282 1000 1402 1039 debet.

938 1129 1076 1168 Interr.
1107 1132 1192 1169 105.

413 1195 487 1231 Cur
515 1193 612 1230 hoc?

1010 1258 1124 1308 Resp.

411 1321 604 1359 Nimirum
634 1321 850 1371 ceteroquin
880 1321 991 1358 homo
1020 1322 1137 1359 multa
1166 1334 1209 1359 ex
1237 1321 1390 1371 ingenio
1419 1334 1485 1359 suo
1515 1321 1559 1359 de
1586 1321 1666 1359 Deo
1695 1322 1768 1359 fin-

359 1400 447 1436 gere
482 1385 632 1436 quidem
671 1389 797 1436 posset
834 1399 946 1436 supra
984 1386 1063 1423 eius
1099 1386 1403 1437 promissionem,
1429 1386 1528 1436 quod
1557 1391 1680 1424 tamen
1708 1387 1768 1424 in-

360 1452 468 1489 terim
496 1451 633 1488 falsum
661 1450 909 1488 nihilominus
939 1457 1048 1489 esset.

932 1515 1069 1554 Interr.
1098 1518 1185 1554 106.

413 1581 612 1619 Quaenam
640 1580 758 1629 igitur
785 1594 872 1619 vera
898 1580 992 1618 fides
1019 1581 1102 1618 est?

1013 1646 1125 1697 Resp.

412 1717 530 1755 Recta
567 1727 728 1766 veraque
764 1712 857 1750 fides
894 1715 969 1748 tres
1006 1715 1115 1748 notas
1154 1711 1278 1757 habet,
1314 1715 1349 1749 01
1385 1711 1449 1749 ubi
1489 1711 1618 1750 harum
1653 1711 1769 1750 trium

362 1782 435 1820 ulla
465 1782 579 1827 deest,
605 1781 745 1818 frustra
771 1777 882 1816 fidem
911 1776 1174 1825 gloriabimur.

938 1904 1077 1946 Interr.
1107 1906 1192 1948 107.

414 1976 611 2017 Quaenam
640 1980 728 2014 sunt
754 1974 841 2013 illae
869 1975 974 2022 (3921)
1002 1974 1136 2010 notae?

1006 2038 1119 2088 Resp.

415 2109 539 2146 Prima
567 2110 689 2144 rectae
717 2116 899 2154 veraeque
926 2102 1013 2141 fidei
1041 2107 1130 2139 nota
1159 2107 1226 2146 est,
1253 2106 1296 2139 111
1325 2101 1395 2139 5011
1424 2101 1503 2139 Deo
1532 2101 1684 2152 eiusque
1712 2101 1768 2139 in·

366 2174 516 2212 fallibili
545 2173 658 2211 verbo
688 2169 938 2209 attendamus.

939 2231 1078 2270 Interr.
1107 2233 1194 2271 108.

418 2300 521 2339 Quid
549 2299 713 2351 prodest,
739 2297 812 2335 hoc
838 2297 890 2335 ita
918 2296 1141 2333 observare?

1013 2359 1127 2409 Resp.

417 2428 521 2467 Hinc
557 2426 818 2475 intelligimus,
855 2436 930 2462 non
964 2422 1077 2460 licere
1105 2422 1216 2460 fidem
1244 2426 1411 2461 nostram
1444 2422 1512 2460 ulli
1541 2425 1686 2473 praeter
1711 2421 1770 2473 ip-

365 2507 447 2531 sum
484 2493 603 2530 Deum
634 2495 825 2528 creaturae
854 2494 1122 2540 superstruere,
1151 2501 1268 2538 neque
1296 2501 1376 2525 esse
1405 2488 1515 2525 nobis
1545 2486 1770 2524 credendum

364 2558 402 2595 in
430 2559 542 2595 rebus
569 2557 616 2595 ad
645 2555 866 2604 religionem
894 2553 1171 2604 pertinentibus
1199 2557 1304 2590 extra
1333 2552 1586 2602 conscriptum
1616 2551 1769 2589 verbum

366 2623 448 2667 Dei,
484 2622 585 2673 quod
621 2620 824 2658 infallibile
859 2622 970 2668 atque
1007 2609 1199 2654 aeternum
1236 2622 1292 2654 est
1328 2618 1365 2654 in
1404 2620 1503 2654 certa
1531 2615 1588 2653 sui
1629 2616 1771 2654 intelli-

365 2687 513 2736 gentia:
551 2685 693 2736 alioqui
727 2685 767 2721 111
797 2696 882 2721 vera
919 2682 992 2719 11(Ιο
1019 2682 1191 2718 fallemur
1220 2686 1254 2718 01
1281 2694 1394 2732 prava
1422 2682 1566 2718 ratione
1593 2680 1630 2719 in
1661 2680 1771 2719 rebus

367 2750 505 2788 (livinis
534 2752 639 2798 (3912)
668 2747 920 2786 iudicabimus
949 2745 994 2783 ad
1025 2745 1155 2782 mundi
1184 2745 1314 2782 instar.
1355 2756 1366 2767 ·
