1830 3147
1568 133 1638 168 213

98 245 328 284 infirmitatis
365 247 513 283 nostrae
548 244 809 294 magnitudine
842 258 885 283 ac
921 245 1035 282 veluti
1071 244 1250 295 gradibus
1276 244 1378 282 illius
1406 243 1630 295 quibusdam

100 309 194 348 alios
229 322 317 361 prae
352 309 446 356 aliis,
485 312 548 348 aut
586 309 746 355 facilius,
781 313 846 348 aut
882 309 1029 358 aegrius
1064 309 1105 347 in
1140 310 1300 359 gratiam
1336 308 1504 360 recipiat.
1560 308 1633 346 Cor

100 375 201 412 enim
235 375 402 412 intuetur
434 374 513 425 ipse
550 374 712 423 (fontem
746 374 919 412 videlicet
954 373 1128 425 peccati),
1165 387 1242 412 non
1270 373 1552 423 fa-(378)ciem,
1579 377 1634 418 ut,

102 439 341 490 quantumvis
377 452 488 488 grave
525 452 568 476 ac
596 439 753 490 capitale
780 439 967 489 flagitium
994 439 1035 476 in
1064 439 1181 476 oculis
1209 439 1404 476 hominum
1431 442 1631 490 patremus,

99 503 194 541 illud
222 502 332 541 nobis
359 503 525 553 gratuito
553 503 800 542 nihilominus
831 503 1029 548 condonet,
1057 503 1087 541 si
1115 517 1136 540 a
1160 507 1289 541 nostra
1304 502 1523 540 infirmitate
1544 515 1632 553 pro-

101 568 239 606 fectum
275 580 355 605 esse
391 567 526 613 videat,
562 582 674 619 quam
702 581 770 606 nos
797 569 946 606 interim
975 581 1057 606 cum
1086 568 1167 619 opis
1195 581 1281 605 suae
1311 568 1470 605 Divinae
1496 567 1628 618 implo-

101 632 245 671 ratione
290 645 520 672 accusemus.
577 633 717 671 Contra
764 646 849 672 vero
895 634 1012 671 levem
1049 633 1255 684 quamlibet
1295 633 1456 670 humano
1493 631 1634 670 iudicio

102 698 435 748 transgressionem
476 702 626 737 aeterna
653 699 762 750 plane
789 699 1052 751 reprobatione
1081 698 1464 749 condemnationeque
1491 699 1635 749 puniat,

102 762 133 800 si
170 762 355 801 destinato
393 763 596 814 rebellique
634 764 737 801 verbi
773 764 831 802 sui
868 764 998 801 Divini
1036 764 1206 814 lucisque
1245 763 1285 800 in
1315 763 1462 801 Christo
1494 763 1635 800 delatae

101 830 315 879 contemptu
361 828 589 878 designetur,
632 829 671 866 id
716 829 816 879 quod
854 828 962 866 facile
999 828 1141 878 alioqui
1175 827 1215 865 in
1253 827 1376 864 Saulis
1404 832 1440 864 et
1477 826 1633 864 Davidis

100 905 230 942 regum
258 894 437 945 exemplis
465 894 657 931 observari
683 898 818 945 potest.
873 894 1039 931 Tametsi
1066 893 1105 930 in
1134 906 1199 930 sua
1228 892 1394 930 Ecclesia
1422 892 1524 929 aliud
1550 892 1634 929 lon-

101 970 146 1007 ge
183 957 228 995 de
264 958 427 1008 peccatis
460 958 601 996 nostris
639 958 817 996 iudicium
856 961 983 996 extare
1021 958 1109 995 velit
1144 961 1293 1008 propter
1322 957 1421 994 illius
1451 959 1635 994 sustenta-

102 1023 244 1062 tionem
282 1028 317 1062 et
346 1023 659 1065 aedificationem,
693 1037 825 1074 nempe
855 1029 905 1069 ut,
932 1037 1026 1074 quae
1052 1024 1136 1074 plus
1166 1036 1289 1061 secum
1318 1022 1493 1060 adferunt
1521 1021 1636 1060 offen-

102 1088 218 1126 diculi
251 1089 381 1139 plusve
417 1088 558 1139 alioqui
587 1085 715 1126 damni
743 1088 834 1126 dant
862 1088 1065 1134 Ecclesiae,
1092 1102 1134 1126 eo
1164 1088 1274 1126 etiam
1301 1089 1475 1137 graviora
1497 1088 1635 1137 magis·

100 1166 171 1204 que
199 1152 369 1204 capitalia
396 1166 475 1191 esse
504 1157 724 1191 censeantur
761 1153 1049 1204 operosior-eque
1084 1153 1390 1190 reconciliatione
1418 1151 1634 1189 condonen-

100 1221 174 1257 tur.
231 1218 292 1256 Sic
328 1218 480 1268 gravius
507 1219 627 1256 multo
658 1218 774 1256 videri
802 1218 925 1269 potuit
954 1218 1144 1256 Ecclesiae
1170 1218 1312 1255 iudicio
1341 1217 1497 1255 Davidis
1525 1230 1634 1268 quam

103 1282 224 1321 Saulis
260 1286 465 1333 peccatum,
502 1282 620 1320 donec
658 1282 844 1320 Dominus
880 1283 952 1334 ipsi
986 1282 1287 1332 magnitudinem
1322 1282 1466 1333 peccati
1504 1282 1639 1325 Saulis,

100 1352 175 1385 tam
211 1347 435 1398 Prophetico
464 1347 692 1391 testimonio,
720 1361 832 1399 quam
860 1361 1001 1399 poenae
1030 1348 1142 1386 etiam
1171 1348 1466 1398 subsequutione
1493 1350 1634 1399 patefe-

102 1411 223 1450 cisset.
255 1411 551 1462 ttReprobasti'',
574 1411 698 1463 inquit
724 1412 922 1464 Propheta,
955 1430 972 1447 u
988 1412 1141 1450 verbum
1159 1412 1325 1456 Domini,
1346 1419 1380 1451 et
1401 1412 1586 1451 Dominus
1605 1420 1640 1451 te

102 1475 328 1527 reprobavit,
355 1481 424 1514 etc.
480 1476 631 1515 Quibus
659 1490 748 1514 sane
787 1477 910 1515 verbis
947 1478 1047 1524 Saul,
1075 1479 1185 1527 (379)
1215 1491 1290 1516 non
1319 1482 1396 1515 tam
1423 1478 1642 1516 infirmitate

104 1554 215 1593 quam
245 1544 464 1592 contemptu
492 1555 535 1579 ac
562 1542 769 1580 rebellione
797 1556 882 1592 erga
914 1542 1034 1581 Deum
1061 1543 1188 1594 potius
1215 1557 1388 1595 peccasse
1417 1543 1639 1587 declaratur,

102 1606 318 1658 praesertim
365 1619 448 1644 cum
493 1606 572 1644 eius
609 1608 858 1657 transgressio
905 1608 1071 1657 magicae
1112 1608 1295 1659 impietati
1333 1612 1368 1646 et
1404 1608 1638 1646 idololatriae

106 1675 349 1722 comparetur.
403 1671 527 1709 Poena
555 1685 667 1723 porro
704 1673 847 1724 peccati
886 1673 942 1710 sui
981 1674 1018 1710 in
1048 1686 1088 1710 eo
1117 1673 1303 1724 patefacta
1330 1677 1398 1719 est,
1424 1673 1524 1723 qnod
1552 1687 1636 1711 eum

104 1736 306 1776 deseruerit
334 1736 495 1787 Spiritus
524 1736 594 1774 Dei
621 1750 663 1774 ac
702 1738 816 1775 Satan
854 1746 940 1775 mox
969 1737 1148 1775 invaserit
1175 1737 1351 1789 quodque
1379 1737 1636 1788 desperatione

106 1802 152 1840 ad
182 1806 386 1840 extremum
415 1801 569 1839 adactus
598 1803 836 1853 semetipsum
866 1802 1045 1840 occiderit
1069 1805 1109 1850 ¹).
1166 1803 1249 1839 Hac
1274 1803 1341 1840 tali
1369 1807 1404 1840 et
1431 1803 1639 1840 testimonii

102 1867 317 1919 Prophetici
343 1872 377 1905 et
406 1880 546 1918 poenae
574 1868 735 1905 exitialis
765 1869 1003 1915 revelatione,
1032 1870 1141 1907 facile
1168 1870 1243 1907 iam
1271 1871 1635 1922 Davidispeccatum

103 1947 124 1971 a
160 1933 281 1971 Saulis
316 1937 467 1984 peccato
504 1932 762 1972 discernimus.
819 1933 986 1972 Tametsi
1022 1934 1113 1972 alias
1142 1949 1289 1986 quoque
1318 1939 1426 1974 notas
1455 1936 1634 1986 quasdam

104 2001 138 2036 et
171 1997 401 2035 infirmitatis
437 2000 588 2035 nostrae
621 2003 657 2035 et
685 1998 796 2035 ctiam
827 2003 1063 2050 contemptus
1091 1999 1207 2050 ipsius
1234 2000 1273 2038 in
1302 2000 1497 2051 scripturis
1525 2001 1635 2039 nobis

103 2061 270 2113 proditas
306 2061 498 2106 habemus,
536 2062 673 2112 quibus
710 2062 757 2099 ab
793 2062 955 2100 invicem
994 2063 1156 2101 discerni
1182 2064 1286 2102 iuxta
1316 2065 1519 2116 scripturas
1548 2079 1633 2117 pos·

105 2127 193 2165 sint.
229 2125 417 2164 Nimirum
446 2126 676 2165 infirmitatis
704 2133 773 2172 est,
802 2142 878 2166 non
905 2142 1015 2180 posse
1043 2130 1144 2180 quod
1173 2130 1284 2173 velis:
1324 2130 1521 2181 displicere
1549 2131 1637 2169 item

107 2191 180 2229 sibi
205 2191 245 2229 in
273 2204 314 2229 ea
341 2192 549 2242 corruptela
591 2191 768 2244 illamque
797 2206 923 2231 coram
951 2195 1068 2231 oculis
1096 2194 1166 2233 Dei
1195 2208 1380 2237 accusare.
1409 2209 1485 2233 non
1514 2202 1636 2235 autem

105 2258 306 2294 extenuare
332 2268 484 2306 quoquo
512 2256 637 2301 modo,
666 2270 711 2294 ne
741 2257 860 2295 dicam
890 2270 1085 2296 accusare:
1125 2265 1315 2309 praeterea
1343 2261 1382 2297 in
1411 2261 1489 2311 ipsa
1518 2263 1636 2299 nostri

107 2320 342 2371 displicentia
388 2320 592 2358 remedium
639 2321 726 2358 mali
763 2322 883 2359 nostri
920 2327 1101 2373 expetere,
1145 2323 1312 2375 illudque
1357 2325 1525 2363 oblatum
1561 2340 1636 2364 non

105 2384 267 2430 reiicere,
305 2385 368 2423 sed
406 2385 450 2422 de
477 2398 519 2423 eo
554 2385 626 2422 sibi
653 2385 777 2437 potius
804 2387 1002 2436 gratulari:
1039 2392 1227 2438 postremo
1256 2392 1423 2427 autorem
1455 2403 1498 2428 ac
1524 2391 1638 2429 mini-

107 2454 224 2489 strum
253 2450 353 2488 illius
380 2450 590 2489 exosculari
618 2456 729 2502 atque
757 2465 881 2489 amare
910 2466 1062 2503 seseque
1088 2453 1144 2490 illi
1171 2453 1396 2504 permittere.
1428 2455 1511 2493 Hae
1539 2464 1638 2502 sunt,

104 2515 271 2567 inquam,
308 2519 418 2552 notae
453 2515 682 2553 infirmitatis
719 2521 881 2562 nostrae,
908 2516 945 2554 in
976 2517 1170 2568 scripturis
1198 2518 1309 2555 nobis
1336 2519 1518 2568 proditae,
1546 2534 1638 2570 quas

108 2580 197 2618 dum
222 2580 261 2618 in
291 2579 401 2618 corde
429 2584 558 2617 nostro
598 2581 983 2629 conscien-(380)tiae
1020 2585 1169 2619 nostrae
1195 2582 1411 2620 testimonio
1447 2585 1639 2630 sentimus,

108 2645 198 2683 certi
223 2658 303 2683 esse
328 2659 525 2696 possumus
554 2645 599 2683 de
626 2652 754 2684 nostra
779 2647 997 2685 infirmitate
1038 2647 1191 2698 eiusque
1220 2648 1495 2687 condonatione
1523 2663 1636 2701 prop-

106 2713 162 2748 ter
192 2710 394 2756 Christum,
428 2710 668 2762 quantumvis
705 2712 884 2761 grav‘ibus
911 2712 1017 2750 iuxta
1047 2713 1252 2750 humanum
1278 2713 1457 2751 iudicium
1487 2715 1640 2764 flagitiis

107 2776 265 2814 obnoxii
301 2776 429 2815 simus.
485 2777 546 2814 Sic
574 2777 710 2815 Paulus
740 2778 992 2829 conqueritur,
1022 2791 1059 2816 se
1087 2791 1163 2815 non
1191 2791 1299 2830 posse
1327 2779 1365 2816 id
1395 2780 1511 2831 sequi,
1538 2781 1639 2831 quod

152 2903 176 2943 ¹)
202 2903 217 2933 l
243 2905 325 2935 Sam.
352 2903 399 2934 16.
