1830 3147
158 74 220 123 [A.
247 74 292 110 D,
319 73 429 121 1553]
888 71 957 107 680

168 182 291 230 quirit,
324 182 375 218 ita
400 193 515 228 neque
539 180 624 217 fides
649 179 865 228 hypocritica
890 178 1057 216 beneficia
1081 180 1157 217 eius
1183 191 1265 216 vere
1289 179 1454 227 amplecti
1481 181 1610 228 potest.
1642 181 1701 217 In-

166 249 220 281 ter
246 243 314 279 alia
338 247 457 279 autem
484 255 586 279 verae
619 245 655 278 et
682 242 917 290 hypocriticae
942 241 1023 278 fidei
1049 241 1251 279 discrimina
1274 241 1364 278 illud
1388 254 1460 278 non
1485 245 1700 290 postremum

167 308 235 350 est,
270 304 367 352 quod
400 317 471 340 non
497 316 516 339 e
541 308 683 340 nostrae
708 303 853 339 rationis
878 302 1009 339 iudicio
1035 302 1168 350 colligi,
1194 303 1254 339 sed
1278 306 1403 339 autore
1427 302 1555 350 spiritu
1580 306 1702 340 sancto

166 367 334 405 cordibus
360 365 491 402 nostris
517 365 638 401 adflari
663 364 799 401 debeat.
825 364 971 411 Alioqui
996 364 1064 400 nisi
1088 364 1168 400 fidei
1188 368 1330 401 nostrae
1354 364 1390 400 in
1417 364 1517 401 nobis
1533 370 1638 401 autor
1656 365 1704 401 sit

170 430 316 477 spiritus
342 430 495 470 sanctus,
520 427 604 463 fides
630 429 751 463 nostra
786 426 873 462 nihil
905 429 960 462 est
985 439 1100 473 neque
1123 426 1208 463 fides
1234 427 1353 464 vocari
1379 439 1458 463 vere
1482 428 1612 474 potest.
1654 427 1704 463 Et

171 491 202 527 si
239 491 402 538 spiritum
435 492 597 526 sanctum
631 492 792 525 autorem
827 488 963 533 habeat,
999 501 1082 525 sane
1115 490 1178 536 qui
1203 489 1339 526 otiosus
1374 502 1446 525 non
1471 492 1525 525 est
1549 488 1586 524 in
1612 488 1702 524 exci-

171 552 289 588 tandis
331 551 374 587 ad
411 550 512 587 fidem
545 551 677 587 nostris
703 549 877 594 cordibus,
912 550 1004 586 idem
1030 562 1174 597 quoque
1206 551 1243 586 in
1268 550 1369 586 nobis
1394 550 1505 586 indies
1531 550 1640 597 magis
1665 562 1706 587 ac

172 613 282 660 magis
305 612 518 649 innovandis
544 612 681 648 otiosus
706 624 781 647 esse
806 624 878 647 non
903 613 1034 659 potest,
1061 611 1120 647 sed
1146 611 1219 647 edit
1243 611 1474 658 proculdubio
1500 624 1582 648 suos
1611 611 1704 649 fruc-

171 676 231 711 tus
267 674 303 710 in
338 674 451 718 nobis,
484 673 547 721 qui
579 686 643 709 nos
677 673 820 709 interim
845 685 916 709 non
942 685 1024 709 sane
1051 673 1185 709 faciunt
1209 673 1336 717 iustos,
1362 674 1421 710 sed
1448 673 1580 710 Christi
1606 673 1707 711 bene-

172 737 250 773 ficia
289 736 356 772 fide
394 735 571 783 amplexos
606 747 681 771 esse
713 741 750 771 et
783 735 929 782 proinde
970 735 1085 771 iustos
1118 735 1184 771 iam
1211 735 1404 783 beatosque
1428 748 1503 772 esse
1527 738 1709 772 testantur

172 801 317 847 propter
343 797 525 834 Christum
562 799 599 833 et
624 797 662 832 in
689 796 842 833 Christo.
885 796 1034 833 Iustitia
1058 797 1169 844 igitur
1200 799 1321 833 nostra
1352 810 1423 833 non
1447 797 1484 833 in
1509 797 1621 841 nobis,
1648 798 1708 834 sed

171 860 208 896 in
235 860 378 896 Christo
405 859 559 895 Domino
585 858 783 906 quaerenda
809 861 875 902 est,
909 871 1033 907 nempe
1058 858 1095 894 111
1120 859 1322 896 innocentia
1346 858 1647 907 plenisufficientia
1673 861 1710 896 et

173 922 300 958 merito
328 921 449 969 ipsius,
482 923 519 957 et
560 933 625 958 nos
650 921 740 957 insti
766 933 887 957 sumus
913 933 974 969 per
999 920 1149 957 delatam
1175 920 1275 958 nobis
1301 921 1461 967 gratuito
1486 921 1607 956 horum
1635 933 1706 957 om-

172 983 271 1019 nium
306 982 598 1026 communionem,
632 982 806 1030 siquidem
839 995 903 1019 nos
936 984 1078 1018 tantum
1113 983 1180 1019 Dei
1215 982 1420 1019 beneficium
1453 982 1534 1019 fidei
1567 986 1710 1020 nostrae

173 1057 241 1080 non
280 1044 517 1092 hypocriticae
551 1044 757 1080 testimonio
790 1043 968 1091 amplexos
994 1056 1069 1080 esse
1100 1046 1137 1080 et
1170 1045 1321 1081 retinere
1347 1044 1474 1092 spiritu
1500 1047 1623 1081 sancto
1648 1058 1709 1081 au-

173 1106 252 1140 tore
278 1104 483 1140 sentiamus.
516 1104 614 1140 Haec
641 1107 696 1140 est
720 1116 796 1140 mea
822 1104 864 1140 de
889 1107 1012 1141 nostra
1035 1104 1174 1141 iustitia
1199 1107 1236 1141 et
1259 1105 1509 1142 iustificatione
1527 1105 1712 1150 sententia,

174 1165 343 1212 Princeps
377 1165 642 1201 Illustrissime!
678 1165 799 1212 paucis
825 1168 862 1202 et
896 1166 1025 1213 raptim
1061 1178 1157 1202 nunc
1187 1168 1230 1202 ut
1263 1166 1366 1203 licuit
1400 1166 1585 1214 explicata:
1614 1169 1709 1215 post-

174 1227 236 1264 hac
269 1240 331 1275 per
357 1226 470 1263 otium
497 1226 600 1274 plura
624 1227 723 1271 dabo,
749 1227 779 1263 si
806 1227 979 1263 Dominus
1006 1227 1113 1271 volet,
1140 1227 1353 1264 Celsitudini
1379 1229 1472 1264 tuae.
1520 1228 1597 1264 Iam
1624 1231 1710 1265 tem-

172 1302 238 1337 pus
273 1288 370 1335 cogit
405 1289 508 1324 finem
542 1287 717 1325 scribendi
742 1288 865 1325 facere.
916 1288 1130 1325 Commendo
1156 1302 1211 1326 me
1236 1289 1369 1336 gratiae
1394 1291 1532 1326 vestrae
1557 1289 1710 1326 Celsitu-

173 1350 265 1386 dinis
299 1350 578 1394 Illustrissimae,
611 1353 647 1386 et
681 1350 797 1387 Deum
828 1363 902 1394 oro,
936 1353 978 1387 ut
1012 1354 1110 1387 tuam
1137 1350 1392 1388 Celsitudinem
1425 1365 1509 1388 suae
1533 1352 1712 1390 Ecclesiae

173 1412 236 1448 diu
268 1414 385 1448 servet
410 1411 631 1455 incolumem,
663 1411 786 1459 illique
811 1412 943 1459 gratias
967 1425 1045 1459 ago,
1079 1412 1175 1459 quod
1200 1415 1298 1448 tuam
1325 1412 1580 1450 Celsitudinem
1605 1427 1710 1451 auxe-

173 1474 222 1509 rit
248 1486 340 1510 nova
364 1472 475 1521 prole,
500 1486 622 1520 nempe
648 1473 732 1517 filio,
770 1473 866 1520 quod
900 1473 1041 1520 quidem
1075 1486 1168 1510 nunc
1193 1474 1345 1521 primum
1371 1475 1497 1523 accepi,
1529 1477 1565 1511 et
1589 1488 1712 1523 precor

176 1538 312 1583 patrem
339 1548 442 1571 suum
467 1535 505 1571 in
537 1534 656 1571 studio
691 1547 794 1572 verae
825 1534 1004 1581 religionis
1031 1547 1095 1571 suo
1129 1534 1213 1571 011111
1255 1539 1412 1584 tempore
1437 1536 1566 1573 referre
1589 1537 1717 1584 possit.

176 1597 323 1646 Raptim
349 1597 502 1634 Londini
528 1597 572 1632 19
599 1596 766 1643 Augusti.
815 1597 920 1632 Anno
947 1597 1050 1633 1553.
1553 1587 1558 1591 N

744 1657 840 1694 Tuae
867 1656 1080 1693 Celsitudini
1106 1656 1372 1694 illustrissimae
1396 1658 1667 1703 addictissimus,

1020 1719 1187 1756 IOANNES
1212 1719 1233 1755 a
1257 1719 1378 1756 LAsco
1404 1732 1449 1756 m.
1475 1732 1527 1767 pr.

224 1804 247 1841 ¹)
272 1803 364 1835 Edw.
386 1804 432 1835 VI
455 1803 472 1835 ἑ
495 1804 578 1836 vivis
603 1804 739 1836 exces<it
762 1805 780 1836 6
804 1805 879 1837 Iulii
906 1806 996 1837 1553.

184 2001 249 2038 ΝΟ.
275 2000 332 2037 93.
1131 2003 1201 2049 [1110
1212 2016 1224 2037 11
1235 2006 1247 2038 h
1257 2016 1268 2037 o
1279 2016 1301 2040 1.
1313 2006 1392 2047 simpl.
1409 2016 1436 2037 ac
1450 2006 1489 2039 tid.
1502 2016 1567 2039 narr.
1581 2015 1603 2046 p.
1621 2004 1714 2051 28-38]

583 2098 832 2134 Surrmcmro
861 2099 1008 2134 DANIAE
1033 2099 1127 2134 Rncr
1152 2109 1328 2136 'mmm-A.

234 2198 463 2235 Serenissime
487 2199 669 2246 Princeps,
694 2199 817 2236 inclite
843 2199 933 2243 Rex,
959 2199 1110 2235 Domine
1135 2198 1422 2236 clementissime!
1474 2198 1609 2235 Causae
1633 2198 1720 2246 peti·
1776 2197 1779 2199 ’

185 2260 365 2307 tionisque
391 2263 533 2296 nostrae
558 2261 672 2297 omnis
698 2274 834 2297 summa
859 2261 942 2297 haec
968 2264 1038 2297 est:
1065 2260 1220 2297 Dederat
1246 2260 1346 2296 nobis
1371 2260 1518 2307 gratiam
1547 2259 1722 2296 Dominus

185 2321 228 2357 in
254 2321 366 2358 oculis
393 2322 607 2358 sanctissimi
632 2322 766 2370 pridem
790 2322 942 2370 Angliae
967 2322 1076 2369 Regis
1101 2322 1257 2358 Eduardi
1281 2322 1384 2366 sexti,
1411 2334 1482 2369 quo
1499 2321 1651 2357 mundus
1668 2321 1724 2358 hic

189 2383 292 2431 plane
317 2383 446 2429 dignus
472 2396 544 2420 non
571 2386 658 2428 erat,
683 2386 728 2420 ut
753 2384 945 2431 pecul-iares
963 2384 1156 2432 peregrinis
1175 2383 1336 2421 omnibus
1353 2383 1528 2420 Ecclesias
1542 2384 1579 2419 in
1597 2383 1723 2430 Regno

189 2444 300 2491 ipsius
327 2444 577 2489 obtineremus,
606 2445 810 2493 quicunque
835 2445 1014 2494 publicum
1039 2445 1149 2482 Verbi
1175 2448 1210 2482 et
1236 2447 1541 2482 Sacramentorum
1567 2445 1722 2482 ministe-

191 2507 283 2543 rium
328 2520 399 2543 una
439 2520 520 2544 cum
553 2507 714 2555 legitimo
746 2508 1015 2544 Ecclesiasticae
1046 2507 1250 2555 disciplinae
1288 2520 1357 2543 usu
1390 2507 1492 2543 iuxta
1527 2507 1723 2543 doctrinam

191 2568 606 2614 atqueobservationem
632 2569 873 2616 Apostolicam
899 2569 1024 2605 habere
1048 2569 1144 2604 inter
1173 2581 1247 2605 sese
1273 2568 1528 2621 observareque
1547 2567 1724 2603 volebant.

196 2630 443 2666 Constituerat
461 2630 626 2666 nimirum
652 2631 730 2667 Rex
756 2630 816 2667 ille
841 2630 1075 2666 Ecclesiarum
1101 2634 1301 2667 nostrarum
1319 2630 1509 2672 ministros,
1527 2628 1590 2676 qui
1606 2628 1726 2676 lingua

196 2690 400 2726 Germaniae
432 2691 621 2735 inferioris,
657 2691 789 2727 Gallica
821 2691 906 2727 item
940 2694 1048 2738 atque
1089 2691 1216 2727 Italica
1248 2690 1496 2727 Ecclesiastico
1530 2689 1726 2726 ministerio

194 2750 335 2798 publice
367 2751 612 2798 fungerentur.
660 2751 845 2800 Templum
881 2751 982 2788 nobis
1015 2752 1121 2788 etiam
1154 2752 1259 2788 initio
1292 2765 1401 2787 unum
1427 2750 1626 2798 sumptibus
1652 2751 1726 2787 suis

196 2824 268 2847 non
310 2812 574 2848 contemnendis
611 2817 818 2860 apparatum
853 2812 1019 2859 omnique
1059 2812 1163 2860 plane
1206 2812 1457 2861 superstitione
1498 2814 1724 2858 repurgatum

197 2871 402 2916 donaverat,
440 2884 480 2909 ac
522 2885 603 2909 mox
640 2873 780 2910 demum
819 2873 959 2913 illorum
994 2886 1178 2910 numerum
1212 2877 1369 2916 auxerat,
1402 2874 1630 2920 posteaquam
1663 2884 1728 2909 nos
