1830 3147
82 891 98 923 l
123 891 197 923 Cor.
221 893 249 922 5.

371 133 444 170 474
843 142 1016 170 carruca.
1049 143 1153 170 Ech.
1183 143 1297 172 noND.

370 245 481 281 lutem
512 246 550 282 in
580 246 659 282 sola
689 246 830 284 Christi
859 251 978 284 morte
1005 260 1240 297 quaeramus,
1260 249 1375 298 inque
1399 249 1575 287 omnibus
1591 263 1637 287 ex
1658 251 1773 289 animi

369 310 553 347 sententia
589 310 668 348 eius
706 311 894 348 voluntati
930 311 1243 362 obtemperemus,
1272 326 1318 351 ne
1346 318 1479 351 eontra
1508 315 1771 353 conscientiam

369 377 535 411 nostram
565 379 719 425 peccato
747 374 998 413 involvamur.

939 440 1077 479 Interr.
1105 442 1192 479 250.

368 534 370 536 ,
420 502 523 540 Num
560 503 738 552 indignos
774 518 843 542 nos
881 503 1034 542 reddere
1068 509 1203 555 possest,
1240 507 1271 544 si
1307 520 1382 544 una
1419 520 1501 545 oum
1531 508 1698 556 indignis
1727 509 1771 546 ad

368 568 531 605 Coenam
561 569 802 606 accedimus?

1012 634 1124 685 Resp.

419 697 577 735 Minime
604 698 786 746 gentium,
813 704 996 748 quatenus
1025 711 1077 737 sc.
1106 712 1234 736 eorum
1262 705 1411 750 peccata
1441 701 1673 747 damnamus,
1690 717 1772 741 eos-

366 775 448 812 que,
486 761 571 798 dum
612 763 691 799 nossi
727 761 838 799 nobis
875 762 951 799 sint.
978 763 1155 813 ullusque
1182 763 1228 801 ad
1256 777 1319 802 eos
1347 764 1469 802 aditus
1499 767 1610 804 nobis
1636 773 1772 818 pateat,

366 825 566 874 diligenter
594 826 839 863 admonemus
867 827 945 864 sive
971 827 1018 863 ab
1048 827 1131 864 aliis
1159 827 1352 865 admoneri
1373 842 1557 868 curamus.
1586 832 1652 868 Ius
1673 832 1769 869 enim

366 889 721 927 excommunicandi
749 890 842 927 alios
874 891 1015 928 nemini
1044 891 1116 928 soli
1145 893 1336 942 competib,
1364 894 1427 930 sed
1457 894 1493 932 in
1522 896 1641 932 totius
1669 897 1770 943 (92²³)

367 952 560 991 Ecclesiae
586 958 771 1005 potestate
801 955 916 993 situm
943 961 1010 993 est.
1067 956 1136 993 Cui
1165 969 1312 1007 semper
1340 957 1412 995 hoc
1439 972 1589 1010 quoque
1615 961 1770 998 manda-

364 1020 444 1054 tum
482 1026 536 1054 est
573 1018 745 1064 officium,
780 1023 822 1055 ut
859 1018 896 1056 in
936 1018 1038 1056 hisce
1065 1019 1179 1056 rebus
1206 1021 1522 1070 quemadmodum
1550 1023 1589 1060 in
1617 1023 1771 1074 reliquis

366 1080 541 1118 omnibus
571 1081 746 1132 dispiciat
774 1095 867 1132 quae
904 1082 1042 1130 corrigi
1070 1083 1305 1120 emendarive
1333 1085 1491 1135 possint,
1520 1099 1565 1124 ne
1591 1087 1631 1124 in
1661 1086 1769 1124 dissi-

365 1144 552 1194 pationem
582 1146 702 1191 abeat,
729 1147 830 1197 quod
858 1147 896 1184 in
925 1147 1223 1185 aedificationem
1243 1161 1264 1185 a
1283 1148 1447 1187 Domino
1467 1149 1680 1189 institutum
1699 1156 1767 1191 est.

794 1289 900 1316 murs
929 1290 1195 1318 CATECHISMI.
1225 1282 1328 1328 (92¹0
