1830 3147
771 161 840 201 737
1297 157 1356 207 [A.
1383 156 1428 195 D.
1454 155 1568 205 1556]

30 287 231 312 successum
255 272 411 310 nondum
436 272 558 308 audire
582 271 696 319 potui.
734 271 788 307 De
813 270 865 306 his
891 269 1053 306 omnibus
1079 281 1153 312 vos,
1178 268 1319 305 Fratres
1343 268 1382 304 in
1407 267 1560 304 Domino

29 335 252 372 observandi!
287 334 455 371 certiores
490 332 601 368 facere
633 331 742 375 volui,
777 330 875 367 nullo
901 330 1043 377 quidem
1068 329 1200 372 ordine,
1226 329 1287 365 sed
1311 332 1353 365 ut
1378 329 1462 365 mihi
1487 341 1561 365 sese

29 397 220 433 offerebant
254 400 290 432 et
322 393 488 430 valetudo
514 393 750 441 permittebat.
801 392 951 428 Interim
975 404 1039 428 vos
1065 403 1138 434 oro,
1165 394 1206 427 ut
1232 391 1384 427 Domino
1411 390 1560 426 Calvino

29 460 154 494 nostro
179 470 218 493 ea
243 457 350 493 etiam
376 455 491 492 omnia
517 454 690 490 indicetis,
732 453 836 499 Quod
860 455 981 496 restat,
1008 465 1069 488 oro
1106 464 1169 488 vos
1196 451 1394 498 diligenter,
1419 452 1562 487 Fratres

32 519 118 554 mei!
161 522 203 554 ut
236 529 375 554 causam
407 520 564 552 nostram
597 515 757 563 precibus
783 514 910 550 vestris
937 516 972 550 et
997 517 1194 549 vestrarum
1221 512 1455 548 Ecclesiarum
1481 524 1562 558 sup-

31 579 137 628 plices
162 578 425 619 commendetis,
452 581 493 612 ut
519 580 641 612 nostro
667 575 730 611 1100
756 575 884 611 itinere
910 574 1066 610 fructum
1092 573 1242 620 aliquem
1269 573 1303 608 in
1329 572 1564 620 promovenda

30 652 91 687 per
116 652 226 675 meam
251 638 399 686 patriam
427 637 607 674 doctrinae
632 649 735 672 sanae
760 639 795 672 et
819 635 938 672 cultus
965 634 1095 682 publici
1120 634 1287 682 puritate,
1314 634 1349 669 in
1381 633 1560 680 pacifican-

31 700 84 736 dis
116 701 201 736 item
236 699 352 747 quoad
385 699 462 751 fieri
494 701 612 747 potest
643 697 795 734 dissidiis
829 697 1002 741 omuibus,
1036 696 1171 732 adferre
1204 709 1265 744 per
1307 695 1374 732 Dei
1412 695 1559 742 gratiam

32 762 217 809 possimus,
251 760 374 797 deinde
408 763 451 796 ut
486 759 752 796 communicatis
777 771 857 794 cum
891 758 1043 794 Domino
1077 757 1224 793 Calvino
1250 756 1417 799 consiliis,
1443 769 1497 792 me
1522 755 1564 791 de

32 825 150 858 vestra
175 822 278 858 simul
305 821 460 858 omnium
487 820 688 864 voluntate,
712 819 808 867 quod
833 820 875 855 ad
902 819 1126 856 Conventum
1151 821 1324 862 nostrum,
1345 819 1445 855 cuius
1463 821 1566 855 antea

37 883 188 927 memini,
215 884 356 927 attinet,
382 883 596 919 unanimiter
621 882 805 918 certiorem
831 881 978 918 faciatis.

82 944 158 980 lam
184 956 280 988 vero,
305 944 352 979 mi
374 943 594 991 Bullingere!
622 956 693 979 non
718 946 773 979 est
799 943 894 989 quod
919 955 939 977 a
965 941 1145 978 Saxouieis
1171 941 1318 988 ingeniis
1344 940 1381 976 in
1405 939 1470 976 tali
1494 940 1564 975 col·

35 1006 156 1053 loquio
190 1018 398 1053 magnopere
431 1009 639 1047 metuamus,
675 1005 776 1041 modo
811 1004 987 1040 Dominus
1019 1003 1080 1039 det
1113 1003 1272 1050 gratiam,
1306 1005 1347 1038 ut
1379 1001 1566 1049 procedere

33 1068 157 1114 possit,
191 1071 421 1114 posteaquam
457 1066 761 1113 'Wittebergenses
795 1065 861 1113 ipsi
894 1067 1049 1108 monent,
1081 1077 1125 1100 ne
1157 1065 1326 1111 utrinque
1359 1063 1566 1099 turbulenta

35 1126 175 1172 ingenia
199 1126 242 1162 ad
267 1128 481 1162 conventum
508 1125 708 1161 istiusmodi
732 1125 978 1168 admittantur,
1005 1127 1040 1160 et
1066 1136 1137 1160 11011
1163 1123 1309 1160 obscura
1327 1123 1411 1159 dant
1429 1122 1567 1166 indicia,

36 1199 73 1223 se
105 1201 126 1223 a
160 1187 260 1224 nobis
286 1201 357 1224 non
385 1199 592 1235 magnopere
617 1187 814 1223 dissentire.
863 1186 979 1232 Quare
1014 1189 1051 1222 te
1086 1198 1148 1221 oro
1181 1195 1245 1233 per
1269 1185 1460 1228 Christum,
1486 1185 1567 1220 date

35 1261 185 1295 operam,
221 1252 263 1284 ut
296 1262 314 1285 e
348 1248 447 1285 vobis
472 1248 583 1295 aliqui
609 1248 712 1284 etiam
738 1247 866 1291 adsint,
893 1260 964 1283 non
989 1250 1031 1282 ut
1056 1246 1238 1282 auditores
1263 1249 1413 1290 tantum,
1440 1246 1500 1282 sed
1526 1251 1568 1281 ut

33 1322 158 1346 causae
183 1311 267 1346 socii
293 1314 328 1346 et
353 1310 602 1358 pacificatores.
629 1310 682 1345 De
708 1310 902 1345 Hessorum
927 1309 1092 1356 Principe
1117 1311 1152 1344 et
1179 1309 1252 1344 suis
1278 1321 1348 1344 non
1381 1311 1434 1344 est
1469 1308 1562 1354 quod

37 1371 250 1415 dubitemus,
286 1385 364 1408 nam
395 1372 470 1419 ipse
502 1376 622 1419 aperte
648 1374 802 1407 testatus
829 1374 883 1407 est
910 1370 1032 1406 multis
1057 1370 1294 1413 audientibus,
1321 1382 1358 1405 se
1383 1369 1565 1405 nobiscum

37 1433 179 1476 sentire,
205 1446 268 1469 1100
294 1445 330 1469 30
355 1445 540 1481 passurum
567 1445 653 1476 0330,
679 1435 722 1467 ut
747 1432 934 1479 quisquam
960 1432 996 1467 in
1021 1443 1085 1467 sua
1109 1430 1245 1467 ditione
1262 1430 1459 1477 tragoedias
1476 1429 1568 1465 ullas

41 1495 173 1530 excitet
198 1495 460 1530 controversiae
486 1495 590 1530 huius
615 1494 768 1530 1101111110.
794 1494 842 1529 Et
867 1493 1045 1541 praecipui
1070 1493 1243 1528 Doctores
1274 1492 1349 1527 eius
1368 1504 1488 1527 omnes
1508 1504 1570 1527 no-

44 1555 177 1591 biscum
211 1555 353 1591 omnino
389 1555 536 1599 faciunt,
579 1555 627 1591 sic
660 1559 703 1590 ut
737 1554 780 1590 ab
813 1555 889 1602 ipso
931 1553 1084 1590 Domino
1112 1553 1187 1589 Deo
1213 1553 1428 1588 occasionem
1455 1551 1570 1587 nostri

47 1615 217 1663 colloquii
251 1616 366 1652 offerri
401 1629 468 1652 non
511 1615 680 1658 dubitem,
722 1619 758 1651 et
793 1615 822 1650 si
847 1614 942 1650 illam
969 1613 1196 1660 negligamus,
1223 1626 1287 1649 nos
1312 1612 1470 1660 profecto
1497 1612 1571 1647 sinc

40 1677 144 1726 culpa
169 1691 240 1713 11011
268 1677 342 1714 fore
366 1678 402 1714 in
430 1677 557 1713 iudicio
584 1678 664 1713 Dei.
715 1677 826 1712 Plura
851 1676 916 1711 iam
943 1689 1015 1712 non
1040 1688 1193 1722 possum,
1218 1675 1321 1710 finem
1347 1675 1456 1721 igitur
1484 1674 1571 1709 facio

39 1744 76 1775 et
103 1740 216 1775 Deum
243 1752 316 1782 oro,
343 1742 384 1775 ut
410 1742 446 1775 et
471 1739 570 1774 vobis
597 1741 633 1774 et
658 1738 758 1774 nobis
783 1737 876 1774 adsit
902 1737 1038 1785 Spiritu
1055 1738 1182 1773 Sancto
1201 1749 1276 1779 suo,
1296 1736 1391 1772 utin
1409 1735 1571 1771 omnibus

43 1801 175 1837 nostris
200 1801 356 1837 consiliis
382 1805 417 1837 et
444 1800 641 1837 actionibus
669 1800 734 1836 Dei
760 1802 842 1835 aute
868 1799 984 1835 omnia
1008 1798 1155 1846 gloriam
1181 1810 1400 1845 quaeramus.
1434 1797 1574 1833 Salutat

42 1876 106 1899 vos
139 1863 292 1899 Achates
326 1863 393 1899 mei
427 1862 563 1898 itineris
589 1861 837 1898 officiosissime
862 1861 906 1897 D.
932 1860 1169 1903 Utenhovius,
1196 1865 1231 1896 et
1257 1872 1321 1906 ego
1353 1872 1416 1896 vos
1443 1859 1573 1907 pariter

44 1924 148 1960 isthic
172 1924 314 1960 Fratres
341 1930 374 1960 et
402 1924 607 1971 Symmistas
633 1935 752 1959 01111103
778 1924 979 1958 reverenter
1005 1921 1138 1958 salvere
1163 1921 1276 1957 iubeo.
1303 1920 1429 1957 Valete
1446 1920 1482 1956 in
1501 1920 1571 1956 Do-

47 1985 142 2021 mino
167 1997 298 2021 omnes.
348 1984 504 2032 Raptim.
558 1983 801 2019 Wratislaviae
823 1982 864 2027 Ι3)
891 1983 933 2018 28
960 1982 1150 2019 Novembr.
1177 1983 1281 2018 1556.

92 2045 132 2081 P.
160 2047 194 2082 S.
244 2045 333 2082 Heri
365 2045 480 2092 accepi
511 2057 553 2080 ex
585 2044 697 2080 literis
729 2043 815 2080 civis
840 2043 895 2079 hic
920 2042 1113 2087 cujusdam,
1154 2043 1270 2091 Papae
1301 2042 1487 2089 Legatum,
1512 2042 1573 2088 qui

44 2109 99 2143 est
124 2107 161 2142 111
186 2119 260 2143 mea
286 2106 418 2150 Patria,
445 2106 609 2142 mandato
635 2105 743 2153 Regis
768 2105 902 2141 iussum
927 2117 1003 2141 esse
1028 2104 1122 2141 abire
1147 2104 1188 2140 ab
1206 2104 1286 2140 aula
1306 2106 1362 2151 ¹⁴),
1381 2103 1440 2140 sed
1458 2103 1574 2139 1103010

46 2181 118 2217 qua
143 2168 325 2206 occasione
349 2170 412 2204 aut
437 2179 552 2204 causa.
602 2166 738 2202 Erratis
762 2166 948 2213 ignoscite,
974 2167 1128 2212 relegere
1153 2166 1245 2201 enim
1271 2177 1342 2201 non
1368 2165 1517 2200 vacavit.

822 2227 944 2264 Vestri
969 2227 1050 2264 istic
1075 2226 1231 2264 omnium
1256 2226 1529 2262 amantissimus.

93 2355 118 2394 ¹)
141 2354 247 2386 Valer.
271 2353 424 2385 Pollanus
448 2351 586 2395 primum
610 2351 643 2383 in
666 2351 793 2393 Aiiglia,
818 2351 891 2383 dein
914 2351 1062 2383 Francof.
1085 2351 1173 2382 Eccl.
1190 2361 1312 2393 peregr.
1330 2350 1413 2382 Gall.
1429 2350 1583 2392 praefuit.

49 2412 80 2450 Ξ)
101 2409 186 2442 visit
208 2410 385 2440 Hessorum
409 2407 592 2449 Principem
615 2407 703 2439 iussu
725 2408 809 2449 regis
832 2407 955 2445 Polou„
979 2411 1015 2438 ut
1037 2406 1232 2448 colloquium
1255 2406 1427 2437 Saxonicas
1450 2406 1535 2437 inter
1551 2408 1582 2437 et

52 2466 180 2498 Helvet.
203 2463 290 2497 Eccl.
314 2466 529 2506 praepararet.
554 2464 707 2505 Princeps
731 2466 799 2495 erat
822 2464 1008 2495 notissimus
1031 2463 1244 2504 Lantgravius
1267 2462 1450 2504 Philippus.
1482 2462 1508 2502 ³)
1533 2462 1584 2494 Cs.

53 2520 91 2552 de
125 2519 217 2550 Lasci
250 2519 289 2550 ad
314 2517 398 2550 Phil.
428 2517 544 2548 itinere
566 2526 636 2548 VON
659 2517 821 2556 ROMMEL,
846 2517 1014 2560 Lantqraf
1032 2517 1136 2558 Philip
1159 2528 1216 2548 von
1240 2517 1372 2548 IIessen.
1395 2516 1422 2547 Ι.
1446 2516 1518 2549 566,
1540 2516 1585 2548 II.

53 2575 124 2614 608,
158 2577 195 2606 ut
225 2576 256 2605 et
289 2573 384 2605 Lasci
418 2584 467 2614 ep.
501 2573 532 2603 d.
555 2573 573 2603 9
597 2573 679 2604 Nov.
712 2573 751 2604 56
774 2576 805 2605 et
828 2574 867 2605 22
891 2573 985 2605 Febr.
1009 2572 1089 2605 1557
1114 2572 1151 2604 ad
1175 2571 1354 2613 Landgrnv.
1377 2571 1448 2611 (Nn.
1471 2571 1531 2603 123
1556 2574 1588 2602 et

55 2630 141 2670 128).
163 2631 191 2670 ⁴)
215 2629 344 2661 Elector
367 2629 541 2669 Augustus,
565 2628 618 2669 qui
642 2628 686 2660 a⁰.
710 2629 791 2659 1553
815 2629 972 2660 Mauritio
996 2629 1202 2660 successerat.
1227 2628 1253 2667 5)
1276 2628 1371 2658 Anna
1388 2626 1453 2658 filia
1469 2626 1590 2659 Christ.

56 2684 117 2716 III.
140 2684 263 2716 Daniae
286 2683 382 2725 regis.
414 2683 439 2722 6)
465 2683 619 2724 Paryatio
641 2683 715 2714 min.
741 2683 826 2716 Eccl.
852 2684 904 2715 Fr.
928 2686 1005 2715 tunc
1028 2683 1171 2715 nondum
1195 2683 1290 2715 edita.
1313 2684 1340 2722 ⁷)
1364 2682 1453 2713 Dicit
1474 2682 1588 2720 dilata,

60 2751 103 2772 sc.
126 2743 196 2772 astu
219 2739 342 2782 Aloysii
369 2738 583 2780 Lippomanni
607 2738 670 2770 alia
692 2739 823 2771 comitia
846 2742 937 2771 erant
960 2739 1091 2777 indicta,
1115 2749 1133 2770 a
1156 2738 1271 2781 quibus
1293 2738 1426 2769 Nobiles
1448 2737 1592 2769 exclude-

60 2797 181 2833 rentur,
213 2795 298 2837 quod
332 2794 435 2826 vetuit
458 2797 564 2826 tamen
588 2795 724 2827 Senatus
748 2806 845 2838 eaque
870 2795 909 2826 ad
933 2795 1001 2826 Cal.
1022 2794 1101 2826 Dec.
1125 2794 1261 2826 distulit.
1286 2794 1336 2825 Cf.
1358 2793 1510 2831 Fmssm,
1535 2792 1593 2833 Ep.

61 2850 136 2892 Rejf.
158 2851 250 2884 Helv.
273 2862 303 2893 p.
326 2851 399 2883 400.
444 2851 472 2891 5)
497 2850 548 2882 Cf.
571 2850 609 2882 de
632 2851 718 2883 hisce
742 2852 801 2894 Ep.
826 2851 988 2884 Utenhov.
1011 2851 1050 2883 ad
1073 2851 1222 2888 Micron„
1247 2851 1336 2882 cuius
1359 2850 1472 2892 fragm.
1497 2859 1592 2891 super

62 2907 111 2937 est
131 2905 165 2936 in
187 2905 248 2947 Ep.
271 2906 366 2938 Mier.
390 2905 429 2937 ad
453 2905 539 2936 Bull.
563 2905 581 2936 3
606 2906 719 2938 Martii
745 2906 835 2940 1557.
859 2907 1013 2945 Funsm,
1038 2918 1066 2939 o.
1090 2906 1111 2938 1.
1135 2906 1195 2938 399
1208 2916 1254 2948 sq.
1295 2908 1322 2945 ⁹)
1345 2905 1594 2937 wratislaviam.

60 2961 101 3001 ¹⁰)
132 2961 283 3004 Aloysius
313 2962 407 3004 Lipp.
439 2961 548 3004 Episc.
582 2962 786 2995 Veronensis.
832 2963 875 3003 Η)
901 2963 1034 3004 Legitur
1063 2962 1238 2994 etiamnum
1272 2962 1356 2993 inter
1378 2960 1455 2993 Mel.
1477 2961 1537 3003 Ep.
1561 2961 1593 2991 et

104 3015 158 3055 11.
1390 3017 1434 3058 47
