1830 3147
76 607 163 641 Esai.
185 608 235 641 53.

75 653 93 682 2
117 652 192 683 Cor.
215 652 245 684 5.

79 693 222 725 Genesis.
248 692 297 725 17.

75 736 197 767 (lolosS.
219 734 249 767 1.

78 778 191 810 Marci.
216 778 265 810 10.

77 1585 159 1616 Mat.
181 1583 233 1616 26.

78 1629 178 1659 Marc.
201 1626 253 1659 14.

78 1670 154 1701 Luc.
176 1668 228 1701 22.

76 1712 94 1743 2
119 1712 194 1744 Cor.
216 1711 267 1745 11.

82 2435 96 2468 1
124 2434 272 2467 Corinth.
294 2433 345 2467 12.

80 2479 97 2510 1
123 2478 197 2510 Cor.
221 2478 270 2515 10,
295 2476 346 2508 11.

77 2520 198 2553 Matth.
220 2520 271 2552 26.

81 2563 97 2594 1
123 2562 271 2595 Corinth.
295 2561 345 2594 11.

364 100 436 135 528
891 107 982 134 oA'r.
1012 106 1121 134 noct..
1153 107 1252 133 EMD.

993 336 1042 374 Q.
1073 339 1134 375 62.

412 404 465 441 At
491 402 642 441 interim
668 402 835 440 infantes
864 414 941 439 non
971 405 1058 438 sunt
1086 401 1350 451 mysteriorum
1380 400 1568 452 Baptismi
1590 401 1770 452 capaces?

1046 532 1093 571 R.

412 597 459 634 Id
488 597 640 649 quidem
677 610 805 635 verum
843 601 912 635 est.
951 597 1025 634 Sed
1063 597 1124 634 hic
1162 596 1370 642 sciendum,
1404 597 1569 648 primum
1605 595 1772 633 nativam

361 662 658 700 imbecillitatem
696 662 904 712 vitiumque
932 665 1089 699 naturae
1116 661 1237 712 (quod
1266 662 1440 699 Christus
1467 661 1621 712 pertulit
1649 660 1771 711 quod-

362 741 435 778 que
468 727 545 765 illis
580 730 733 778 propter
769 727 897 764 Iesum
936 726 1131 764 Christum
1158 739 1236 763 non
1263 725 1490 777 imputatur)
1518 725 1673 763 minime
1698 724 1771 761 im-

360 791 488 843 pedire
522 804 644 842 posse,
679 791 884 842 quominus
922 791 1023 829 Deus
1058 790 1221 840 gratiam
1260 803 1363 828 suam
1400 790 1613 828 infantibus
1640 789 1772 839 obsig-

361 860 437 895 net.
493 855 824 894 Quemadmodum
869 856 908 894 in
947 855 1237 893 circumcisione
1282 855 1397 893 fiebat
1433 855 1538 892 cuius
1571 854 1611 892 in
1645 854 1772 891 locum

363 921 577 959 Christiana
622 921 794 959 Ecclesia
839 920 1079 972 Baptismum
1125 934 1145 958 a
1190 920 1357 958 Domino
1396 919 1572 970 suscepit.
1627 918 1773 957 Deinde

360 991 514 1038 propter
547 987 751 1024 infantium
787 985 1060 1036 ignorantiam,
1089 986 1320 1036 baptismum
1346 984 1424 1022 illis
1453 984 1582 1022 datum
1610 984 1772 1022 ineffica-

362 1065 441 1090 cem
468 1065 546 1090 non
574 1065 667 1098 esse,
693 1051 863 1104 alioquin
892 1055 928 1090 et
956 1052 1021 1089 illa
1051 1051 1265 1089 benedictio
1296 1051 1438 1089 Christi
1465 1049 1608 1100 ignaris
1634 1062 1773 1101 pueru-

360 1117 407 1155 lis
435 1130 586 1156 manum
615 1116 846 1168 imponentis
873 1117 1045 1155 inefficax
1074 1116 1220 1156 fuisset.

926 1256 979 1283 DE
1008 1256 1038 1285 S.
1067 1255 1212 1284 COENA.

999 1376 1049 1414 Q.
1079 1378 1140 1414 63.

415 1442 524 1481 Quae
552 1446 641 1480 sunt
669 1441 782 1479 verba
807 1439 1064 1477 institutionis
1093 1442 1242 1477 (scenae
1268 1438 1518 1477 Dominicae?

1049 1505 1098 1544 R.

415 1572 604 1610 Dominus
648 1575 777 1609 noster
815 1573 925 1609 lesus
962 1569 1136 1608 Christus
1173 1569 1213 1607 in
1249 1581 1292 1607 ea
1329 1572 1454 1614 nocte,
1490 1581 1564 1619 qua
1600 1567 1775 1619 proditus

365 1641 432 1685 est,
478 1636 621 1687 accepit
665 1649 800 1688 panem
837 1640 872 1673 et
908 1634 1041 1685 gratiis
1078 1633 1173 1672 actis
1211 1633 1324 1683 fregit
1361 1633 1540 1684 deditque
1577 1631 1774 1683 discipulis

366 1702 455 1748 suis,
491 1702 642 1740 dicens:
679 1700 868 1752 Accipite,
906 1700 1104 1745 comedite,
1140 1699 1214 1737 hoc
1250 1702 1307 1737 est
1345 1712 1479 1750 corpus
1507 1711 1645 1745 meum,
1672 1697 1775 1748 quod

364 1780 431 1819 pro
471 1767 577 1805 vobis
613 1766 780 1804 traditur
808 1765 902 1814 [sive
921 1764 1161 1814 sranqitur]‚
1188 1764 1260 1801 hoc
1289 1763 1402 1801 facite
1429 1764 1470 1800 in
1496 1763 1570 1801 mei
1598 1762 1775 1800 recorda-

363 1832 520 1870 tionem.
572 1830 721 1868 Ibidem
745 1830 945 1879 [sumpsit]
980 1833 1017 1867 et
1045 1829 1225 1880 poculum
1252 1831 1454 1879 postquam
1483 1830 1689 1871 coenasset,
1717 1825 1775 1863 di-

364 1910 472 1935 cens:
518 1896 726 1946 (Accipite)
785 1895 902 1933 bibite
938 1907 983 1932 ex
1022 1894 1094 1932 hoc
1131 1907 1275 1940 omnes,
1311 1893 1383 1930 hoc
1419 1893 1598 1943 poculum
1633 1904 1775 1929 novum

364 1964 648 2001 Testamentum
676 1966 731 1999 est
759 1961 796 1999 in
825 1973 908 1998 meo
938 1959 1135 2009 sanguine,
1163 1959 1228 2010 qui
1254 1972 1322 2010 pro
1352 1959 1460 1997 vobis
1488 1962 1525 1996 et
1550 1970 1618 2009 pro
1646 1956 1775 1995 multis

364 2028 567 2066 effunditur
593 2027 634 2065 in
661 2026 923 2065 remissionem
949 2029 1204 2076 peccatorum,
1231 2024 1305 2062 hoc
1333 2024 1459 2070 facite,
1475 2025 1776 2074 quotiescunque

365 2092 538 2131 biberitis
563 2091 604 2130 in
632 2091 705 2130 mei
732 2090 1047 2129 recordationem.
1075 2089 1125 2128 Et
1154 2102 1198 2127 ex
1226 2102 1269 2127 eo
1298 2101 1428 2127 omnes
1456 2088 1648 2126 biberunt.

1001 2219 1052 2259 Q.
1081 2222 1143 2266 64,

421 2286 526 2326 Quid
557 2290 613 2325 est
641 2287 680 2324 S.
711 2285 840 2324 Coena
870 2284 1041 2322 Christi?

1046 2349 1094 2387 R.

419 2416 487 2454 Est
515 2429 619 2454 sacer
646 2414 756 2460 ritus,
784 2414 910 2464 [iuxta
937 2413 1155 2462 mysterium
1182 2411 1308 2462 suum]
1338 2411 1416 2450 veri
1444 2410 1612 2462 corporis
1639 2412 1674 2447 et
1688 2421 1776 2447 san·

365 2480 492 2531 guinis
529 2479 671 2518 Christi
706 2481 918 2528 (κοινωνὶκν
946 2478 1138 2528 μυςικῶς)
1175 2477 1216 2514 in
1256 2490 1295 2514 se
1323 2476 1586 2527 complectens,
1618 2474 1666 2511 ab
1692 2473 1774 2524 ipso

366 2545 532 2583 Domino
560 2548 691 2582 nostro
720 2544 808 2581 Iesu
837 2542 1005 2587 Christo,
1034 2555 1101 2580 usu
1128 2541 1238 2592 panis
1266 2546 1301 2579 et
1331 2541 1420 2585 vini,
1447 2540 1486 2578 in
1516 2539 1575 2577 sui
1602 2537 1775 2576 recorda-

366 2610 508 2647 tionem
536 2608 748 2653 institutus‚
785 2607 851 2658 qui
876 2606 917 2644 in
946 2606 1129 2653 Ecclesia,
1157 2619 1202 2644 ex
1230 2605 1458 2657 praescripto
1486 2603 1617 2654 ipsius,
1646 2602 1775 2640 obser-

366 2680 487 2722 vetur,
514 2674 634 2712 donec
663 2672 801 2711 veniat.

1007 2799 1057 2838 Q.
1088 2801 1148 2837 65.

422 2866 547 2907 Quem
575 2865 615 2903 in
641 2865 756 2902 finem
785 2863 984 2915 praecipue
1012 2863 1190 2901 instituta
1216 2865 1273 2899 est
1303 2860 1454 2898 Coena?
