1830 3147
71 924 167 968 Esay.
190 925 239 965 56,
263 925 314 959 58.

71 971 104 1001 et
126 969 176 1002 66.

73 1010 167 1044 Rom.
190 1010 240 1044 13.

73 1052 208 1085 Colossi.
231 1053 261 1086 3.

72 1094 164 1128 Rom.
189 1096 240 1129 14.

78 1824 95 1858 1
120 1824 195 1858 Cor.
218 1822 269 1857 15.

77 1868 95 1899 1
119 1867 190 1899 Tes.
212 1866 263 1900 13.

75 1910 178 1941 Marc.
200 1909 251 1941 14.

77 1951 152 1984 Esa.
175 1952 227 1983 65.

77 1994 96 2025 2
118 1994 204 2024 Petr.
227 1993 257 2025 3.

74 2037 155 2077 Apo.
179 2035 229 2067 21.

76 2077 151 2109 Esa.
175 2077 225 2109 66.

77 2119 159 2151 Heb.
183 2119 211 2157 3,
234 2120 264 2151 4.

78 2161 97 2192 1
122 2161 177 2193 Co.
201 2161 251 2194 15.

76 2202 178 2245 Ephe.
202 2202 231 2235 1.

81 2442 97 2475 1
122 2442 197 2477 Cor.
218 2443 247 2476 6.

83 2748 100 2783 1
125 2750 199 2785 Cor.
221 2749 250 2784 6.

355 107 429 151 372
827 115 1002 148 cirron.
1032 116 1141 147 acen.
1168 114 1285 147 monn.

942 345 1083 387 Interr.
1110 349 1173 390 37.

406 411 613 452 Quomodo
638 410 712 450 hoc
736 410 958 450 mandatum
984 410 1233 451 observatur?

1005 475 1121 528 Resp.

406 540 559 593 Duplici
602 540 716 580 modo
753 539 974 579 observatur
1010 544 1046 579 et
1082 540 1257 589 violatur,
1291 542 1609 594 quemadmodum
1648 542 1763 582 etiam

356 606 494 658 duplex
531 606 708 645 sabbathi
743 605 821 645 sive
857 605 1038 644 feriarum
1069 619 1190 655 genus
1225 610 1295 654 est,
1330 621 1465 661 nempe
1499 608 1691 648 internum
1726 612 1764 647 et

353 674 564 710 externum.

945 733 1084 774 Interr.
1112 737 1174 774 38.

408 798 613 840 Quomodo
640 798 864 838 observatur
890 798 1099 837 secundum
1126 798 1376 839 sabbaothum
1402 799 1619 840 internum?
1679 806 1681 809 ’

1004 863 1116 915 Resp.
1703 901 1708 920 ,

409 929 537 969 Quum
563 941 583 967 a
605 927 820 967 carnalibus
840 927 982 966 nostris
1001 928 1179 979 operibus
1198 927 1388 977 feriamur,
1405 931 1510 979 (15³)
1530 928 1699 981 quotidie
1717 929 1765 968 iis

355 993 551 1040 morimur,
579 1006 722 1044 semper
757 1005 916 1042 regnum
945 991 1015 1030 Dei
1043 991 1265 1042 cogitamus,
1294 993 1474 1043 Deumssin
1489 994 1602 1032 nobis
1621 993 1765 1046 operari

357 1056 529 1104 sinimus,
558 1059 594 1095 et
621 1055 770 1108 placida.
798 1055 1029 1094 conscientia
1057 1055 1097 1093 in
1125 1056 1304 1095 omnibus
1332 1056 1445 1096 rebus
1471 1061 1548 1096 tam
1577 1057 1767 1103 secundis,

357 1134 469 1173 quam
486 1121 666 1166 adversis,
684 1134 769 1160 eum
787 1132 855 1172 pro
876 1119 1053 1158 omnibus
1070 1119 1299 1159 celebramus
1318 1120 1425 1173 eique
1441 1122 1583 1172 gratias
1602 1122 1763 1172 agimus.

948 1184 1085 1224 Interr.
1113 1188 1173 1225 39.

410 1247 614 1287 Quomodo
650 1252 893 1300 praeceptum
928 1247 1022 1286 illud
1059 1247 1266 1287 secundum
1293 1247 1484 1287 internum
1512 1247 1764 1287 sabbaothum

357 1312 552 1352 violatur?

1012 1377 1125 1429 Resp.

411 1442 540 1484 Quum
569 1443 734 1483 carnalia
762 1455 875 1495 opera
902 1447 1033 1481 nostra
1050 1441 1224 1488 facimus,
1243 1455 1319 1481 non
1340 1442 1482 1494 ubique
1500 1455 1543 1481 ea
1561 1441 1632 1481 Dei
1649 1442 1764 1481 verbo

359 1508 584 1560 subigimus,
621 1521 767 1547 crucem
795 1511 830 1547 et
859 1519 1008 1546 omnem
1036 1503 1305 1545 adversitatem
1332 1506 1570 1558 impatienter
1597 1506 1765 1546 ferimus.

949 1635 1087 1676 Interr.
1114 1639 1177 1676 40.

411 1701 575 1742 Quando
602 1700 743 1741 interni
771 1699 972 1740 sabbaothi
1001 1699 1201 1739 celebratio
1229 1700 1269 1739 in
1298 1685 1409 1738 nobis
1437 1699 1656 1752 peragitur?

1008 1830 1122 1881 Resp.

411 1895 459 1934 In
487 1895 759 1934 resurrectione
785 1898 1036 1941 mortuorum,
1058 1906 1173 1946 quum
1202 1894 1372 1932 Christus
1389 1893 1574 1932 Dominus
1594 1892 1632 1931 in
1647 1893 1766 1943 gloria

361 1972 428 1999 sua
455 1961 562 2009 (151³)
590 1972 771 2012 apparens
800 1972 939 1997 novum
969 1959 1114 1997 coelum
1132 1962 1169 1996 et
1189 1971 1325 1996 novam
1343 1963 1481 1996 terram
1503 1957 1643 1996 creabit
1662 1957 1768 1995 iuxta.

361 2026 647 2077 promissionem
679 2025 969 2076 Scripturarum,
994 2024 1062 2062 ubi
1088 2028 1182 2062 tunc
1209 2028 1400 2063 aeternum
1429 2024 1652 2075 beatumque
1679 2022 1767 2061 sab-

361 2090 543 2128 baothum
580 2089 650 2128 erit
686 2089 733 2128 ab
771 2089 947 2128 omnibus
984 2088 1188 2127 mortiferis
1226 2088 1403 2140 operibus
1438 2091 1474 2127 et
1511 2087 1613 2126 Deus
1641 2086 1768 2125 omnia

362 2153 433 2192 erit
461 2154 500 2192 in
529 2153 719 2192 omnibus.

946 2215 1086 2256 Interr.
1114 2218 1176 2255 41.

414 2280 619 2322 Quomodo
648 2284 844 2320 externum
871 2280 1123 2319 sabbaothum
1152 2279 1388 2319 celebratur?

1008 2344 1121 2395 Resp.

414 2409 545 2449 Quum
589 2408 661 2448 Dei
698 2408 868 2447 Ecclesia
903 2407 944 2447 in
984 2408 1104 2446 officio
1141 2421 1207 2447 suo
1244 2412 1357 2459 atque
1395 2406 1605 2446 ministerio
1645 2406 1768 2456 (iuxta

364 2474 506 2513 Christi
533 2474 753 2513 mandatum
778 2473 955 2512 instituto
982 2477 1096 2524 atque
1123 2473 1315 2521 ordinato)
1344 2473 1562 2512 honoratur.

949 2537 1088 2576 Interr.
1115 2540 1180 2576 42.

416 2601 618 2642 Quomodo
646 2601 718 2640 hoc
745 2602 816 2640 fit?

1007 2665 1120 2717 Resp.

416 2728 544 2768 Quum
580 2729 778 2780 diligentes
815 2741 957 2776 sumus,
991 2742 1112 2780 neque
1147 2727 1337 2767 insontica?
1362 2739 1472 2766 causa
1498 2726 1672 2779 impediri
1700 2739 1770 2767 nos

364 2794 541 2846 patimur,
579 2795 782 2845 quominus
817 2793 889 2832 Dei
925 2793 1079 2831 verbum
1115 2793 1156 2832 in
1192 2796 1299 2831 coetu
1334 2791 1502 2830 fidelium
1528 2794 1633 2842 (162)
1659 2792 1770 2831 avido

364 2862 514 2910 pectore
549 2858 751 2897 doceamur
786 2862 823 2898 et
859 2857 1066 2904 audiamus,
1103 2859 1335 2896 sacramenta
1369 2856 1440 2896 rite
1467 2856 1772 2897 administremus
