1830 3147
175 100 224 136 80

174 209 267 248 siam
297 222 398 248 suam
428 207 645 255 orationem,
674 218 718 245 ac
744 207 904 259 primum
935 207 1079 246 Divites
1107 207 1165 245 sui
1184 207 1302 245 'officii
1342 206 1585 245 admonet'in
1613 206 1707 245 dan-

173 276 231 314 dis
258 276 461 315 liberaliter
489 275 745 325 eleemosynis,
772 274 1086 327 quemadmodum
1116 287 1226 326 supra
1253 273 1292 312 in
1306 276 1495 325 postrema
1514 273 1706 319 concionis

171 345 277 393 parte
314 341 413 378 eirca
448 340 703 379 Diaconorum
739 341 957 380 electionem
993 340 1162 379 habetur.
1215 339 1407 391 Additqne
1451 339 1524 386 hic,
1559 353 1628 391 pro
1663 353 1707 379 eo

172 420 215 444 ae
242 409 388 457 tempus
416 418 459 443 ac
487 419 544 443 res
571 405 652 457 ipsa
678 406 856 457 postulat,
882 409 1085 457 praecepta.
1105 403 1260 442 Domini
1284 417 1327 442 ea
1354 403 1398 442 de
1417 417 1466 451 re,
1493 403 1705 453 magnificis

172 470 486 522 promissionibus
534 470 900 519 commenda-(54)ta
942 473 1052 521 atque
1095 473 1274 508 exornata
1311 470 1355 518 ¹),
1397 470 1567 521 exempla
1616 469 1706 508 item

171 534 381 587 primitivae
408 535 600 573 Ecclesiae
627 539 663 573 et
690 548 784 587 quae
811 535 885 573 huc
911 538 1101 586 praeterea
1128 534 1304 572 videntur
1329 534 1515 586 pertinere
1533 535 1596 582 ²).,

224 599 370 638 Deinde
405 613 584 652 pauperes
621 613 769 652 quoque
805 600 954 637 illorum
991 599 1103 637 officii
1137 599 1354 637 admonebit
1388 598 1494 637 iuxta
1528 599 1578 645 id,
1607 598 1708 650 quod

172 678 284 716 supra
319 665 431 703 etiam
458 665 496 703 in
524 670 711 717 postrema
748 665 868 703 dietae
905 664 1098 703 concionis
1133 668 1238 716 parte
1274 665 1452 716 scriptum
1490 663 1647 702 habetur
1676 665 1708 712 3)

171 733 285 779 utque
314 728 442 766 sedulo
469 741 536 780 pro
565 728 745 766 divitibus
773 735 891 774 orent,
919 732 960 766 ut
987 728 1039 765 eis
1057 727 1241 765 Dominus
1259 728 1424 779 ipsorum
1445 728 1707 766 liberalitatem

171 807 326 845 pensare
353 794 548 845 opulenter
576 794 762 843 dignetur.
817 794 915 832 Item
942 797 977 831 et
1004 806 1072 845 pro
1098 796 1179 831 tota
1205 793 1384 839 Ecclesia,
1412 797 1452 831 ut
1478 792 1598 831 indies
1626 805 1706 830 ma-

171 858 231 908 gis
259 871 303 896 ac
329 858 448 908 magis
476 858 516 896 in
544 858 608 895 illa
634 858 721 896 fidei
749 861 786 896 et
815 858 1007 896 charitatis
1034 857 1146 895 ardor
1172 858 1365 896 excitetur.

225 922 419 960 Postremo
448 922 626 961 admonet
654 923 766 961 etiam
793 922 1039 960 Ecclesiastes
1066 922 1230 974 reliquos
1258 922 1455 960 Ministros
1483 925 1518 960 et
1536 922 1708 960 Seniores

172 986 375 1032 Ecclesiae,
411 991 453 1025 ut
487 987 609 1025 modis
646 986 822 1025 omnibus
860 987 1078 1037 advigilent,
1115 1001 1162 1025 ne
1199 1000 1273 1038 quo
1308 987 1422 1025 modo
1449 988 1514 1025 fiat
1540 986 1708 1038 ipsorum

173 1051 282 1102 culpa
317 1054 381 1089 aut
418 1051 649 1100 negligentia
674 1051 762 1098 ulla,
799 1055 840 1089 ut
868 1051 1159 1102 pulcherrimum
1188 1051 1260 1089 hoc
1295 1064 1512 1102 summeque
1537 1064 1707 1089 necessa·

172 1117 269 1154 rium
298 1117 336 1154 in
365 1116 504 1154 Christi
532 1116 702 1154 Ecclesia
730 1116 960 1155 Diaconatus
988 1116 1236 1154 ministerium
1273 1115 1313 1154 in
1350 1117 1491 1155 larvam
1519 1116 1706 1168 quandam

173 1185 208 1219 et
243 1180 392 1218 inanem
431 1181 582 1218 titulum
619 1194 696 1219 non
734 1181 942 1230 degeneret,
979 1181 1292 1231 quemadmodum
1321 1181 1361 1219 in
1389 1182 1511 1233 Papae
1538 1182 1710 1220 Ecclesia

173 1245 315 1283 factum
344 1245 525 1290 videmus,
561 1245 601 1283 in
637 1259 721 1296 qua,
757 1246 899 1284 abolita
924 1246 1035 1297 plane
1062 1246 1379 1296 eleemosynarum
1407 1245 1573 1295 legitime
1602 1246 1707 1284 colli-

172 1310 378 1360 gendarum
406 1314 442 1348 et
470 1309 803 1361 dispensandarum
833 1324 931 1356 cura,
960 1311 1108 1349 inanem
1136 1310 1237 1348 tituli
1264 1310 1517 1348 Diaconorum
1536 1311 1708 1348 umbram

174 1375 221 1412 ad
249 1374 455 1412 ornandam
485 1374 694 1426 blasphemi
720 1375 888 1426 ipsorum
918 1375 1125 1413 Sacerdotii
1151 1375 1381 1426 impietatem
1409 1375 1591 1414 detortam
1619 1389 1710 1422 esse,

174 1452 285 1478 nemo
313 1452 447 1488 negare
474 1443 609 1490 potest.

224 1504 360 1542 Finitis
402 1504 504 1542 hisce
547 1504 881 1549 admonitionibus,
927 1506 1013 1553 (55)
1060 1505 1245 1543 convertit
1291 1518 1329 1542 se
1371 1504 1614 1543 Ecclesiastes
1660 1505 1708 1543 ad

174 1569 312 1608 electos
341 1573 376 1607 et
403 1569 474 1607 iam
503 1569 749 1618 inauguratos
777 1569 966 1607 Diaconos
993 1569 1090 1616 11103,
1119 1582 1255 1620 eosque
1290 1572 1430 1616 monet,
1457 1573 1500 1607 ut
1528 1570 1709 1621 Stephani

175 1634 350 1686 pietatem
387 1634 637 1672 constantiam
673 1647 717 1671 ac
752 1633 863 1671 fidem
901 1634 939 1671 in
977 1647 1042 1671 sua
1069 1634 1274 1680 vocatione,
1319 1647 1396 1672 non
1432 1638 1555 1672 autem
1591 1634 1710 1672 Iudae

174 1698 378 1749 proditoris
415 1698 540 1736 fucum
578 1702 688 1749 atque
739 1698 966 1749 hypocrisim
1004 1698 1078 1736 sibi
1112 1698 1334 1736 imitandam
1371 1712 1450 1736 esse
1485 1702 1711 1749 proponant,

178 1764 376 1812 diligenter
419 1776 462 1800 ac
507 1763 666 1801 fideliter
703 1776 771 1801 suo
804 1763 1014 1801 ministerio
1051 1763 1268 1813 fungantur,
1311 1777 1430 1814 neque
1474 1763 1711 1801 offendantur

176 1829 326 1880 probris
362 1828 566 1866 mendaciis
605 1828 779 1866 convitiis
815 1832 851 1866 et
888 1828 1083 1866 calumniis
1130 1827 1334 1874 hominum,
1380 1828 1527 1866 etiamsi
1570 1829 1710 1879 optime

178 1893 298 1931 officio
327 1905 393 1930 suo
421 1893 458 1930 in
497 1906 564 1930 sua
599 1892 793 1930 vocatione
830 1893 1046 1941 fungantur.
1092 1892 1244 1930 Nullam
1281 1893 1392 1930 aliam
1419 1892 1491 1943 piis
1519 1892 1710 1939 omnibus,

178 1958 315 1997 nedum
343 1958 435 2009 ipsis
462 1971 484 1995 a
510 1957 651 1995 mundo
678 1957 749 1994 hoc
776 1951 983 1995 mercedem
1011 1957 1279 2008 expectandam
1307 1970 1398 1996 esse.
1436 1957 1509 1995 Sed
1537 1958 1709 1995 intuean-

178 2027 240 2061 tur
276 2035 418 2073 semper
446 2027 610 2060 autorem
640 2022 762 2072 ipsum
790 2035 877 2060 suae
905 2022 1123 2068 vocationis,
1153 2022 1229 2072 qui,
1258 2026 1296 2060 ut
1324 2026 1379 2059 est
1406 2021 1539 2066 fidelis,
1574 2022 1627 2059 ita
1654 2022 1710 2059 ef-

181 2089 280 2126 ficiet
308 2087 432 2132 etiam,
458 2090 502 2125 ut
528 2087 655 2125 omnia
683 2088 767 2124 cum
796 2087 960 2125 maximo
987 2087 1114 2125 fructu
1140 2087 1331 2125 Ecclesiae
1366 2087 1528 2138 perferre
1555 2087 1712 2137 possint,

182 2158 218 2192 et
245 2153 308 2205 qui
336 2153 383 2190 ad
410 2153 510 2204 ipsos
540 2152 707 2190 dicturus
737 2152 784 2190 sit
811 2152 912 2199 olim,
941 2152 1122 2203 siquidem
1151 2157 1407 2203 perseverent:
1435 2152 1571 2190 Venite
1599 2153 1710 2190 bene-

181 2217 271 2255 dicti
299 2217 419 2255 Patris
446 2216 535 2254 mei!
562 2215 749 2267 possidete
776 2229 932 2266 regnum
961 2217 1006 2264 ⁴).

234 2282 294 2320 Ad
330 2286 534 2319 extremum
574 2294 660 2319 vero
687 2285 772 2332 post
797 2281 1011 2319 istiusmodi
1038 2280 1333 2319 admonitionem
1373 2280 1518 2318 canitur
1545 2281 1714 2319 Psalmus

183 2346 450 2397 gratulatorias
478 2359 500 2383 a
524 2349 605 2384 tola
631 2345 812 2392 Ecclesia,
841 2349 950 2396 atque
976 2346 1028 2383 ita
1057 2345 1204 2383 demum
1233 2344 1432 2383 dimittitur
1458 2345 1497 2382 in
1523 2357 1613 2395 pace
1640 2344 1713 2382 Ec-

185 2409 306 2457 clesia,
333 2414 484 2461 accepta
510 2423 532 2448 a
561 2409 739 2448 Ministro
768 2410 1041 2449 benedictione.

820 2474 1093 2525 Appendix.

239 2539 347 2576 Esset
383 2538 444 2576 hic
480 2538 629 2590 quidem
666 2539 770 2576 locus
805 2539 941 2588 agendi
986 2539 1030 2576 de
1066 2538 1334 2588 ludimagistris
1361 2541 1397 2575 et
1432 2536 1581 2583 scholis,
1619 2538 1650 2575 si
1677 2538 1715 2576 in

187 2602 327 2641 nostris
380 2602 561 2640 Eeclcsiis
616 2603 762 2640 scholas
815 2607 879 2640 aut
925 2603 1205 2652 ludimagistros
1248 2602 1419 2654 publicos
1472 2600 1717 2650 ha·(56)bere

187 2679 400 2718 posscmus3
440 2666 502 2704 sed
531 2680 612 2704 cum
640 2667 830 2704 Ecclesiae
856 2666 1142 2716 Peregrinorum
1170 2680 1234 2718 per
1261 2666 1375 2705 totam
1403 2667 1534 2704 urbem
1562 2667 1638 2705 sint
1666 2667 1717 2704 ita

233 2805 258 2843 ¹)
282 2805 353 2836 Esa.
379 2805 427 2836 58.
473 2805 566 2838 Prov.
589 2805 639 2838 28.
683 2805 800 2838 Matth.
824 2806 873 2838 25.
919 2805 1023 2837 Lucae
1047 2807 1095 2839 12,
1141 2808 1210 2839 Aet.
1232 2808 1262 2839 4.
1308 2807 1323 2837 1
1349 2806 1421 2839 Cor.
1444 2807 1473 2839 6.
1560 2821 1563 2825 ·

231 2859 259 2901 ⁹)
283 2860 301 2890 2
325 2859 398 2893 Cor.
421 2860 449 2898 8,
472 2860 502 2893 9.
548 2860 565 2891 1
589 2860 671 2893 Tim.
694 2861 724 2893 6.
809 2861 835 2901 ³)
859 2861 975 2904 Ephes.
997 2863 1028 2894 4.
1072 2863 1090 2893 2
1114 2862 1186 2894 Cor.
1210 2862 1239 2894 8.
1366 2863 1393 2902 ⁴)
1416 2861 1534 2896 Matth.
1556 2861 1606 2894 25.
