1830 3147
178 108 240 158 [A.
267 107 313 145 D.
340 106 453 155 1553]
917 106 987 143 686

180 220 217 265 (5
234 217 323 264 Reg.
335 216 394 254 13.
408 217 442 253 d.
456 217 476 252 2
488 216 641 264 Paralip,
654 217 711 253 35.
723 216 773 264 d.)
793 218 829 253 et
846 218 983 253 certum
1001 222 1066 261 est,
1083 216 1202 264 plagas
1219 216 1376 265 publicas
1393 216 1430 252 in
1449 215 1582 253 Christi
1598 215 1717 252 Eccle-

178 278 264 314 siam
280 278 439 322 immitti,
459 290 530 314 non
547 280 692 326 propter
708 277 1007 321 immutationem,
1025 291 1069 314 ne
1086 278 1198 314 dicam
1223 278 1466 314 diversitatem
1487 278 1717 313 humanarum

178 340 466 384 ceremoniarum,
485 339 545 376 sed
574 342 719 387 propter
743 342 988 388 contemptum
1005 340 1073 376 Dei
1100 343 1136 376 et
1160 340 1337 376 Ecclesiae
1361 340 1483 388 ipsius,
1508 340 1609 375 cuius
1635 351 1719 375 sane

179 414 243 437 nos
261 401 415 437 membra
429 413 503 436 esse
528 413 589 448 per
617 400 684 436 Dei
709 401 856 448 gratiam
883 413 954 437 non
979 401 1192 437 dubitamus.
1218 402 1333 447 Quare
1358 414 1402 438 ne
1427 401 1614 438 secundam
1640 400 1717 448 qui-

179 462 258 499 dem
272 462 391 509 negati
408 462 510 498 nobis
528 462 718 498 ministerii
744 463 856 499 nostri
883 475 1022 499 causam
1049 463 1177 510 opponi
1196 463 1296 499 nobis
1322 464 1449 500 merito
1468 466 1504 499 et
1519 463 1622 498 iuxta
1641 474 1718 499 ver-

179 522 262 559 bum
289 523 357 559 Dei
374 535 476 571 posse
501 526 680 572 putamus.
707 524 836 571 Neque
855 537 937 560 vero
963 524 1046 560 haec
1071 537 1392 568 commemoramus,
1419 525 1514 572 quod
1539 523 1630 560 male
1654 536 1718 560 nos

180 584 432 631 quoquomodo
451 584 588 628 habeat,
607 585 658 621 ita
676 584 778 621 nobis
805 598 879 622 esse
905 598 1125 634 responsum.
1150 587 1227 623 Nos
1247 586 1399 623 Domino
1413 589 1536 623 nostra
1561 586 1719 622 commit-

179 645 289 681 timus
322 645 439 682 omnia
465 648 501 682 et
526 658 569 682 ex
595 647 672 682 eius
697 646 858 683 manibus
884 647 1001 683 omnia
1019 650 1254 694 expectamus,
1273 648 1413 696 quaein
1433 661 1497 684 nos
1515 647 1721 696 permittere

182 706 325 742 omnino
346 706 455 743 volet.
481 707 650 743 Fatemur
674 720 738 744 nos
764 708 928 754 graviora
952 708 1057 755 longe
1082 709 1228 745 meritos
1253 721 1327 745 esse
1352 712 1387 745 et
1412 709 1559 757 proinde
1576 708 1629 744 illi
1651 708 1719 744 ala-

180 769 300 805 cribus
324 769 451 806 animis
477 769 609 815 gratias
634 782 697 817 pro
724 769 886 806 omnibus
912 770 1060 816 agimus.
1086 771 1214 817 Neque
1239 784 1303 807 nos
1335 771 1446 818 pudet
1470 771 1649 807 contemni
1675 770 1718 805 ri-

180 831 256 867 deri
288 843 327 867 30
361 830 518 867 damnari
549 844 612 879 pro
637 831 735 867 illius
761 832 913 875 nomine,
939 832 1100 880 certique
1138 846 1271 877 sumus,
1298 833 1393 880 quod
1418 833 1528 881 ipsius
1555 834 1602 869 sit
1627 836 1721 869 terra

181 896 218 929 et
243 893 428 940 plenitudo
455 893 542 938 eius,
568 896 604 929 et
630 906 804 940 rogamus,
832 907 876 930 ne
902 894 1003 930 nobis
1029 894 1173 930 libertas
1199 895 1281 931 haec
1298 899 1421 931 nostra
1438 895 1527 932 vitio
1547 897 1720 931 vertatur.

229 954 333 1000 Quod
366 957 486 990 autem
521 953 622 990 nobis
658 954 713 991 hic
739 954 1001 1002 receptaculum
1027 955 1263 1003 permittitur,
1290 957 1319 992 si
1345 955 1540 992 doctrinam
1564 968 1604 991 ac
1630 956 1721 991 ritus

182 1016 298 1063 Regni
325 1016 428 1052 huius
454 1016 640 1052 observare
667 1016 828 1060 velimus,
854 1029 919 1053 nos
945 1029 1028 1053 sane
1054 1017 1118 1053 hoc
1145 1018 1251 1053 etiam
1276 1018 1417 1054 nomine
1443 1017 1624 1053 Maiestati
1651 1016 1720 1052 Re-

181 1079 257 1126 giae
283 1090 443 1124 magnam
468 1078 618 1124 gratiam
645 1091 724 1114 cum
751 1079 846 1114 omni
871 1079 1072 1114 reverentia
1097 1079 1275 1115 habemus.
1324 1080 1377 1115 Ac
1403 1079 1497 1126 quod
1523 1078 1566 1114 ad
1592 1078 1719 1114 doctri·

182 1152 261 1176 nam
294 1139 436 1182 attinet,
470 1139 622 1175 libenter
649 1152 785 1176 omnem
812 1139 1008 1176 doctrinam
1034 1140 1298 1187 amplectemur,
1326 1153 1417 1187 quae
1441 1139 1544 1176 modo
1570 1152 1588 1176 e
1615 1139 1721 1175 fonti-

183 1199 249 1236 bus
284 1200 381 1236 verbi
409 1200 530 1237 Divini
555 1204 699 1248 petatur
726 1205 762 1237 et
788 1201 995 1237 deducatur.
1046 1201 1112 1238 Sed
1139 1201 1321 1238 Maiestati
1348 1202 1479 1248 Regiae
1503 1201 1720 1243 confidimus,

182 1258 280 1294 illam
305 1272 368 1307 pro
395 1272 459 1295 sua
484 1259 615 1306 pietate
641 1259 683 1295 ad
710 1259 796 1295 nihil
822 1273 886 1296 nos
912 1263 1111 1296 coacturam
1148 1273 1222 1296 esse
1259 1261 1296 1296 in
1331 1260 1511 1296 doctrinae
1537 1259 1721 1307 capitibus,

184 1318 280 1365 quod
306 1322 400 1354 certa
426 1331 464 1354 ac
491 1318 602 1354 solida
628 1318 725 1355 verbi
752 1319 876 1355 Divini
901 1319 1095 1356 autoritate
1121 1320 1340 1367 comprobari
1363 1332 1433 1356 non
1460 1320 1584 1368 possit.
1627 1319 1719 1355 Doc-

183 1376 298 1412 trinae
324 1376 415 1412 enim
441 1388 543 1411 sanae
568 1376 698 1412 veritas
724 1377 875 1423 petenda
900 1377 1000 1413 nobis
1025 1381 1091 1421 est,
1116 1390 1186 1414 11011
1213 1390 1296 1413 sane
1321 1390 1339 1413 e
1365 1378 1583 1424 Regnorum,
1601 1377 1661 1414 sed
1680 1389 1722 1413 ex

185 1436 283 1472 verbi
311 1436 434 1471 Divini
460 1438 559 1472 certa
582 1448 621 1471 ac
647 1436 758 1472 solida
783 1437 991 1473 autoritate.
1017 1437 1121 1483 Quod
1147 1450 1231 1474 vero
1258 1438 1300 1474 ad
1319 1438 1412 1473 ritus
1437 1439 1722 1484 ceremoniasque

184 1498 324 1532 nostras
349 1495 492 1538 attinet,
520 1507 670 1539 oramuS,
696 1497 740 1531 ut
766 1499 907 1532 nostrae
933 1509 1014 1533 cum
1039 1497 1162 1543 patriis
1188 1497 1242 1533 hic
1260 1497 1466 1533 ceremoniis
1484 1497 1726 1540 conferantur,

183 1558 221 1591 et
247 1557 423 1602 quatenus
448 1554 550 1590 nobis
576 1554 795 1598 ostendatur,
822 1555 938 1602 Regni
964 1556 1068 1591 huius
1086 1556 1297 1591 ceremonias
1314 1556 1447 1592 nostris
1464 1555 1623 1603 puriores
1649 1567 1724 1592 esse

183 1617 294 1662 atque
318 1613 362 1649 ad
387 1613 664 1649 aedificationem
689 1613 866 1650 Ecclesiae
892 1614 1001 1661 magis
1025 1613 1231 1657 conducere,
1257 1613 1371 1650 multo
1397 1613 1627 1649 libentissime
1646 1612 1727 1648 illas

186 1676 449 1724 amplectemur,
475 1674 753 1721 confidimusque
781 1677 817 1710 et
842 1674 896 1710 hic
922 1674 1050 1722 pietati
1076 1674 1219 1720 Regiae,
1245 1687 1309 1710 nos
1334 1688 1403 1711 non
1422 1687 1495 1711 esse
1513 1674 1687 1721 cogendos
1704 1685 1724 1709 a

185 1737 386 1786 purioribus
416 1737 461 1773 ad
493 1737 694 1784 impuriora,
730 1736 845 1773 multo
881 1736 998 1772 minus
1021 1737 1065 1773 ad
1091 1749 1141 1780 ea,
1167 1749 1260 1784 quae
1285 1737 1364 1785 plus
1390 1737 1592 1773 offendiculi
1617 1749 1723 1783 quam

185 1798 437 1835 aedificationis
470 1811 589 1834 secum
622 1797 758 1834 adferre
789 1798 937 1845 possint.
987 1799 1109 1845 Atque
1142 1798 1224 1834 haec
1258 1811 1328 1834 non
1362 1797 1564 1833 dubitamus
1597 1797 1724 1844 pietati

187 1860 320 1907 Regiae
355 1859 578 1896 satisfactura
612 1872 685 1896 esse
710 1859 752 1895 ad
778 1859 1015 1895 attestandam
1042 1861 1199 1895 nostram
1231 1859 1484 1906 gratitudinem
1519 1871 1600 1905 erga
1625 1871 1723 1894 suam

186 1921 418 1965 clementiam,
445 1934 515 1969 qua
540 1920 641 1957 nobis
667 1923 703 1957 et
730 1921 862 1957 nostris
887 1920 1148 1968 receptaculum
1173 1921 1228 1956 hic
1245 1921 1449 1968 permittere
1466 1920 1557 1956 velle
1573 1920 1724 1956 clemen-

187 1985 242 2019 ter
274 1982 477 2027 declaravit,
510 1995 626 2029 neque
651 1994 715 2018 nos
741 1981 915 2018 credimus
941 1982 1166 2018 Maiestatem
1193 1983 1266 2018 eius
1292 1982 1327 2018 id
1354 1995 1373 2018 a
1398 1981 1498 2018 nobis
1523 1981 1723 2029 postulatu-

188 2056 261 2080 ram
295 2057 380 2088 esse,
414 2046 457 2080 ut
482 2046 620 2091 praeter
654 2045 785 2080 certam
820 2056 859 2080 ac
884 2043 1031 2080 solidam
1058 2044 1156 2080 verbi
1182 2044 1306 2080 Divini
1331 2045 1562 2081 autoritatem
1587 2042 1722 2091 aliquid

188 2106 331 2142 omnino
357 2105 457 2152 sequi
482 2105 518 2140 in
544 2106 618 2141 eius
643 2105 792 2153 gratiam
817 2105 1013 2141 debeamus.

237 2167 319 2203 Non
346 2179 548 2203 recusamus
573 2168 703 2210 autem,
730 2166 817 2214 quin
843 2167 964 2214 potius
990 2166 1187 2214 expetimus
1213 2166 1270 2214 pia
1294 2166 1452 2202 modesta
1469 2169 1505 2203 et
1524 2166 1724 2202 Christiana
1756 2197 1759 2200 ,

188 2228 368 2275 colloquia
393 2241 472 2264 cum
500 2227 772 2275 quibuscunque
798 2228 966 2264 Maiestas
992 2228 1105 2274 Regia
1129 2227 1238 2272 volet,
1275 2230 1347 2263 tam
1374 2228 1416 2264 de
1453 2227 1633 2263 doctrinae
1666 2240 1724 2264 ca·

188 2290 322 2337 pitibus
340 2289 514 2333 omnibus,
532 2302 637 2336 quam
656 2289 699 2325 de
716 2291 847 2331 nostris
865 2289 1084 2326 ceremoniis.
1107 2290 1189 2325 Non
1209 2289 1301 2325 enim
1319 2289 1432 2325 lucem
1450 2289 1557 2325 ullam
1575 2310 1622 2317 —-
1637 2288 1725 2325 bene

187 2350 320 2397 alioqui
338 2351 439 2386 nobis
456 2351 587 2387 conscii
605 2372 653 2379 —
671 2350 865 2397 refugimus
892 2350 1152 2397 quoquomodo.
1180 2350 1246 2386 Sed
1265 2350 1407 2386 interim
1427 2363 1565 2386 oramus
1583 2362 1643 2397 per
1662 2362 1724 2385 110-

188 2424 268 2447 men
300 2411 433 2447 Christi
468 2411 623 2455 Domini,
657 2413 700 2446 ut
725 2424 786 2458 per
811 2411 900 2447 hanc
927 2411 1051 2447 saltem
1077 2411 1231 2459 hyemem
1258 2411 1435 2447 Ecclesiae
1459 2413 1601 2446 nostrae
1627 2410 1725 2446 verbi

187 2484 227 2508 ac
253 2472 417 2520 baptismi
442 2472 675 2508 ministerium
702 2485 774 2507 11110
799 2472 919 2518 aliquo
944 2472 1021 2508 loco
1047 2472 1172 2507 habere
1197 2472 1344 2519 possint.
1384 2472 1528 2518 Cogitet
1555 2471 1724 2506 Maiestas

190 2533 312 2580 Regia,
346 2546 452 2580 quam
484 2546 540 2569 res
575 2533 699 2568 misera
733 2533 793 2576 sit,
835 2533 1040 2577 Ecclesiam,
1074 2545 1164 2580 quae
1201 2533 1381 2580 religionis
1413 2533 1565 2575 nomine,
1598 2531 1724 2578 pietati

190 2607 273 2630 suae
299 2595 432 2641 Regiae
464 2595 603 2638 confisa,
637 2595 705 2630 huc
739 2594 838 2630 venit
863 2595 926 2630 hoc
951 2595 1035 2631 anni
1060 2597 1219 2642 tempore
1245 2593 1492 2631 cum-familiis
1520 2593 1605 2629 totis
1631 2594 1723 2628 tota-

190 2668 260 2703 que
286 2655 506 2703 supellectili,
534 2668 650 2692 carere
677 2655 774 2692 verbi
799 2656 996 2692 ministerio
1022 2668 1061 2692 ac
1087 2656 1339 2699 consolatione,
1365 2669 1444 2691 cum
1471 2656 1519 2691 sit
1542 2654 1639 2690 rudis
1657 2654 1724 2690 lin-

189 2729 279 2764 guae
312 2717 415 2752 huins
441 2717 576 2765 patriae
613 2720 650 2754 et
675 2718 723 2753 sit
749 2717 908 2764 exposita
934 2718 1089 2753 omnium
1116 2718 1279 2754 invidiae.
1330 2718 1496 2753 Testetur
1521 2716 1575 2751 hic
1600 2715 1723 2751 saltem

192 2778 360 2813 Maiestas
386 2778 497 2824 Regia
523 2791 596 2814 eam
623 2791 729 2826 quam
754 2779 908 2827 praefert
934 2778 1249 2815 condolescentiam
1278 2791 1359 2825 erga
1384 2782 1522 2814 nostras
1538 2776 1724 2819 Ecclesias,

191 2838 298 2886 idque
322 2841 466 2886 propter
493 2839 685 2882 Christum,
712 2841 773 2886 qui
800 2841 864 2876 hoc
890 2839 1094 2875 beneficium
1130 2839 1406 2876 cumulatissime
1443 2838 1621 2885 rependet,
1648 2851 1722 2874 ora-
