1830 3147
1555 104 1598 143 17

55 223 129 264 tur,
156 230 251 269 quac
277 216 418 267 alioqui
446 217 575 253 nostra
605 213 775 251 doctriua
795 212 846 252 ita
866 213 954 251 olim
974 213 1151 264 primario
1171 213 1431 252 Bremensium
1450 214 1597 252 Pastori

55 282 250 328 satisfecit,
286 283 328 319 ut
364 279 467 317 illius
501 277 655 317 nomine
694 291 800 317 suam
836 290 983 316 mecum
1021 278 1240 317 societatem
1276 278 1596 323 Ecclesiasticann

56 350 103 399 (γ
133 348 193 395 3¹¹)
224 359 360 384 coenae
387 343 610 383 Dominicae
636 356 705 381 usu
731 343 828 395 ipso,
855 343 903 381 sit
929 342 1079 394 publice
1107 347 1350 382 contestatus.
1405 343 1476 381 Sed
1506 342 1597 394 quid

57 410 130 449 hoc
154 411 305 450 interim
341 408 389 447 ad
416 421 509 454 eam,
538 421 651 460 quam
678 407 742 446 isti
770 408 971 453 somniant,
1000 407 1306 454 delitescentiam,
1336 408 1380 446 de
1408 421 1481 459 qua
1510 420 1599 446 sane

56 476 182 514 nullus
220 482 384 514 veterum
423 473 630 525 quidquam
658 472 848 522 cogitavit.
903 473 1129 522 Agnoscunt
1155 473 1245 511 item
1274 476 1413 511 veteres
1443 485 1599 524 corpora

55 545 197 588 nostra,
233 538 373 578 Christi
410 538 566 576 Domini
603 551 714 576 carne
748 551 812 576 seu
850 549 1016 589 corpore,
1051 537 1092 575 in
1120 551 1222 589 spem
1250 538 1535 576 resurrectionis
1563 541 1599 576 et

58 605 154 645 vitae
182 607 353 643 aeternae
381 603 443 649 ali,
467 602 506 640 id
536 602 637 654 quod
664 615 734 640 nos
762 615 910 654 quoque
939 615 1024 640 cum
1050 602 1127 640 illis
1154 601 1372 640 indubitato
1401 602 1601 648 credimus,

58 669 122 708 sed
147 669 202 707 ita
230 682 267 707 se
295 667 357 706 hic
382 668 512 706 Patres
541 667 691 719 ipsimet
720 668 920 719 explicant,
947 673 990 705 ut
1016 669 1254 719 perspicuum
1283 667 1343 712 sit,
1370 667 1489 705 nihilo
1512 681 1601 706 sane

58 733 179 784 magis
216 746 416 785 corporum
454 733 550 771 hanc
587 736 801 771 nostrorum
837 746 902 784 per
941 732 1083 770 Christi
1119 745 1252 784 corpus
1288 732 1518 778 alimoniam,
1553 731 1600 770 ad

58 798 158 836 hanc
194 799 384 837 Catonum
420 801 634 836 nostrorum
673 797 969 836 delitescentium
995 797 1194 849 pertinere,
1221 811 1333 848 quam
1361 797 1530 848 corporis
1558 797 1604 834 dc

56 863 159 901 Pane
185 863 226 901 in
253 863 377 901 verbis
406 862 549 900 Christi
575 861 894 913 praedicationem
922 862 1108 913 pertinere
1137 866 1298 901 constat.
1339 862 1379 899 Si
1408 861 1452 900 de
1478 861 1601 912 Papae

57 927 266 978 loquuntur
313 926 495 974 conciliis,
532 926 696 965 diximus
731 927 773 965 in
800 926 876 964 illis
916 927 1084 978 ipsorum
1110 926 1266 978 perinde
1292 930 1406 977 atque
1432 929 1600 964 nostram

61 992 270 1031 doctrinam
310 992 526 1031 damnatam
564 1005 656 1031 esse.
713 991 862 1030 Quodsi
906 992 979 1044 ipsi
1015 992 1191 1030 decorum
1238 992 1310 1030 sibi
1345 1005 1425 1030 esse
1459 995 1608 1043 putant,

59 1071 98 1096 se
130 1057 178 1096 ab
214 1058 290 1096 illis
328 1057 499 1096 conciliis
537 1057 734 1096 damnatos
773 1071 866 1104 esse,
899 1070 966 1096 cur
1003 1071 1080 1096 non
1117 1066 1153 1096 et
1187 1071 1256 1096 nos
1291 1057 1448 1096 eandem
1483 1057 1603 1108 ipsam

61 1123 415 1162 condemnationem
452 1123 492 1161 in
529 1123 640 1162 laude
677 1127 807 1161 nostra
843 1124 1097 1175 poneremus?
1152 1123 1192 1160 Si
1221 1123 1266 1161 de
1293 1123 1370 1161 suis
1397 1123 1497 1161 inter
1525 1135 1604 1161 scse

61 1189 330 1239 Syncretismis
358 1189 579 1240 loquuntur.
606 1188 716 1227 facile
743 1189 819 1227 illis
849 1192 904 1227 est
932 1189 1100 1238 (nemine
1127 1190 1193 1241 qui
1212 1188 1409 1227 dissentiat
1427 1189 1606 1235 admisso,

61 1267 108 1292 ne
147 1253 268 1292 dicam
305 1258 437 1292 vocato
466 1257 578 1305 atque
605 1253 753 1302 audito)
783 1254 968 1305 quidquid
994 1255 1088 1293 libet
1116 1259 1293 1302 statuere,
1321 1259 1432 1307 atque
1458 1256 1512 1294 ita
1540 1255 1605 1293 de-

62 1332 163 1357 mum
203 1319 415 1357 encomium
454 1331 597 1358 canere.
642 1319 751 1357 Certe
778 1321 824 1370 (y
852 1321 913 1367 42)
942 1319 1090 1357 nullum
1115 1333 1282 1371 unquam
1313 1320 1358 1358 de
1385 1321 1608 1358 Sacramen-

58 1384 154 1422 taria
182 1383 253 1422 hac
280 1384 534 1422 controversia
560 1383 702 1423 iustum
730 1384 872 1436 alioqui
901 1385 1133 1436 colloquium
1163 1385 1383 1423 institutum
1410 1398 1490 1423 esse
1513 1398 1604 1423 con—

60 1452 146 1495 stat,
163 1453 422 1501 praeterquam
443 1449 747 1499 Martburgi,
766 1450 965 1490 Illustriss.
996 1451 1188 1489 Cattorum
1210 1451 1396 1502 Principis
1417 1451 1609 1502 auspiciis,

62 1525 163 1551 anno
200 1518 286 1565 post
313 1514 505 1552 Christum
534 1516 646 1561 1529,
672 1515 712 1552 in
741 1527 815 1566 quo
845 1528 934 1553 sane
961 1519 1108 1554 tantum
1135 1515 1242 1554 abest
1270 1519 1309 1554 ut
1347 1516 1395 1554 sit
1431 1515 1607 1553 damnata

62 1581 191 1616 nostra
229 1577 414 1624 doctrina,
450 1582 491 1617 ut
519 1578 566 1616 ab
593 1583 753 1630 utraque
779 1584 885 1630 parte
915 1580 962 1618 sit
991 1579 1270 1618 consentienter
1297 1584 1445 1631 recepta
1474 1584 1509 1617 et
1537 1593 1603 1630 ap-

61 1643 232 1694 probata,
260 1643 321 1681 cui
348 1648 383 1681 et
410 1657 479 1682 nos
506 1644 668 1683 libenter
696 1644 935 1684 assentimur.
966 1645 1066 1684 Quia
1096 1659 1180 1683 vero
1211 1646 1424 1683 Thrasones
1452 1645 1606 1696 quidam

63 1709 103 1746 in
139 1722 182 1747 eo
218 1708 300 1760 ipso
339 1708 528 1760 colloquio
565 1709 789 1760 palmarium
827 1723 865 1747 se
893 1709 1019 1747 nescio
1048 1709 1149 1761 quod
1185 1709 1382 1748 adversum
1411 1722 1480 1747 nos
1508 1709 1608 1746 obti-

63 1773 202 1818 nuisse,
238 1773 479 1824 nostramque
514 1773 724 1812 doctrinam
760 1773 999 1825 pudefaetam
1036 1788 1115 1813 esse
1152 1774 1306 1819 iactant,
1343 1777 1454 1825 caput
1482 1773 1605 1824 ipsum

68 1838 329 1878 conventionis
359 1838 766 1889 Martburgensis
795 1839 841 1878 de
869 1853 983 1878 coena
1012 1839 1167 1878 Domini
1188 1839 1322 1877 addere
1343 1839 1404 1877 hic
1421 1839 1546 1884 libuit,
1568 1842 1607 1876 ut

66 1903 212 1942 vanitas
246 1907 358 1955 atque
391 1903 623 1955 impudentia
661 1904 901 1942 Thrasonum
936 1904 1152 1943 istiusmodi
1190 1905 1365 1943 omnibus
1404 1904 1607 1955 conspicua

65 1980 144 2006 esse
171 1968 302 2019 possit.
331 1968 400 2007 Est
426 1972 551 2007 autem
579 1974 691 2020 eaput
718 1968 790 2007 hoc
819 1983 973 2008 numero
1002 1970 1366 2021 quintumdecimum
1392 1971 1471 2008 eius
1489 1970 1608 2021 ipsius

68 2032 342 2075 conventionis,
378 2032 480 2083 quod
514 2036 550 2070 et
589 2032 815 2071 Germanica
851 2033 980 2083 lingua
1007 2035 1075 2082 j(ut
1111 2038 1165 2073 est
1202 2035 1383 2081 aeditum)
1420 2038 1457 2072 et
1492 2033 1608 2071 latine

69 2095 202 2133 deinde
229 2109 377 2134 versum
404 2096 458 2134 sie
485 2096 611 2145 habet,
639 2097 699 2135 cui
726 2097 897 2149 equidem
925 2098 1044 2136 maior
1072 2099 1177 2146 fides,
1204 2112 1318 2149 quam
1337 2098 1492 2151 privatis
1512 2097 1608 2136 alio—

70 2160 133 2212 qui
162 2161 381 2213 cuiusquam
411 2161 559 2213 scriptis
588 2162 718 2201 haberi
746 2163 866 2202 debet.

107 2292 195 2330 Vom
229 2291 455 2330 ›Sacrament
489 2293 552 2330 (les
587 2293 675 2330 Zcz'bs
711 2294 791 2331 und
947 2293 1002 2332 De
1031 2295 1272 2333 Sacramento
1302 2295 1469 2346 corporis
1497 2301 1532 2334 et

301 2357 394 2394 bluts
433 2357 581 2395 Christi.
1046 2358 1240 2408 sanguinis
1276 2360 1428 2399 Christi.

123 2421 183 2461 15..
241 2420 414 2460 Glauben
457 2423 537 2460 und
576 2422 699 2460 halten
743 2425 813 2461 wir
919 2425 980 2462 15.
1035 2423 1229 2462 Credimus
1263 2429 1300 2463 et
1327 2427 1372 2476 (γ
1400 2422 1610 2477 41’)p1·0fi-

68 2488 152 2532 alle,
191 2499 287 2524 vonn
322 2488 404 2525 dem
441 2488 646 2525 Nachtmal
680 2501 810 2527 unsers
865 2492 985 2526 temur
1035 2502 1177 2536 omnes,
1222 2489 1266 2528 de
1308 2503 1422 2528 coena
1454 2490 1611 2528 Domini

71 2551 201 2588 Herrn
253 2541 351 2588 Jesu>
398 2550 546 2598 Christi,
591 2553 683 2590 dass
724 2566 813 2590 man
866 2553 988 2591 nostri
1032 2553 1120 2591 Iesu
1168 2554 1320 2600 Christi,
1364 2569 1472 2593 usum
1508 2555 1610 2593 illius

72 2614 183 2662 beyde
208 2616 322 2664 ystalc
348 2616 467 2663 (nacla
494 2617 562 2654 der
588 2617 813 2667 innsatzunq
867 2617 937 2656 sub
974 2622 1133 2669 utraque
1170 2619 1290 2670 specie
1327 2619 1432 2658 iuxta
1471 2620 1611 2658 Christi

76 2677 232 2726 C'lzrz'stzj
259 2677 448 2716 brauclzen
474 2680 542 2717 sol.
579 2680 686 2717 Dass
714 2681 810 2719 auch
864 2680 1144 2719 institutionem
1195 2682 1471 2721 observandum
1517 2696 1609 2722 esse.

74 2742 132 2779 die
160 2743 282 2780 Messe
309 2743 410 2781 nieht
435 2745 494 2782 ein
521 2745 645 2782 werck
667 2746 725 2791 ist,
745 2747 816 2784 da·
870 2745 1058 2797 Quodque
1105 2746 1222 2786 Missa
1273 2761 1349 2786 non
1397 2748 1445 2786 sit
1495 2748 1611 2786 ullum

75 2806 139 2843 mic
174 2809 275 2845 einer
310 2808 392 2845 dem
428 2810 589 2855 andern,
626 2811 704 2848 todt
730 2812 820 2850 oder
872 2811 1058 2849 eiusmodi
1102 2825 1208 2864 opus,
1251 2826 1326 2865 quo
1372 2813 1464 2852 alter
1507 2813 1615 2851 alteri

75 2869 257 2921 lebendiq,
285 2873 393 2921 quad
410 2874 573 2921 erlcmqe.
606 2875 708 2912 Das-s
728 2877 823 2914 auch
879 2876 1092 2927 quisquam,
1129 2877 1204 2916 sive
1231 2884 1380 2915 mortuo
1406 2878 1481 2915 sive
1518 2878 1615 2919 vivo,

125 2933 181 2974 ῙῘ.
1441 2947 1459 2967 .)

1441 2968 1460 2981 ud
