1830 3147
80 601 95 633 1
122 600 196 634 Cor.
222 601 271 633 10.

84 1328 163 1359 Gen.
185 1326 289 1359 XVII.

83 1369 185 1404 Exod.
207 1370 257 1408 21,
278 1371 308 1401 4.

84 2094 188 2126 Math.
211 2096 262 2127 28.

84 2136 196 2169 Roma.
217 2139 247 2170 4.

364 103 438 138 460
833 111 1005 138 caruca.
1035 112 1142 138 ecci„
1173 109 1290 139 LoND.

362 213 578 251 actionibus
614 213 754 251 nostris
791 213 1060 265 exprimamus,
1088 214 1160 252 nisi
1187 215 1431 252 Sacramenta
1460 212 1688 265 vilipendere
1715 212 1774 253 in-

364 278 553 330 digneque
580 278 627 316 iis
655 278 711 317 uti
739 279 912 318 velimus.

940 408 1080 446 Interr.
1110 410 1196 447 221.

415 473 613 512 Quaenam
641 472 749 510 tertia
778 485 890 510 causa
919 477 974 510 est
1001 473 1328 511 Sacramentorum
1356 473 1700 512 instituendorum?

1007 537 1120 588 Resp.

417 603 469 641 Ut
505 607 629 641 essent
667 605 777 640 notae
814 602 945 653 populi
981 602 1065 648 Dei,
1091 602 1229 654 quibus
1258 607 1337 641 tota
1366 603 1535 641 Ecclesia
1566 602 1635 641 Dei
1663 603 1778 641 veluti

364 668 403 706 in
431 680 546 706 unum
575 680 709 718 corpus
739 667 991 717 colligeretur,
1018 680 1111 717 aque
1140 667 1250 705 sectis
1269 667 1446 705 omnibus
1468 668 1774 718 distingueretur,

366 733 397 771 si
425 732 654 770 unanimiter
683 745 811 770 eorum
841 744 952 769 usum
981 731 1169 770 observat.
1225 732 1378 770 Quibus
1405 732 1494 770 item
1523 733 1711 770 assiduam
1740 747 1779 771 se

366 797 404 835 in
432 796 642 835 ministerio
670 800 780 847 atque
808 795 1022 834 obedientia
1052 795 1120 833 Dei
1148 797 1254 845 (81¹³)
1291 797 1451 835 declaret
1479 802 1513 835 et
1542 797 1651 848 quasi
1678 798 1778 836 iure-

366 860 527 899 iurando
561 860 684 912 palam
720 874 758 898 se
795 860 1022 909 obstringat,
1049 881 1098 887 —
1126 860 1221 898 alios
1249 860 1410 912 denique
1437 861 1607 913 exemplo
1635 874 1703 899 suo
1731 861 1778 899 ad

365 937 489 962 veram
517 924 738 974 religionem
765 923 915 962 excitet.

949 1055 1089 1092 Interr.
1119 1057 1206 1092 222.

418 1119 521 1159 Quid
552 1132 679 1157 censes
707 1119 751 1157 de
777 1119 836 1160 iis.
865 1119 927 1169 qui
955 1118 1111 1168 indigne
1137 1118 1388 1157 Sacramentis
1418 1121 1600 1157 utuntur?

1008 1248 1122 1298 Resp.

419 1313 611 1352 Quoniam
639 1312 793 1350 Domini
820 1312 953 1349 foedus
980 1315 1175 1357 temerant,
1201 1311 1432 1350 abominatio
1461 1326 1586 1350 coram
1616 1313 1779 1350 Domino

367 1383 467 1417 sunt.
494 1378 643 1416 Idcirco
671 1378 781 1416 etiam
811 1381 988 1428 tanquam
1016 1377 1170 1428 periurii
1197 1377 1251 1415 rei
1279 1377 1319 1414 in
1346 1381 1538 1415 aeternum
1566 1391 1586 1414 a
1615 1377 1779 1416 Domino

368 1443 600 1488 reiiciuntur,
627 1447 811 1494 quatenus
840 1455 891 1481 sc.
920 1455 1083 1480 errorem
1111 1456 1219 1480 suum
1248 1455 1324 1481 non
1353 1442 1564 1481 excutiunt.

944 1509 1085 1546 Interr.
1115 1511 1203 1547 223.

420 1574 519 1614 Quis
548 1574 702 1624 indigne
731 1572 984 1611 Sacrarnentis
1012 1572 1161 1610 utitur?

1022 1637 1135 1688 Resp.

421 1705 460 1742 Si
489 1703 573 1756 quis
601 1703 720 1741 utitur
747 1702 794 1740 iis
822 1702 962 1753 absque
991 1701 1077 1746 fide,
1097 1700 1297 1738 dilectione
1317 1705 1427 1751 atquc
1446 1700 1657 1738 obedientia
1678 1702 1781 1749 (82a)

370 1769 537 1814 Domini,
573 1781 666 1819 quae
704 1767 805 1805 omni
840 1772 993 1804 externo
1025 1766 1352 1803 Sacramentorum
1392 1778 1460 1802 usu
1489 1765 1644 1803 excitari
1671 1771 1782 1816 atque

371 1833 505 1872 nutriri
534 1833 570 1870 in
601 1832 711 1870 nobis
740 1831 890 1869 debent.

946 1895 1087 1932 Interr.
1118 1896 1205 1931 224.

421 1964 567 2000 Suntne
595 1962 835 1999 Sacramenta
865 1960 910 1997 ad
941 1960 1099 1997 salutem
1129 1957 1365 1996 necessaria?

1015 2023 1130 2074 Resp.

421 2093 549 2131 Quum
594 2105 613 2128 a
653 2090 816 2128 Domino
854 2088 1027 2126 instituta
1064 2087 1250 2138 nobisque
1288 2086 1356 2124 sub
1393 2087 1536 2125 iactura
1576 2087 1707 2125 salutis
1741 2086 1779 2124 in

369 2172 454 2196 vera
497 2155 711 2195 obedientia
755 2153 990 2192 observanda
1035 2153 1207 2190 iniuncta
1245 2152 1332 2197 sint,
1370 2151 1450 2189 sinc
1496 2152 1627 2190 salutis
1666 2151 1780 2190 detri-

367 2226 492 2259 mento
521 2233 649 2258 eorum
686 2232 776 2257 usus
811 2218 952 2267 negligi
990 2217 1120 2267 nequit
1157 2229 1276 2267 neque
1315 2216 1516 2261 contemni,
1553 2228 1779 2267 quamquam

369 2287 610 2324 Sacramenta
637 2284 677 2322 in
706 2297 743 2322 se
771 2296 841 2322 nos
869 2282 978 2320 beare
1007 2285 1209 2332 nequeunt.

948 2411 1089 2449 Interr.
1118 2412 1206 2448 225.

420 2480 520 2519 Quis
547 2492 614 2531 pro
644 2480 970 2516 Saeramentorum
998 2478 1255 2526 contemptore
1283 2473 1478 2511 habendus
1505 2471 1778 2510 aestimandus-

368 2558 440 2596 que
467 2545 550 2583 est?

952 2606 1065 2656 Resp.
1092 2600 1199 2653 (82¹³)

422 2673 500 2711 Qui
527 2685 655 2711 eorum
682 2684 790 2709 usum
818 2669 988 2719 negligit,
1016 2669 1079 2705 ubi
1109 2668 1215 2705 iuxta
1245 2667 1315 2704 Dei
1342 2665 1619 2729 ordinationem
1648 2664 1778 2702 obser-

370 2737 447 2775 vari
484 2737 613 2788 possit.
653 2734 845 2773 Nimirum
882 2733 947 2784 qui
983 2731 1189 2770 Dominum
1218 2732 1342 2769 Iesum
1372 2729 1564 2767 Christum
1594 2742 1677 2766 vera
1705 2728 1778 2766 fide

369 2801 604 2852 amplectitur
642 2799 941 2851 discipulumque
970 2796 1128 2834 docilem
1157 2810 1195 2834 se
1222 2795 1255 2833 ei
1283 2795 1458 2846 praebere
1488 2793 1577 2839 vult,
1606 2806 1680 2830 non
1710 2806 1777 2844 po-

369 2866 455 2906 terit
490 2865 679 2914 negligere
715 2864 753 2901 in
792 2876 878 2900 vera
916 2860 987 2898 fide
1014 2865 1125 2912 atque
1153 2861 1424 2912 pietateusum
1452 2871 1578 2896 eorum
1609 2858 1773 2897 omnium
