<?xml version="1.0" encoding="UTF-8"?>
<!DOCTYPE html PUBLIC "-//W3C//DTD XHTML 1.0 Transitional//EN"
    "http://www.w3.org/TR/xhtml1/DTD/xhtml1-transitional.dtd">
<html xmlns="http://www.w3.org/1999/xhtml" xml:lang="en" lang="en">
 <head>
  <title>
</title>
<meta http-equiv="Content-Type" content="text/html;charset=utf-8" />
  <meta name='ocr-system' content='tesseract 3.04.00' />
  <meta name='ocr-capabilities' content='ocr_page ocr_carea ocr_par ocr_line ocrx_word'/>
</head>
<body>
  <div class='ocr_page' id='page_1' title='image "./operatameditaqua02lask_0739.png"; bbox 0 0 1830 3147; ppageno 0'>
   <div class='ocr_carea' id='block_1_1' title="bbox 832 132 1626 186">
    <p class='ocr_par' dir='ltr' id='par_1_1' title="bbox 832 132 1626 186">
     <span class='ocr_line' id='line_1_1' title="bbox 832 132 1626 186; baseline 0.001 -14"><span class='ocrx_word' id='word_1_1' title='bbox 832 132 902 172; x_wconf 81' lang='lat'>71⁷</span> <span class='ocrx_word' id='word_1_2' title='bbox 1357 136 1418 184; x_wconf 81' lang='lat' dir='ltr'>[A.</span> <span class='ocrx_word' id='word_1_3' title='bbox 1443 136 1489 173; x_wconf 90' lang='lat' dir='ltr'>D.</span> <span class='ocrx_word' id='word_1_4' title='bbox 1515 137 1626 186; x_wconf 82' lang='lat'>1556]</span> 
     </span>
    </p>
   </div>
   <div class='ocr_carea' id='block_1_2' title="bbox 98 238 1634 2987">
    <p class='ocr_par' dir='ltr' id='par_1_2' title="bbox 103 238 1633 643">
     <span class='ocr_line' id='line_1_2' title="bbox 104 238 1631 291; baseline 0.004 -15"><span class='ocrx_word' id='word_1_5' title='bbox 104 242 141 276; x_wconf 86' lang='lat' dir='ltr'>te</span> <span class='ocrx_word' id='word_1_6' title='bbox 179 251 242 287; x_wconf 92' lang='lat' dir='ltr'>pro</span> <span class='ocrx_word' id='word_1_7' title='bbox 283 241 346 275; x_wconf 85' lang='lat' dir='ltr'>tua</span> <span class='ocrx_word' id='word_1_8' title='bbox 377 239 473 275; x_wconf 88' lang='lat' dir='ltr'>virili</span> <span class='ocrx_word' id='word_1_9' title='bbox 504 238 652 275; x_wconf 86' lang='lat' dir='ltr'>altorem</span> <span class='ocrx_word' id='word_1_10' title='bbox 687 240 820 276; x_wconf 78' lang='lat' dir='ltr'>Christi</span> <span class='ocrx_word' id='word_1_11' title='bbox 852 241 1028 278; x_wconf 78' lang='lat' dir='ltr'><strong>Ecclesiae</strong></span> <span class='ocrx_word' id='word_1_12' title='bbox 1060 254 1233 290; x_wconf 89' lang='lat' dir='ltr'>veraeque</span> <span class='ocrx_word' id='word_1_13' title='bbox 1272 244 1308 280; x_wconf 89' lang='lat' dir='ltr'>in</span> <span class='ocrx_word' id='word_1_14' title='bbox 1351 243 1412 280; x_wconf 85' lang='lat' dir='ltr'>illa</span> <span class='ocrx_word' id='word_1_15' title='bbox 1453 244 1631 291; x_wconf 84' lang='lat' dir='ltr'>religionis</span> 
     </span>
     <span class='ocr_line' id='line_1_3' title="bbox 106 300 1632 354; baseline 0.004 -18"><span class='ocrx_word' id='word_1_16' title='bbox 106 303 314 336; x_wconf 78' lang='lat' dir='ltr'><strong>assertorem</strong></span> <span class='ocrx_word' id='word_1_17' title='bbox 332 302 374 348; x_wconf 75' lang='lat'>²),</span> <span class='ocrx_word' id='word_1_18' title='bbox 401 313 471 336; x_wconf 86' lang='lat' dir='ltr'>non</span> <span class='ocrx_word' id='word_1_19' title='bbox 497 300 572 336; x_wconf 89' lang='lat' dir='ltr'>sine</span> <span class='ocrx_word' id='word_1_20' title='bbox 598 301 692 336; x_wconf 80' lang='lat' dir='ltr'>vitae</span> <span class='ocrx_word' id='word_1_21' title='bbox 718 301 1012 350; x_wconf 82' lang='lat' dir='ltr'>fortunarumque</span> <span class='ocrx_word' id='word_1_22' title='bbox 1036 303 1141 339; x_wconf 84' lang='lat' dir='ltr'>etiam</span> <span class='ocrx_word' id='word_1_23' title='bbox 1168 308 1307 340; x_wconf 89' lang='lat' dir='ltr'>tuarum</span> <span class='ocrx_word' id='word_1_24' title='bbox 1334 304 1488 353; x_wconf 91' lang='lat' dir='ltr'>periculo</span> <span class='ocrx_word' id='word_1_25' title='bbox 1507 310 1546 350; x_wconf 49' lang='grc' dir='ltr'>Β),</span> <span class='ocrx_word' id='word_1_26' title='bbox 1571 319 1632 354; x_wconf 91' lang='lat' dir='ltr'>per</span> 
     </span>
     <span class='ocr_line' id='line_1_4' title="bbox 105 360 1632 413; baseline 0.005 -18"><span class='ocrx_word' id='word_1_27' title='bbox 105 360 171 396; x_wconf 92' lang='lat' dir='ltr'>Dei</span> <span class='ocrx_word' id='word_1_28' title='bbox 207 361 355 407; x_wconf 78' lang='lat' dir='ltr'>gratiam</span> <span class='ocrx_word' id='word_1_29' title='bbox 388 360 582 404; x_wconf 78' lang='lat' dir='ltr'>declarasti,</span> <span class='ocrx_word' id='word_1_30' title='bbox 616 362 665 397; x_wconf 83' lang='lat' dir='ltr'>ita</span> <span class='ocrx_word' id='word_1_31' title='bbox 700 361 735 398; x_wconf 92' lang='lat' dir='ltr'>id</span> <span class='ocrx_word' id='word_1_32' title='bbox 768 363 835 398; x_wconf 84' lang='lat' dir='ltr'>iarn</span> <span class='ocrx_word' id='word_1_33' title='bbox 861 376 1005 411; x_wconf 89' lang='lat' dir='ltr'>quoque</span> <span class='ocrx_word' id='word_1_34' title='bbox 1030 364 1191 413; x_wconf 84' lang='lat' dir='ltr'>deinceps</span> <span class='ocrx_word' id='word_1_35' title='bbox 1216 367 1318 402; x_wconf 88' lang='lat' dir='ltr'>tanto</span> <span class='ocrx_word' id='word_1_36' title='bbox 1343 365 1478 413; x_wconf 82' lang='lat' dir='ltr'>alioqui</span> <span class='ocrx_word' id='word_1_37' title='bbox 1503 367 1632 404; x_wconf 89' lang='lat' dir='ltr'>maiore</span> 
     </span>
     <span class='ocr_line' id='line_1_5' title="bbox 103 422 1631 475; baseline 0.005 -19"><span class='ocrx_word' id='word_1_38' title='bbox 103 422 211 457; x_wconf 86' lang='lat' dir='ltr'>animi</span> <span class='ocrx_word' id='word_1_39' title='bbox 236 422 446 458; x_wconf 85' lang='lat' dir='ltr'>fortitudine</span> <span class='ocrx_word' id='word_1_40' title='bbox 470 434 509 458; x_wconf 91' lang='lat' dir='ltr'>ac</span> <span class='ocrx_word' id='word_1_41' title='bbox 534 423 733 458; x_wconf 86' lang='lat' dir='ltr'>constantia</span> <span class='ocrx_word' id='word_1_42' title='bbox 757 427 915 471; x_wconf 76' lang='lat' dir='ltr'>praestes</span> <span class='ocrx_word' id='word_1_43' title='bbox 940 424 983 460; x_wconf 89' lang='lat' dir='ltr'>ad</span> <span class='ocrx_word' id='word_1_44' title='bbox 1008 426 1159 462; x_wconf 89' lang='lat' dir='ltr'>nominis</span> <span class='ocrx_word' id='word_1_45' title='bbox 1184 426 1296 462; x_wconf 89' lang='lat' dir='ltr'>divini</span> <span class='ocrx_word' id='word_1_46' title='bbox 1319 427 1477 474; x_wconf 89' lang='lat' dir='ltr'>gloriam,</span> <span class='ocrx_word' id='word_1_47' title='bbox 1496 431 1631 475; x_wconf 89' lang='lat' dir='ltr'>quanto</span> 
     </span>
     <span class='ocr_line' id='line_1_6' title="bbox 103 483 1632 536; baseline 0.003 -17"><span class='ocrx_word' id='word_1_48' title='bbox 103 486 139 519; x_wconf 89' lang='lat' dir='ltr'>te</span> <span class='ocrx_word' id='word_1_49' title='bbox 164 483 365 519; x_wconf 81' lang='lat' dir='ltr'>sublimiore</span> <span class='ocrx_word' id='word_1_50' title='bbox 390 483 467 519; x_wconf 88' lang='lat' dir='ltr'>loco</span> <span class='ocrx_word' id='word_1_51' title='bbox 493 483 613 520; x_wconf 90' lang='lat' dir='ltr'>divino</span> <span class='ocrx_word' id='word_1_52' title='bbox 640 483 805 521; x_wconf 88' lang='lat' dir='ltr'>beneficio</span> <span class='ocrx_word' id='word_1_53' title='bbox 831 485 1040 522; x_wconf 88' lang='lat' dir='ltr'>collocatum</span> <span class='ocrx_word' id='word_1_54' title='bbox 1067 498 1141 523; x_wconf 90' lang='lat' dir='ltr'>esse</span> <span class='ocrx_word' id='word_1_55' title='bbox 1160 486 1269 530; x_wconf 89' lang='lat' dir='ltr'>vides,</span> <span class='ocrx_word' id='word_1_56' title='bbox 1286 488 1385 523; x_wconf 89' lang='lat' dir='ltr'>—id</span> <span class='ocrx_word' id='word_1_57' title='bbox 1403 488 1547 536; x_wconf 86' lang='lat' dir='ltr'>inquam</span> <span class='ocrx_word' id='word_1_58' title='bbox 1566 489 1632 525; x_wconf 89' lang='lat' dir='ltr'>tibi</span> 
     </span>
     <span class='ocr_line' id='line_1_7' title="bbox 104 544 1633 592; baseline 0.005 -13"><span class='ocrx_word' id='word_1_59' title='bbox 104 556 146 580; x_wconf 78' lang='lat' dir='ltr'>ex</span> <span class='ocrx_word' id='word_1_60' title='bbox 172 544 286 580; x_wconf 88' lang='lat' dir='ltr'>animo</span> <span class='ocrx_word' id='word_1_61' title='bbox 311 556 434 591; x_wconf 85' lang='lat' dir='ltr'>precor</span> <span class='ocrx_word' id='word_1_62' title='bbox 459 547 495 580; x_wconf 89' lang='lat' dir='ltr'>et</span> <span class='ocrx_word' id='word_1_63' title='bbox 521 557 595 580; x_wconf 88' lang='lat' dir='ltr'>mea</span> <span class='ocrx_word' id='word_1_64' title='bbox 620 547 851 592; x_wconf 88' lang='lat' dir='ltr'>quantumvis</span> <span class='ocrx_word' id='word_1_65' title='bbox 876 546 981 583; x_wconf 85' lang='lat' dir='ltr'>exilia</span> <span class='ocrx_word' id='word_1_66' title='bbox 1005 547 1114 583; x_wconf 82' lang='lat' dir='ltr'>officia</span> <span class='ocrx_word' id='word_1_67' title='bbox 1139 550 1221 584; x_wconf 91' lang='lat' dir='ltr'>tuae</span> <span class='ocrx_word' id='word_1_68' title='bbox 1259 548 1473 585; x_wconf 90' lang='lat' dir='ltr'>Celsitudini</span> <span class='ocrx_word' id='word_1_69' title='bbox 1498 562 1633 586; x_wconf 90' lang='lat' dir='ltr'>summa</span> 
     </span>
     <span class='ocr_line' id='line_1_8' title="bbox 103 605 770 643; baseline 0 -1"><span class='ocrx_word' id='word_1_70' title='bbox 103 618 183 642; x_wconf 91' lang='lat' dir='ltr'>cum</span> <span class='ocrx_word' id='word_1_71' title='bbox 209 605 431 642; x_wconf 87' lang='lat' dir='ltr'>observantia</span> <span class='ocrx_word' id='word_1_72' title='bbox 455 618 531 642; x_wconf 90' lang='lat' dir='ltr'>mea</span> <span class='ocrx_word' id='word_1_73' title='bbox 555 606 770 643; x_wconf 86' lang='lat' dir='ltr'>commendo.</span> 
     </span>
    </p>

    <p class='ocr_par' dir='ltr' id='par_1_3' title="bbox 100 666 1634 1876">
     <span class='ocr_line' id='line_1_9' title="bbox 151 666 1634 717; baseline 0.004 -15"><span class='ocrx_word' id='word_1_74' title='bbox 151 666 230 713; x_wconf 80' lang='lat' dir='ltr'>Quo</span> <span class='ocrx_word' id='word_1_75' title='bbox 261 667 316 703; x_wconf 92' lang='lat' dir='ltr'>die</span> <span class='ocrx_word' id='word_1_76' title='bbox 351 670 387 703; x_wconf 87' lang='lat' dir='ltr'>te</span> <span class='ocrx_word' id='word_1_77' title='bbox 418 667 461 703; x_wconf 89' lang='lat' dir='ltr'>ad</span> <span class='ocrx_word' id='word_1_78' title='bbox 494 680 568 704; x_wconf 89' lang='lat' dir='ltr'>eam</span> <span class='ocrx_word' id='word_1_79' title='bbox 605 668 825 715; x_wconf 89' lang='lat' dir='ltr'>dignitatem,</span> <span class='ocrx_word' id='word_1_80' title='bbox 858 680 962 715; x_wconf 89' lang='lat' dir='ltr'>quam</span> <span class='ocrx_word' id='word_1_81' title='bbox 997 682 1032 705; x_wconf 94' lang='lat' dir='ltr'>es</span> <span class='ocrx_word' id='word_1_82' title='bbox 1063 668 1220 717; x_wconf 88' lang='lat' dir='ltr'>adeptus,</span> <span class='ocrx_word' id='word_1_83' title='bbox 1253 670 1372 707; x_wconf 91' lang='lat' dir='ltr'>divina</span> <span class='ocrx_word' id='word_1_84' title='bbox 1404 672 1634 709; x_wconf 89' lang='lat' dir='ltr'>Providentia</span> 
     </span>
     <span class='ocr_line' id='line_1_10' title="bbox 105 727 1634 778; baseline 0.004 -15"><span class='ocrx_word' id='word_1_85' title='bbox 105 728 303 776; x_wconf 89' lang='lat' dir='ltr'>pervenisse</span> <span class='ocrx_word' id='word_1_86' title='bbox 337 727 506 772; x_wconf 77' lang='lat' dir='ltr'>intellexi,</span> <span class='ocrx_word' id='word_1_87' title='bbox 542 728 654 764; x_wconf 86' lang='lat' dir='ltr'>facere</span> <span class='ocrx_word' id='word_1_88' title='bbox 679 741 749 765; x_wconf 90' lang='lat' dir='ltr'>non</span> <span class='ocrx_word' id='word_1_89' title='bbox 775 730 887 776; x_wconf 89' lang='lat' dir='ltr'>potui,</span> <span class='ocrx_word' id='word_1_90' title='bbox 914 729 1001 776; x_wconf 90' lang='lat' dir='ltr'>quin</span> <span class='ocrx_word' id='word_1_91' title='bbox 1028 730 1094 766; x_wconf 91' lang='lat' dir='ltr'>Dei</span> <span class='ocrx_word' id='word_1_92' title='bbox 1119 732 1269 778; x_wconf 90' lang='lat' dir='ltr'>primum</span> <span class='ocrx_word' id='word_1_93' title='bbox 1295 731 1482 776; x_wconf 84' lang='lat' dir='ltr'>Ecclesiae,</span> <span class='ocrx_word' id='word_1_94' title='bbox 1507 732 1634 770; x_wconf 81' lang='lat' dir='ltr'>deinde</span> 
     </span>
     <span class='ocr_line' id='line_1_11' title="bbox 104 789 1632 838; baseline 0.003 -13"><span class='ocrx_word' id='word_1_95' title='bbox 104 790 154 826; x_wconf 90' lang='lat' dir='ltr'>rei</span> <span class='ocrx_word' id='word_1_96' title='bbox 187 802 328 838; x_wconf 89' lang='lat' dir='ltr'>quoque</span> <span class='ocrx_word' id='word_1_97' title='bbox 361 789 520 837; x_wconf 87' lang='lat' dir='ltr'>publicae</span> <span class='ocrx_word' id='word_1_98' title='bbox 550 789 586 825; x_wconf 90' lang='lat' dir='ltr'>in</span> <span class='ocrx_word' id='word_1_99' title='bbox 619 790 783 837; x_wconf 67' lang='lat' dir='ltr'>impetiri,</span> <span class='ocrx_word' id='word_1_100' title='bbox 826 794 1004 837; x_wconf 89' lang='lat' dir='ltr'>postremo</span> <span class='ocrx_word' id='word_1_101' title='bbox 1038 791 1115 827; x_wconf 86' lang='lat' dir='ltr'>Tibi</span> <span class='ocrx_word' id='word_1_102' title='bbox 1152 792 1256 828; x_wconf 89' lang='lat' dir='ltr'>etiam</span> <span class='ocrx_word' id='word_1_103' title='bbox 1289 793 1454 829; x_wconf 87' lang='lat' dir='ltr'>maiorem</span> <span class='ocrx_word' id='word_1_104' title='bbox 1488 795 1632 830; x_wconf 89' lang='lat' dir='ltr'>sanein</span> 
     </span>
     <span class='ocr_line' id='line_1_12' title="bbox 105 850 1632 899; baseline 0.003 -13"><span class='ocrx_word' id='word_1_105' title='bbox 105 850 245 886; x_wconf 91' lang='lat' dir='ltr'>modum</span> <span class='ocrx_word' id='word_1_106' title='bbox 272 850 479 897; x_wconf 87' lang='lat' dir='ltr'>gratularer.</span> <span class='ocrx_word' id='word_1_107' title='bbox 513 851 678 887; x_wconf 87' lang='lat' dir='ltr'>Studium</span> <span class='ocrx_word' id='word_1_108' title='bbox 705 851 858 897; x_wconf 88' lang='lat' dir='ltr'>pietatis,</span> <span class='ocrx_word' id='word_1_109' title='bbox 885 851 986 887; x_wconf 85' lang='lat' dir='ltr'>cuius</span> <span class='ocrx_word' id='word_1_110' title='bbox 1012 852 1185 899; x_wconf 86' lang='lat' dir='ltr'>specimen</span> <span class='ocrx_word' id='word_1_111' title='bbox 1211 852 1379 889; x_wconf 88' lang='lat' dir='ltr'>hactenus</span> <span class='ocrx_word' id='word_1_112' title='bbox 1406 854 1546 891; x_wconf 91' lang='lat' dir='ltr'>minime</span> <span class='ocrx_word' id='word_1_113' title='bbox 1571 855 1632 891; x_wconf 85' lang='lat' dir='ltr'>ob·</span> 
     </span>
     <span class='ocr_line' id='line_1_13' title="bbox 104 911 1632 962; baseline 0.003 -15"><span class='ocrx_word' id='word_1_114' title='bbox 104 924 245 948; x_wconf 78' lang='lat' dir='ltr'>scutum</span> <span class='ocrx_word' id='word_1_115' title='bbox 279 911 429 955; x_wconf 82' lang='lat' dir='ltr'>edidisti,</span> <span class='ocrx_word' id='word_1_116' title='bbox 467 912 562 956; x_wconf 86' lang='lat' dir='ltr'>facit,</span> <span class='ocrx_word' id='word_1_117' title='bbox 596 915 637 948; x_wconf 89' lang='lat' dir='ltr'>ut</span> <span class='ocrx_word' id='word_1_118' title='bbox 671 914 734 948; x_wconf 91' lang='lat' dir='ltr'>tuo</span> <span class='ocrx_word' id='word_1_119' title='bbox 770 913 908 948; x_wconf 90' lang='lat' dir='ltr'>nomine</span> <span class='ocrx_word' id='word_1_120' title='bbox 935 913 1067 949; x_wconf 80' lang='lat' dir='ltr'>Christi</span> <span class='ocrx_word' id='word_1_121' title='bbox 1093 913 1268 950; x_wconf 85' lang='lat' dir='ltr'>Ecclesiae</span> <span class='ocrx_word' id='word_1_122' title='bbox 1293 915 1461 961; x_wconf 82' lang='lat' dir='ltr'>gratuler,</span> <span class='ocrx_word' id='word_1_123' title='bbox 1488 928 1577 962; x_wconf 85' lang='lat' dir='ltr'>quae</span> <span class='ocrx_word' id='word_1_124' title='bbox 1602 917 1632 952; x_wconf 92' lang='lat' dir='ltr'>si</span> 
     </span>
     <span class='ocr_line' id='line_1_14' title="bbox 104 973 1631 1023; baseline 0.002 -14"><span class='ocrx_word' id='word_1_125' title='bbox 104 987 257 1021; x_wconf 89' lang='lat' dir='ltr'>unquam</span> <span class='ocrx_word' id='word_1_126' title='bbox 284 973 380 1018; x_wconf 83' lang='lat' dir='ltr'>alias,</span> <span class='ocrx_word' id='word_1_127' title='bbox 406 986 498 1010; x_wconf 88' lang='lat' dir='ltr'>nunc</span> <span class='ocrx_word' id='word_1_128' title='bbox 524 977 618 1011; x_wconf 80' lang='lat' dir='ltr'>certe</span> <span class='ocrx_word' id='word_1_129' title='bbox 643 974 800 1010; x_wconf 89' lang='lat' dir='ltr'>omnium</span> <span class='ocrx_word' id='word_1_130' title='bbox 825 974 975 1011; x_wconf 82' lang='lat' dir='ltr'>maxime</span> <span class='ocrx_word' id='word_1_131' title='bbox 1000 974 1066 1022; x_wconf 89' lang='lat' dir='ltr'>piis</span> <span class='ocrx_word' id='word_1_132' title='bbox 1100 975 1334 1022; x_wconf 87' lang='lat' dir='ltr'>publicaeque</span> <span class='ocrx_word' id='word_1_133' title='bbox 1365 976 1458 1023; x_wconf 84' lang='lat' dir='ltr'>pacis</span> <span class='ocrx_word' id='word_1_134' title='bbox 1483 977 1631 1013; x_wconf 90' lang='lat' dir='ltr'>amanti·</span> 
     </span>
     <span class='ocr_line' id='line_1_15' title="bbox 105 1035 1633 1086; baseline 0.001 -15"><span class='ocrx_word' id='word_1_135' title='bbox 105 1036 168 1071; x_wconf 92' lang='lat' dir='ltr'>bus</span> <span class='ocrx_word' id='word_1_136' title='bbox 206 1036 362 1083; x_wconf 89' lang='lat' dir='ltr'>patronis</span> <span class='ocrx_word' id='word_1_137' title='bbox 387 1048 425 1071; x_wconf 86' lang='lat' dir='ltr'>ac</span> <span class='ocrx_word' id='word_1_138' title='bbox 454 1035 719 1071; x_wconf 79' lang='lat' dir='ltr'>Mecaenatibus</span> <span class='ocrx_word' id='word_1_139' title='bbox 745 1038 836 1082; x_wconf 85' lang='lat' dir='ltr'>eget.</span> <span class='ocrx_word' id='word_1_140' title='bbox 887 1036 1112 1082; x_wconf 86' lang='lat' dir='ltr'>Integritatis</span> <span class='ocrx_word' id='word_1_141' title='bbox 1147 1049 1229 1073; x_wconf 90' lang='lat' dir='ltr'>vero</span> <span class='ocrx_word' id='word_1_142' title='bbox 1254 1050 1293 1074; x_wconf 90' lang='lat' dir='ltr'>ac</span> <span class='ocrx_word' id='word_1_143' title='bbox 1320 1039 1455 1085; x_wconf 81' lang='lat' dir='ltr'>synceri</span> <span class='ocrx_word' id='word_1_144' title='bbox 1479 1039 1633 1086; x_wconf 86' lang='lat' dir='ltr'>pectoris</span> 
     </span>
     <span class='ocr_line' id='line_1_16' title="bbox 101 1096 1630 1147; baseline 0.002 -15"><span class='ocrx_word' id='word_1_145' title='bbox 101 1096 156 1132; x_wconf 90' lang='lat' dir='ltr'>tui</span> <span class='ocrx_word' id='word_1_146' title='bbox 187 1097 328 1132; x_wconf 88' lang='lat' dir='ltr'>nomine</span> <span class='ocrx_word' id='word_1_147' title='bbox 360 1096 520 1143; x_wconf 83' lang='lat' dir='ltr'>gratulor</span> <span class='ocrx_word' id='word_1_148' title='bbox 553 1096 621 1132; x_wconf 87' lang='lat' dir='ltr'>toti</span> <span class='ocrx_word' id='word_1_149' title='bbox 655 1096 819 1143; x_wconf 86' lang='lat' dir='ltr'>Imperio,</span> <span class='ocrx_word' id='word_1_150' title='bbox 853 1097 918 1132; x_wconf 91' lang='lat' dir='ltr'>sub</span> <span class='ocrx_word' id='word_1_151' title='bbox 951 1110 990 1133; x_wconf 85' lang='lat' dir='ltr'>ea</span> <span class='ocrx_word' id='word_1_152' title='bbox 1022 1098 1226 1145; x_wconf 89' lang='lat' dir='ltr'>praesertim</span> <span class='ocrx_word' id='word_1_153' title='bbox 1260 1099 1354 1134; x_wconf 81' lang='lat' dir='ltr'>orbis</span> <span class='ocrx_word' id='word_1_154' title='bbox 1379 1099 1630 1147; x_wconf 87' lang='lat' dir='ltr'>propemodum</span> 
     </span>
     <span class='ocr_line' id='line_1_17' title="bbox 100 1157 1627 1204; baseline 0.002 -11"><span class='ocrx_word' id='word_1_155' title='bbox 100 1158 213 1193; x_wconf 91' lang='lat' dir='ltr'>totius</span> <span class='ocrx_word' id='word_1_156' title='bbox 248 1157 430 1204; x_wconf 75' lang='lat' dir='ltr'>hypocrisi,</span> <span class='ocrx_word' id='word_1_157' title='bbox 465 1169 554 1204; x_wconf 85' lang='lat' dir='ltr'>quae</span> <span class='ocrx_word' id='word_1_158' title='bbox 580 1157 671 1192; x_wconf 89' lang='lat' dir='ltr'>haud</span> <span class='ocrx_word' id='word_1_159' title='bbox 696 1157 768 1192; x_wconf 88' lang='lat' dir='ltr'>scio</span> <span class='ocrx_word' id='word_1_160' title='bbox 793 1170 837 1192; x_wconf 89' lang='lat' dir='ltr'>an</span> <span class='ocrx_word' id='word_1_161' title='bbox 862 1169 1018 1204; x_wconf 90' lang='lat' dir='ltr'>unquam</span> <span class='ocrx_word' id='word_1_162' title='bbox 1044 1161 1147 1194; x_wconf 91' lang='lat' dir='ltr'>antea</span> <span class='ocrx_word' id='word_1_163' title='bbox 1172 1159 1209 1194; x_wconf 90' lang='lat' dir='ltr'>in</span> <span class='ocrx_word' id='word_1_164' title='bbox 1235 1163 1400 1195; x_wconf 87' lang='lat' dir='ltr'>universo</span> <span class='ocrx_word' id='word_1_165' title='bbox 1427 1159 1627 1196; x_wconf 87' lang='lat' dir='ltr'>mortalium</span> 
     </span>
     <span class='ocr_line' id='line_1_18' title="bbox 101 1215 1632 1268; baseline 0.004 -17"><span class='ocrx_word' id='word_1_166' title='bbox 101 1215 172 1252; x_wconf 85' lang='lat' dir='ltr'>sere</span> <span class='ocrx_word' id='word_1_167' title='bbox 197 1229 323 1263; x_wconf 86' lang='lat' dir='ltr'>genere</span> <span class='ocrx_word' id='word_1_168' title='bbox 349 1218 457 1264; x_wconf 84' lang='lat' dir='ltr'>magis</span> <span class='ocrx_word' id='word_1_169' title='bbox 482 1218 636 1264; x_wconf 81' lang='lat' dir='ltr'>viguerit</span> <span class='ocrx_word' id='word_1_170' title='bbox 662 1218 814 1254; x_wconf 89' lang='lat' dir='ltr'>omnino.</span> <span class='ocrx_word' id='word_1_171' title='bbox 841 1218 921 1254; x_wconf 87' lang='lat' dir='ltr'>Tibi</span> <span class='ocrx_word' id='word_1_172' title='bbox 945 1221 1064 1254; x_wconf 88' lang='lat' dir='ltr'>autem</span> <span class='ocrx_word' id='word_1_173' title='bbox 1081 1219 1252 1266; x_wconf 88' lang='lat' dir='ltr'>gratulor,</span> <span class='ocrx_word' id='word_1_174' title='bbox 1271 1220 1440 1268; x_wconf 89' lang='lat' dir='ltr'>Princeps</span> <span class='ocrx_word' id='word_1_175' title='bbox 1458 1220 1632 1258; x_wconf 87' lang='lat' dir='ltr'>Illustris·</span> 
     </span>
     <span class='ocr_line' id='line_1_19' title="bbox 102 1277 1630 1330; baseline 0.004 -17"><span class='ocrx_word' id='word_1_176' title='bbox 102 1277 203 1313; x_wconf 85' lang='lat' dir='ltr'>sime!</span> <span class='ocrx_word' id='word_1_177' title='bbox 231 1278 325 1324; x_wconf 91' lang='lat' dir='ltr'>quod</span> <span class='ocrx_word' id='word_1_178' title='bbox 359 1291 418 1326; x_wconf 91' lang='lat' dir='ltr'>per</span> <span class='ocrx_word' id='word_1_179' title='bbox 451 1290 526 1314; x_wconf 85' lang='lat' dir='ltr'>eam</span> <span class='ocrx_word' id='word_1_180' title='bbox 553 1278 736 1325; x_wconf 84' lang='lat' dir='ltr'>dignitatis</span> <span class='ocrx_word' id='word_1_181' title='bbox 762 1282 844 1315; x_wconf 92' lang='lat' dir='ltr'>tuae</span> <span class='ocrx_word' id='word_1_182' title='bbox 869 1280 1102 1316; x_wconf 86' lang='lat' dir='ltr'>accessionem</span> <span class='ocrx_word' id='word_1_183' title='bbox 1140 1284 1265 1318; x_wconf 88' lang='lat' dir='ltr'>nactus</span> <span class='ocrx_word' id='word_1_184' title='bbox 1291 1282 1338 1318; x_wconf 91' lang='lat' dir='ltr'>sis</span> <span class='ocrx_word' id='word_1_185' title='bbox 1365 1282 1630 1330; x_wconf 83' lang='lat' dir='ltr'>pulcherrimam</span> 
     </span>
     <span class='ocr_line' id='line_1_20' title="bbox 103 1339 1632 1390; baseline 0.005 -16"><span class='ocrx_word' id='word_1_186' title='bbox 103 1339 318 1375; x_wconf 88' lang='lat' dir='ltr'>occasionem</span> <span class='ocrx_word' id='word_1_187' title='bbox 344 1339 567 1387; x_wconf 88' lang='lat' dir='ltr'>praelucendi</span> <span class='ocrx_word' id='word_1_188' title='bbox 591 1340 670 1376; x_wconf 90' lang='lat' dir='ltr'>aliis</span> <span class='ocrx_word' id='word_1_189' title='bbox 695 1340 921 1388; x_wconf 87' lang='lat' dir='ltr'>Principibus</span> <span class='ocrx_word' id='word_1_190' title='bbox 960 1341 1106 1378; x_wconf 89' lang='lat' dir='ltr'>consilio</span> <span class='ocrx_word' id='word_1_191' title='bbox 1133 1343 1364 1390; x_wconf 86' lang='lat' dir='ltr'>exemploque</span> <span class='ocrx_word' id='word_1_192' title='bbox 1389 1346 1464 1388; x_wconf 90' lang='lat' dir='ltr'>tuo,</span> <span class='ocrx_word' id='word_1_193' title='bbox 1491 1357 1570 1380; x_wconf 88' lang='lat' dir='ltr'>cum</span> <span class='ocrx_word' id='word_1_194' title='bbox 1596 1345 1632 1381; x_wconf 93' lang='lat' dir='ltr'>in</span> 
     </span>
     <span class='ocr_line' id='line_1_21' title="bbox 101 1401 1631 1448; baseline 0.004 -12"><span class='ocrx_word' id='word_1_195' title='bbox 101 1401 336 1448; x_wconf 88' lang='lat' dir='ltr'>promovenda</span> <span class='ocrx_word' id='word_1_196' title='bbox 361 1414 443 1437; x_wconf 90' lang='lat' dir='ltr'>vera</span> <span class='ocrx_word' id='word_1_197' title='bbox 468 1401 646 1448; x_wconf 81' lang='lat' dir='ltr'>religione,</span> <span class='ocrx_word' id='word_1_198' title='bbox 673 1414 775 1448; x_wconf 88' lang='lat' dir='ltr'>quam</span> <span class='ocrx_word' id='word_1_199' title='bbox 803 1402 962 1448; x_wconf 88' lang='lat' dir='ltr'>equidem</span> <span class='ocrx_word' id='word_1_200' title='bbox 990 1406 1026 1438; x_wconf 89' lang='lat' dir='ltr'>et</span> <span class='ocrx_word' id='word_1_201' title='bbox 1051 1403 1242 1440; x_wconf 87' lang='lat' dir='ltr'>domestica</span> <span class='ocrx_word' id='word_1_202' title='bbox 1276 1404 1456 1441; x_wconf 90' lang='lat' dir='ltr'>doctrinae</span> <span class='ocrx_word' id='word_1_203' title='bbox 1489 1405 1631 1442; x_wconf 87' lang='lat' dir='ltr'>dissidia</span> 
     </span>
     <span class='ocr_line' id='line_1_22' title="bbox 103 1462 1632 1514; baseline 0.005 -17"><span class='ocrx_word' id='word_1_204' title='bbox 103 1465 140 1497; x_wconf 88' lang='lat' dir='ltr'>et</span> <span class='ocrx_word' id='word_1_205' title='bbox 165 1462 443 1498; x_wconf 82' lang='lat' dir='ltr'>adversariorum</span> <span class='ocrx_word' id='word_1_206' title='bbox 470 1462 672 1510; x_wconf 84' lang='lat' dir='ltr'>improbitas</span> <span class='ocrx_word' id='word_1_207' title='bbox 698 1465 734 1498; x_wconf 90' lang='lat' dir='ltr'>et</span> <span class='ocrx_word' id='word_1_208' title='bbox 759 1466 934 1499; x_wconf 86' lang='lat' dir='ltr'>sectarum</span> <span class='ocrx_word' id='word_1_209' title='bbox 959 1463 1044 1499; x_wconf 88' lang='lat' dir='ltr'>item</span> <span class='ocrx_word' id='word_1_210' title='bbox 1069 1464 1238 1501; x_wconf 90' lang='lat' dir='ltr'>colluvies</span> <span class='ocrx_word' id='word_1_211' title='bbox 1264 1478 1335 1502; x_wconf 91' lang='lat' dir='ltr'>non</span> <span class='ocrx_word' id='word_1_212' title='bbox 1368 1466 1563 1514; x_wconf 86' lang='lat' dir='ltr'>vulgariter</span> <span class='ocrx_word' id='word_1_213' title='bbox 1580 1481 1632 1505; x_wconf 86' lang='lat' dir='ltr'>re·</span> 
     </span>
     <span class='ocr_line' id='line_1_23' title="bbox 104 1523 1632 1574; baseline 0.005 -16"><span class='ocrx_word' id='word_1_214' title='bbox 104 1525 298 1567; x_wconf 86' lang='lat' dir='ltr'>morantur,</span> <span class='ocrx_word' id='word_1_215' title='bbox 324 1527 401 1559; x_wconf 86' lang='lat' dir='ltr'>tum</span> <span class='ocrx_word' id='word_1_216' title='bbox 427 1525 464 1558; x_wconf 89' lang='lat' dir='ltr'>et</span> <span class='ocrx_word' id='word_1_217' title='bbox 489 1523 525 1559; x_wconf 89' lang='lat' dir='ltr'>in</span> <span class='ocrx_word' id='word_1_218' title='bbox 550 1523 769 1571; x_wconf 89' lang='lat' dir='ltr'>procuranda</span> <span class='ocrx_word' id='word_1_219' title='bbox 794 1525 1105 1572; x_wconf 86' lang='lat' dir='ltr'>conservandaque</span> <span class='ocrx_word' id='word_1_220' title='bbox 1129 1538 1211 1573; x_wconf 90' lang='lat' dir='ltr'>pace</span> <span class='ocrx_word' id='word_1_221' title='bbox 1227 1539 1266 1562; x_wconf 91' lang='lat' dir='ltr'>ac</span> <span class='ocrx_word' id='word_1_222' title='bbox 1284 1527 1544 1574; x_wconf 88' lang='lat' dir='ltr'>tranquillitate</span> <span class='ocrx_word' id='word_1_223' title='bbox 1561 1529 1632 1565; x_wconf 84' lang='lat' dir='ltr'>Im·</span> 
     </span>
     <span class='ocr_line' id='line_1_24' title="bbox 106 1584 1632 1636; baseline 0.005 -16"><span class='ocrx_word' id='word_1_224' title='bbox 106 1584 190 1633; x_wconf 89' lang='lat' dir='ltr'>perii</span> <span class='ocrx_word' id='word_1_225' title='bbox 225 1584 374 1632; x_wconf 87' lang='lat' dir='ltr'>publica,</span> <span class='ocrx_word' id='word_1_226' title='bbox 409 1597 512 1632; x_wconf 91' lang='lat' dir='ltr'>quam</span> <span class='ocrx_word' id='word_1_227' title='bbox 547 1597 628 1621; x_wconf 90' lang='lat' dir='ltr'>sane</span> <span class='ocrx_word' id='word_1_228' title='bbox 660 1585 761 1622; x_wconf 89' lang='lat' dir='ltr'>nobis</span> <span class='ocrx_word' id='word_1_229' title='bbox 786 1586 1015 1622; x_wconf 87' lang='lat' dir='ltr'>antichristus</span> <span class='ocrx_word' id='word_1_230' title='bbox 1040 1587 1222 1624; x_wconf 87' lang='lat' dir='ltr'>Romanus</span> <span class='ocrx_word' id='word_1_231' title='bbox 1247 1601 1328 1625; x_wconf 90' lang='lat' dir='ltr'>cum</span> <span class='ocrx_word' id='word_1_232' title='bbox 1361 1601 1426 1626; x_wconf 91' lang='lat' dir='ltr'>suo</span> <span class='ocrx_word' id='word_1_233' title='bbox 1451 1590 1632 1636; x_wconf 87' lang='lat' dir='ltr'>satellitio,</span> 
     </span>
     <span class='ocr_line' id='line_1_25' title="bbox 104 1645 1631 1699; baseline 0.004 -18"><span class='ocrx_word' id='word_1_234' title='bbox 104 1658 176 1682; x_wconf 91' lang='lat' dir='ltr'>non</span> <span class='ocrx_word' id='word_1_235' title='bbox 208 1645 311 1682; x_wconf 90' lang='lat' dir='ltr'>modo</span> <span class='ocrx_word' id='word_1_236' title='bbox 342 1645 478 1682; x_wconf 86' lang='lat' dir='ltr'>invidet</span> <span class='ocrx_word' id='word_1_237' title='bbox 503 1648 582 1682; x_wconf 88' lang='lat' dir='ltr'>toto</span> <span class='ocrx_word' id='word_1_238' title='bbox 607 1649 759 1694; x_wconf 85' lang='lat' dir='ltr'>pectore,</span> <span class='ocrx_word' id='word_1_239' title='bbox 785 1646 844 1682; x_wconf 91' lang='lat' dir='ltr'>sed</span> <span class='ocrx_word' id='word_1_240' title='bbox 869 1646 1073 1694; x_wconf 88' lang='lat' dir='ltr'>perturbare</span> <span class='ocrx_word' id='word_1_241' title='bbox 1099 1648 1204 1684; x_wconf 88' lang='lat' dir='ltr'>etiam</span> <span class='ocrx_word' id='word_1_242' title='bbox 1229 1649 1342 1685; x_wconf 89' lang='lat' dir='ltr'>modis</span> <span class='ocrx_word' id='word_1_243' title='bbox 1367 1650 1529 1687; x_wconf 86' lang='lat' dir='ltr'>omnibus</span> <span class='ocrx_word' id='word_1_244' title='bbox 1553 1664 1631 1699; x_wconf 91' lang='lat' dir='ltr'>pro-</span> 
     </span>
     <span class='ocr_line' id='line_1_26' title="bbox 102 1706 1632 1758; baseline 0.003 -16"><span class='ocrx_word' id='word_1_245' title='bbox 102 1706 270 1743; x_wconf 89' lang='lat' dir='ltr'>culdubio</span> <span class='ocrx_word' id='word_1_246' title='bbox 295 1709 455 1742; x_wconf 88' lang='lat' dir='ltr'>conatur.</span> <span class='ocrx_word' id='word_1_247' title='bbox 504 1706 611 1743; x_wconf 90' lang='lat' dir='ltr'>Hisce</span> <span class='ocrx_word' id='word_1_248' title='bbox 636 1707 780 1753; x_wconf 89' lang='lat' dir='ltr'>inquam</span> <span class='ocrx_word' id='word_1_249' title='bbox 806 1707 1008 1744; x_wconf 90' lang='lat' dir='ltr'>nominibus</span> <span class='ocrx_word' id='word_1_250' title='bbox 1034 1708 1280 1754; x_wconf 85' lang='lat' dir='ltr'>gratulandam</span> <span class='ocrx_word' id='word_1_251' title='bbox 1318 1721 1382 1757; x_wconf 85' lang='lat' dir='ltr'>ego</span> <span class='ocrx_word' id='word_1_252' title='bbox 1409 1723 1484 1747; x_wconf 90' lang='lat' dir='ltr'>esse</span> <span class='ocrx_word' id='word_1_253' title='bbox 1508 1712 1632 1758; x_wconf 91' lang='lat' dir='ltr'>putavi</span> 
     </span>
     <span class='ocr_line' id='line_1_27' title="bbox 103 1767 1631 1818; baseline 0.004 -16"><span class='ocrx_word' id='word_1_254' title='bbox 103 1767 140 1804; x_wconf 76' lang='lat' dir='ltr'>et</span> <span class='ocrx_word' id='word_1_255' title='bbox 171 1767 346 1803; x_wconf 89' lang='lat' dir='ltr'>Ecclesiae</span> <span class='ocrx_word' id='word_1_256' title='bbox 383 1767 516 1803; x_wconf 86' lang='lat' dir='ltr'>Christi</span> <span class='ocrx_word' id='word_1_257' title='bbox 547 1767 583 1803; x_wconf 76' lang='lat' dir='ltr'>et</span> <span class='ocrx_word' id='word_1_258' title='bbox 616 1767 844 1815; x_wconf 87' lang='lat' dir='ltr'>Reipublicae</span> <span class='ocrx_word' id='word_1_259' title='bbox 876 1767 912 1803; x_wconf 75' lang='lat' dir='ltr'>et</span> <span class='ocrx_word' id='word_1_260' title='bbox 953 1768 1031 1804; x_wconf 84' lang='lat' dir='ltr'>Tibi</span> <span class='ocrx_word' id='word_1_261' title='bbox 1072 1768 1223 1816; x_wconf 87' lang='lat' dir='ltr'>denique</span> <span class='ocrx_word' id='word_1_262' title='bbox 1247 1769 1315 1818; x_wconf 91' lang='lat' dir='ltr'>ipsi</span> <span class='ocrx_word' id='word_1_263' title='bbox 1340 1783 1425 1815; x_wconf 84' lang='lat' dir='ltr'>eam,</span> <span class='ocrx_word' id='word_1_264' title='bbox 1451 1783 1542 1818; x_wconf 90' lang='lat' dir='ltr'>quae</span> <span class='ocrx_word' id='word_1_265' title='bbox 1566 1772 1631 1808; x_wconf 88' lang='lat' dir='ltr'>tibi</span> 
     </span>
     <span class='ocr_line' id='line_1_28' title="bbox 103 1829 829 1876; baseline -0.001 -10"><span class='ocrx_word' id='word_1_266' title='bbox 103 1829 245 1876; x_wconf 88' lang='lat' dir='ltr'>obtigit,</span> <span class='ocrx_word' id='word_1_267' title='bbox 271 1829 454 1876; x_wconf 82' lang='lat' dir='ltr'>dignitatis</span> <span class='ocrx_word' id='word_1_268' title='bbox 481 1836 563 1865; x_wconf 84' lang='lat' dir='ltr'>tuae</span> <span class='ocrx_word' id='word_1_269' title='bbox 587 1829 829 1865; x_wconf 88' lang='lat' dir='ltr'>accessionem.</span> 
     </span>
    </p>

    <p class='ocr_par' dir='ltr' id='par_1_4' title="bbox 98 1890 1630 2543">
     <span class='ocr_line' id='line_1_29' title="bbox 151 1890 1629 1940; baseline 0.003 -14"><span class='ocrx_word' id='word_1_270' title='bbox 151 1891 261 1927; x_wconf 90' lang='lat' dir='ltr'>Cuius</span> <span class='ocrx_word' id='word_1_271' title='bbox 287 1890 446 1938; x_wconf 87' lang='lat' dir='ltr'>equidem</span> <span class='ocrx_word' id='word_1_272' title='bbox 473 1903 568 1927; x_wconf 90' lang='lat' dir='ltr'>meae</span> <span class='ocrx_word' id='word_1_273' title='bbox 593 1891 842 1938; x_wconf 87' lang='lat' dir='ltr'>gratulationis</span> <span class='ocrx_word' id='word_1_274' title='bbox 867 1892 910 1926; x_wconf 78' lang='lat' dir='ltr'>ut</span> <span class='ocrx_word' id='word_1_275' title='bbox 935 1891 1001 1927; x_wconf 91' lang='lat' dir='ltr'>tibi</span> <span class='ocrx_word' id='word_1_276' title='bbox 1027 1891 1307 1940; x_wconf 88' lang='lat' dir='ltr'>qualemcunque</span> <span class='ocrx_word' id='word_1_277' title='bbox 1341 1893 1629 1940; x_wconf 85' lang='lat' dir='ltr'>significationem</span> 
     </span>
     <span class='ocr_line' id='line_1_30' title="bbox 103 1953 1630 2004; baseline 0.003 -15"><span class='ocrx_word' id='word_1_278' title='bbox 103 1953 231 1997; x_wconf 88' lang='lat' dir='ltr'>darem,</span> <span class='ocrx_word' id='word_1_279' title='bbox 265 1953 300 1989; x_wconf 92' lang='lat' dir='ltr'>in</span> <span class='ocrx_word' id='word_1_280' title='bbox 334 1966 436 1990; x_wconf 84' lang='lat' dir='ltr'>causa</span> <span class='ocrx_word' id='word_1_281' title='bbox 468 1953 551 1989; x_wconf 88' lang='lat' dir='ltr'>mihi</span> <span class='ocrx_word' id='word_1_282' title='bbox 583 1953 740 1997; x_wconf 89' lang='lat' dir='ltr'>fuerunt,</span> <span class='ocrx_word' id='word_1_283' title='bbox 766 1953 916 2001; x_wconf 88' lang='lat' dir='ltr'>primum</span> <span class='ocrx_word' id='word_1_284' title='bbox 941 1958 1005 1990; x_wconf 89' lang='lat' dir='ltr'>tua</span> <span class='ocrx_word' id='word_1_285' title='bbox 1029 1954 1217 2001; x_wconf 86' lang='lat' dir='ltr'>singularis</span> <span class='ocrx_word' id='word_1_286' title='bbox 1243 1955 1277 1991; x_wconf 88' lang='lat' dir='ltr'>in</span> <span class='ocrx_word' id='word_1_287' title='bbox 1303 1955 1381 2003; x_wconf 90' lang='lat' dir='ltr'>pios</span> <span class='ocrx_word' id='word_1_288' title='bbox 1405 1968 1524 1992; x_wconf 87' lang='lat' dir='ltr'>omnes</span> <span class='ocrx_word' id='word_1_289' title='bbox 1550 1969 1630 2004; x_wconf 91' lang='lat' dir='ltr'>pro-</span> 
     </span>
     <span class='ocr_line' id='line_1_31' title="bbox 101 2015 1629 2065; baseline 0.001 -13"><span class='ocrx_word' id='word_1_290' title='bbox 101 2015 232 2064; x_wconf 89' lang='lat' dir='ltr'>pensio,</span> <span class='ocrx_word' id='word_1_291' title='bbox 267 2028 372 2063; x_wconf 87' lang='lat' dir='ltr'>quam</span> <span class='ocrx_word' id='word_1_292' title='bbox 398 2028 480 2062; x_wconf 87' lang='lat' dir='ltr'>erga</span> <span class='ocrx_word' id='word_1_293' title='bbox 506 2028 559 2051; x_wconf 91' lang='lat' dir='ltr'>me</span> <span class='ocrx_word' id='word_1_294' title='bbox 583 2027 725 2062; x_wconf 88' lang='lat' dir='ltr'>quoque</span> <span class='ocrx_word' id='word_1_295' title='bbox 749 2018 831 2051; x_wconf 88' lang='lat' dir='ltr'>aute</span> <span class='ocrx_word' id='word_1_296' title='bbox 856 2028 966 2052; x_wconf 87' lang='lat' dir='ltr'>annos</span> <span class='ocrx_word' id='word_1_297' title='bbox 991 2015 1115 2063; x_wconf 89' lang='lat' dir='ltr'>opinor</span> <span class='ocrx_word' id='word_1_298' title='bbox 1141 2019 1221 2052; x_wconf 87' lang='lat' dir='ltr'>octo</span> <span class='ocrx_word' id='word_1_299' title='bbox 1259 2016 1523 2065; x_wconf 88' lang='lat' dir='ltr'>Heidelbergae,</span> <span class='ocrx_word' id='word_1_300' title='bbox 1549 2030 1629 2054; x_wconf 89' lang='lat' dir='ltr'>cum</span> 
     </span>
     <span class='ocr_line' id='line_1_32' title="bbox 100 2075 1630 2125; baseline 0.001 -12"><span class='ocrx_word' id='word_1_301' title='bbox 100 2090 142 2113; x_wconf 90' lang='lat' dir='ltr'>eo</span> <span class='ocrx_word' id='word_1_302' title='bbox 167 2076 281 2113; x_wconf 90' lang='lat' dir='ltr'>obiter</span> <span class='ocrx_word' id='word_1_303' title='bbox 306 2088 348 2112; x_wconf 85' lang='lat' dir='ltr'>ex</span> <span class='ocrx_word' id='word_1_304' title='bbox 373 2076 485 2112; x_wconf 85' lang='lat' dir='ltr'>Frisia</span> <span class='ocrx_word' id='word_1_305' title='bbox 510 2076 681 2111; x_wconf 89' lang='lat' dir='ltr'>venissem</span> <span class='ocrx_word' id='word_1_306' title='bbox 707 2077 750 2122; x_wconf 85' lang='lat'>⁴),</span> <span class='ocrx_word' id='word_1_307' title='bbox 777 2075 1105 2112; x_wconf 87' lang='lat' dir='ltr'>benevolentissime</span> <span class='ocrx_word' id='word_1_308' title='bbox 1129 2089 1192 2123; x_wconf 92' lang='lat' dir='ltr'>pro</span> <span class='ocrx_word' id='word_1_309' title='bbox 1218 2076 1354 2114; x_wconf 90' lang='lat' dir='ltr'>virtute</span> <span class='ocrx_word' id='word_1_310' title='bbox 1371 2077 1630 2125; x_wconf 89' lang='lat' dir='ltr'>clementiaque</span> 
     </span>
     <span class='ocr_line' id='line_1_33' title="bbox 100 2136 1622 2188; baseline 0.002 -14"><span class='ocrx_word' id='word_1_311' title='bbox 100 2140 163 2174; x_wconf 90' lang='lat' dir='ltr'>tua</span> <span class='ocrx_word' id='word_1_312' title='bbox 187 2138 386 2175; x_wconf 85' lang='lat' dir='ltr'>declarasti:</span> <span class='ocrx_word' id='word_1_313' title='bbox 415 2136 539 2174; x_wconf 90' lang='lat' dir='ltr'>deinde</span> <span class='ocrx_word' id='word_1_314' title='bbox 565 2149 646 2173; x_wconf 91' lang='lat' dir='ltr'>vero</span> <span class='ocrx_word' id='word_1_315' title='bbox 671 2137 745 2184; x_wconf 86' lang='lat' dir='ltr'>ipsa</span> <span class='ocrx_word' id='word_1_316' title='bbox 769 2142 965 2184; x_wconf 88' lang='lat' dir='ltr'>temporum</span> <span class='ocrx_word' id='word_1_317' title='bbox 991 2137 1127 2173; x_wconf 89' lang='lat' dir='ltr'>occasio</span> <span class='ocrx_word' id='word_1_318' title='bbox 1153 2138 1268 2182; x_wconf 90' lang='lat' dir='ltr'>etiam,</span> <span class='ocrx_word' id='word_1_319' title='bbox 1302 2151 1408 2186; x_wconf 87' lang='lat' dir='ltr'>quam</span> <span class='ocrx_word' id='word_1_320' title='bbox 1424 2139 1509 2175; x_wconf 90' lang='lat' dir='ltr'>mihi</span> <span class='ocrx_word' id='word_1_321' title='bbox 1526 2152 1622 2188; x_wconf 88' lang='lat' dir='ltr'>prae-</span> 
     </span>
     <span class='ocr_line' id='line_1_34' title="bbox 104 2197 1628 2249; baseline 0.001 -13"><span class='ocrx_word' id='word_1_322' title='bbox 104 2199 367 2236; x_wconf 86' lang='lat' dir='ltr'>termittendam</span> <span class='ocrx_word' id='word_1_323' title='bbox 393 2211 464 2234; x_wconf 88' lang='lat' dir='ltr'>non</span> <span class='ocrx_word' id='word_1_324' title='bbox 489 2209 564 2234; x_wconf 87' lang='lat' dir='ltr'>esse</span> <span class='ocrx_word' id='word_1_325' title='bbox 589 2197 798 2241; x_wconf 81' lang='lat' dir='ltr'>existimavi,</span> <span class='ocrx_word' id='word_1_326' title='bbox 824 2199 853 2234; x_wconf 92' lang='lat' dir='ltr'>si</span> <span class='ocrx_word' id='word_1_327' title='bbox 878 2211 949 2246; x_wconf 91' lang='lat' dir='ltr'>quo</span> <span class='ocrx_word' id='word_1_328' title='bbox 975 2199 1077 2235; x_wconf 91' lang='lat' dir='ltr'>modo</span> <span class='ocrx_word' id='word_1_329' title='bbox 1103 2211 1164 2247; x_wconf 87' lang='lat' dir='ltr'>per</span> <span class='ocrx_word' id='word_1_330' title='bbox 1188 2212 1284 2236; x_wconf 88' lang='lat' dir='ltr'>meae</span> <span class='ocrx_word' id='word_1_331' title='bbox 1301 2200 1404 2237; x_wconf 89' lang='lat' dir='ltr'>huius</span> <span class='ocrx_word' id='word_1_332' title='bbox 1421 2201 1628 2249; x_wconf 86' lang='lat' dir='ltr'>gratulatio·</span> 
     </span>
     <span class='ocr_line' id='line_1_35' title="bbox 102 2259 1627 2311; baseline 0.003 -14"><span class='ocrx_word' id='word_1_333' title='bbox 102 2262 156 2297; x_wconf 90' lang='lat' dir='ltr'>nis</span> <span class='ocrx_word' id='word_1_334' title='bbox 181 2260 469 2308; x_wconf 86' lang='lat' dir='ltr'>significationem</span> <span class='ocrx_word' id='word_1_335' title='bbox 500 2259 645 2296; x_wconf 83' lang='lat' dir='ltr'>calcaria</span> <span class='ocrx_word' id='word_1_336' title='bbox 677 2260 857 2306; x_wconf 89' lang='lat' dir='ltr'>quaedam,</span> <span class='ocrx_word' id='word_1_337' title='bbox 883 2260 978 2308; x_wconf 89' lang='lat' dir='ltr'>quod</span> <span class='ocrx_word' id='word_1_338' title='bbox 1003 2260 1115 2304; x_wconf 88' lang='lat' dir='ltr'>aiunt,</span> <span class='ocrx_word' id='word_1_339' title='bbox 1142 2261 1217 2305; x_wconf 90' lang='lat' dir='ltr'>tibi,</span> <span class='ocrx_word' id='word_1_340' title='bbox 1243 2265 1368 2310; x_wconf 89' lang='lat' dir='ltr'>sponte</span> <span class='ocrx_word' id='word_1_341' title='bbox 1392 2263 1525 2311; x_wconf 90' lang='lat' dir='ltr'>alioqui</span> <span class='ocrx_word' id='word_1_342' title='bbox 1549 2277 1627 2301; x_wconf 89' lang='lat' dir='ltr'>cur-</span> 
     </span>
     <span class='ocr_line' id='line_1_36' title="bbox 102 2320 1629 2370; baseline 0.003 -12"><span class='ocrx_word' id='word_1_343' title='bbox 102 2335 180 2358; x_wconf 90' lang='lat' dir='ltr'>sum</span> <span class='ocrx_word' id='word_1_344' title='bbox 213 2326 316 2358; x_wconf 89' lang='lat' dir='ltr'>tuum</span> <span class='ocrx_word' id='word_1_345' title='bbox 351 2321 548 2364; x_wconf 81' lang='lat' dir='ltr'>adomanti,</span> <span class='ocrx_word' id='word_1_346' title='bbox 574 2320 745 2357; x_wconf 89' lang='lat' dir='ltr'>adderem.</span> <span class='ocrx_word' id='word_1_347' title='bbox 795 2321 972 2368; x_wconf 89' lang='lat' dir='ltr'>Intelligis</span> <span class='ocrx_word' id='word_1_348' title='bbox 998 2321 1089 2357; x_wconf 88' lang='lat' dir='ltr'>enim</span> <span class='ocrx_word' id='word_1_349' title='bbox 1115 2334 1178 2369; x_wconf 88' lang='lat' dir='ltr'>pro</span> <span class='ocrx_word' id='word_1_350' title='bbox 1204 2326 1267 2358; x_wconf 90' lang='lat' dir='ltr'>tua</span> <span class='ocrx_word' id='word_1_351' title='bbox 1291 2324 1434 2370; x_wconf 86' lang='lat' dir='ltr'>pietate,</span> <span class='ocrx_word' id='word_1_352' title='bbox 1459 2324 1502 2361; x_wconf 83' lang='lat' dir='ltr'>ad</span> <span class='ocrx_word' id='word_1_353' title='bbox 1528 2337 1567 2361; x_wconf 88' lang='lat' dir='ltr'>ea</span> <span class='ocrx_word' id='word_1_354' title='bbox 1593 2327 1629 2362; x_wconf 82' lang='lat' dir='ltr'>te</span> 
     </span>
     <span class='ocr_line' id='line_1_37' title="bbox 98 2381 1625 2433; baseline 0.003 -15"><span class='ocrx_word' id='word_1_355' title='bbox 98 2382 306 2431; x_wconf 83' lang='lat' dir='ltr'>praestanda</span> <span class='ocrx_word' id='word_1_356' title='bbox 347 2395 406 2430; x_wconf 91' lang='lat' dir='ltr'>per</span> <span class='ocrx_word' id='word_1_357' title='bbox 434 2387 588 2418; x_wconf 89' lang='lat' dir='ltr'>nostram</span> <span class='ocrx_word' id='word_1_358' title='bbox 614 2381 887 2429; x_wconf 87' lang='lat' dir='ltr'>gratulationem</span> <span class='ocrx_word' id='word_1_359' title='bbox 913 2382 1068 2426; x_wconf 89' lang='lat' dir='ltr'>invitari,</span> <span class='ocrx_word' id='word_1_360' title='bbox 1095 2395 1247 2430; x_wconf 89' lang='lat' dir='ltr'>quorum</span> <span class='ocrx_word' id='word_1_361' title='bbox 1272 2385 1414 2421; x_wconf 90' lang='lat' dir='ltr'>nomine</span> <span class='ocrx_word' id='word_1_362' title='bbox 1438 2385 1625 2433; x_wconf 83' lang='lat' dir='ltr'>dignitatis</span> 
     </span>
     <span class='ocr_line' id='line_1_38' title="bbox 101 2444 1625 2496; baseline 0.003 -15"><span class='ocrx_word' id='word_1_363' title='bbox 101 2446 189 2482; x_wconf 86' lang='lat' dir='ltr'>hanc</span> <span class='ocrx_word' id='word_1_364' title='bbox 232 2448 315 2481; x_wconf 88' lang='lat' dir='ltr'>tuae</span> <span class='ocrx_word' id='word_1_365' title='bbox 340 2445 571 2481; x_wconf 86' lang='lat' dir='ltr'>accessionem</span> <span class='ocrx_word' id='word_1_366' title='bbox 605 2448 640 2480; x_wconf 91' lang='lat' dir='ltr'>et</span> <span class='ocrx_word' id='word_1_367' title='bbox 665 2444 842 2482; x_wconf 86' lang='lat' dir='ltr'>Ecclesiae</span> <span class='ocrx_word' id='word_1_368' title='bbox 867 2448 903 2481; x_wconf 90' lang='lat' dir='ltr'>et</span> <span class='ocrx_word' id='word_1_369' title='bbox 929 2444 1155 2492; x_wconf 87' lang='lat' dir='ltr'>Reipublicae</span> <span class='ocrx_word' id='word_1_370' title='bbox 1181 2451 1217 2482; x_wconf 90' lang='lat' dir='ltr'>et</span> <span class='ocrx_word' id='word_1_371' title='bbox 1242 2447 1321 2483; x_wconf 90' lang='lat' dir='ltr'>Tibi</span> <span class='ocrx_word' id='word_1_372' title='bbox 1345 2447 1431 2484; x_wconf 90' lang='lat' dir='ltr'>adeo</span> <span class='ocrx_word' id='word_1_373' title='bbox 1456 2448 1523 2496; x_wconf 91' lang='lat' dir='ltr'>ipsi</span> <span class='ocrx_word' id='word_1_374' title='bbox 1548 2461 1625 2496; x_wconf 85' lang='lat' dir='ltr'>gra-</span> 
     </span>
     <span class='ocr_line' id='line_1_39' title="bbox 102 2505 662 2543; baseline -0.002 -1"><span class='ocrx_word' id='word_1_375' title='bbox 102 2507 283 2543; x_wconf 87' lang='lat' dir='ltr'>tulandam</span> <span class='ocrx_word' id='word_1_376' title='bbox 309 2518 384 2543; x_wconf 89' lang='lat' dir='ltr'>esse</span> <span class='ocrx_word' id='word_1_377' title='bbox 411 2505 662 2542; x_wconf 76' lang='lat' dir='ltr'>existimamus.</span> 
     </span>
    </p>

    <p class='ocr_par' dir='ltr' id='par_1_5' title="bbox 98 2565 1629 2987">
     <span class='ocr_line' id='line_1_40' title="bbox 150 2565 1629 2616; baseline 0.004 -14"><span class='ocrx_word' id='word_1_378' title='bbox 150 2567 197 2603; x_wconf 87' lang='lat' dir='ltr'>Et</span> <span class='ocrx_word' id='word_1_379' title='bbox 223 2567 336 2603; x_wconf 87' lang='lat' dir='ltr'>fateor</span> <span class='ocrx_word' id='word_1_380' title='bbox 361 2565 513 2613; x_wconf 87' lang='lat' dir='ltr'>quidem,</span> <span class='ocrx_word' id='word_1_381' title='bbox 539 2579 593 2602; x_wconf 93' lang='lat' dir='ltr'>me</span> <span class='ocrx_word' id='word_1_382' title='bbox 618 2568 738 2602; x_wconf 82' lang='lat' dir='ltr'>tantae</span> <span class='ocrx_word' id='word_1_383' title='bbox 762 2566 813 2602; x_wconf 89' lang='lat' dir='ltr'>rei</span> <span class='ocrx_word' id='word_1_384' title='bbox 829 2565 1100 2614; x_wconf 89' lang='lat' dir='ltr'>haudquaquam</span> <span class='ocrx_word' id='word_1_385' title='bbox 1117 2579 1233 2615; x_wconf 87' lang='lat' dir='ltr'>parem</span> <span class='ocrx_word' id='word_1_386' title='bbox 1251 2580 1325 2604; x_wconf 93' lang='lat' dir='ltr'>esse</span> <span class='ocrx_word' id='word_1_387' title='bbox 1341 2568 1500 2616; x_wconf 87' lang='lat' dir='ltr'>hancque</span> <span class='ocrx_word' id='word_1_388' title='bbox 1518 2583 1629 2608; x_wconf 86' lang='lat' dir='ltr'>meam</span> 
     </span>
     <span class='ocr_line' id='line_1_41' title="bbox 99 2627 1627 2679; baseline 0.004 -16"><span class='ocrx_word' id='word_1_389' title='bbox 99 2628 371 2676; x_wconf 88' lang='lat' dir='ltr'>gratulationem</span> <span class='ocrx_word' id='word_1_390' title='bbox 407 2633 443 2663; x_wconf 86' lang='lat' dir='ltr'>et</span> <span class='ocrx_word' id='word_1_391' title='bbox 473 2627 627 2674; x_wconf 88' lang='lat' dir='ltr'>ineptam</span> <span class='ocrx_word' id='word_1_392' title='bbox 658 2630 694 2663; x_wconf 90' lang='lat' dir='ltr'>et</span> <span class='ocrx_word' id='word_1_393' title='bbox 727 2627 818 2663; x_wconf 82' lang='lat' dir='ltr'>forte</span> <span class='ocrx_word' id='word_1_394' title='bbox 850 2628 1136 2674; x_wconf 89' lang='lat' dir='ltr'>impertinentem</span> <span class='ocrx_word' id='word_1_395' title='bbox 1172 2629 1276 2664; x_wconf 88' lang='lat' dir='ltr'>etiam</span> <span class='ocrx_word' id='word_1_396' title='bbox 1303 2629 1421 2667; x_wconf 90' lang='lat' dir='ltr'>videre</span> <span class='ocrx_word' id='word_1_397' title='bbox 1445 2643 1557 2679; x_wconf 88' lang='lat' dir='ltr'>posse,</span> <span class='ocrx_word' id='word_1_398' title='bbox 1584 2633 1627 2669; x_wconf 87' lang='lat' dir='ltr'>ab</span> 
     </span>
     <span class='ocr_line' id='line_1_42' title="bbox 100 2688 1629 2736; baseline 0.003 -11"><span class='ocrx_word' id='word_1_399' title='bbox 100 2689 240 2725; x_wconf 87' lang='lat' dir='ltr'>homine</span> <span class='ocrx_word' id='word_1_400' title='bbox 266 2688 430 2725; x_wconf 87' lang='lat' dir='ltr'>videlicet</span> <span class='ocrx_word' id='word_1_401' title='bbox 455 2695 491 2724; x_wconf 90' lang='lat' dir='ltr'>et</span> <span class='ocrx_word' id='word_1_402' title='bbox 516 2701 639 2736; x_wconf 88' lang='lat' dir='ltr'>parum</span> <span class='ocrx_word' id='word_1_403' title='bbox 673 2695 759 2724; x_wconf 90' lang='lat' dir='ltr'>noto</span> <span class='ocrx_word' id='word_1_404' title='bbox 802 2695 838 2725; x_wconf 88' lang='lat' dir='ltr'>et</span> <span class='ocrx_word' id='word_1_405' title='bbox 863 2689 1048 2736; x_wconf 89' lang='lat' dir='ltr'>peregrino</span> <span class='ocrx_word' id='word_1_406' title='bbox 1073 2689 1271 2736; x_wconf 90' lang='lat' dir='ltr'>passimque</span> <span class='ocrx_word' id='word_1_407' title='bbox 1295 2690 1426 2727; x_wconf 89' lang='lat' dir='ltr'>iactato</span> <span class='ocrx_word' id='word_1_408' title='bbox 1452 2705 1490 2728; x_wconf 92' lang='lat' dir='ltr'>ac</span> <span class='ocrx_word' id='word_1_409' title='bbox 1516 2693 1629 2729; x_wconf 85' lang='lat' dir='ltr'>veluti</span> 
     </span>
     <span class='ocr_line' id='line_1_43' title="bbox 100 2750 1629 2801; baseline 0.003 -14"><span class='ocrx_word' id='word_1_410' title='bbox 100 2754 242 2787; x_wconf 81' lang='lat' dir='ltr'>extorre</span> <span class='ocrx_word' id='word_1_411' title='bbox 276 2750 481 2797; x_wconf 85' lang='lat' dir='ltr'>profectam.</span> <span class='ocrx_word' id='word_1_412' title='bbox 532 2750 597 2787; x_wconf 87' lang='lat' dir='ltr'>Sed</span> <span class='ocrx_word' id='word_1_413' title='bbox 629 2750 689 2786; x_wconf 92' lang='lat' dir='ltr'>abs</span> <span class='ocrx_word' id='word_1_414' title='bbox 720 2755 756 2786; x_wconf 85' lang='lat' dir='ltr'>te</span> <span class='ocrx_word' id='word_1_415' title='bbox 791 2763 906 2797; x_wconf 86' lang='lat' dir='ltr'>neque</span> <span class='ocrx_word' id='word_1_416' title='bbox 948 2763 1011 2798; x_wconf 91' lang='lat' dir='ltr'>pro</span> <span class='ocrx_word' id='word_1_417' title='bbox 1053 2750 1186 2797; x_wconf 85' lang='lat' dir='ltr'>ignotis</span> <span class='ocrx_word' id='word_1_418' title='bbox 1211 2763 1325 2799; x_wconf 86' lang='lat' dir='ltr'>neque</span> <span class='ocrx_word' id='word_1_419' title='bbox 1349 2764 1413 2800; x_wconf 91' lang='lat' dir='ltr'>pro</span> <span class='ocrx_word' id='word_1_420' title='bbox 1438 2755 1629 2801; x_wconf 86' lang='lat' dir='ltr'>peregrinis</span> 
     </span>
     <span class='ocr_line' id='line_1_44' title="bbox 100 2804 1629 2860; baseline 0.003 -12"><span class='ocrx_word' id='word_1_421' title='bbox 100 2811 233 2849; x_wconf 86' lang='lat' dir='ltr'>censeri</span> <span class='ocrx_word' id='word_1_422' title='bbox 257 2814 345 2859; x_wconf 87' lang='lat' dir='ltr'>puto</span> <span class='ocrx_word' id='word_1_423' title='bbox 370 2831 417 2840; x_wconf 90' lang='lat'>—-</span> <span class='ocrx_word' id='word_1_424' title='bbox 441 2823 531 2858; x_wconf 88' lang='lat' dir='ltr'>quae</span> <span class='ocrx_word' id='word_1_425' title='bbox 549 2814 611 2847; x_wconf 88' lang='lat' dir='ltr'>tua</span> <span class='ocrx_word' id='word_1_426' title='bbox 628 2804 681 2848; x_wconf 82' lang='lat' dir='ltr'>e&#39;st</span> <span class='ocrx_word' id='word_1_427' title='bbox 698 2812 821 2860; x_wconf 89' lang='lat' dir='ltr'>pietas,</span> <span class='ocrx_word' id='word_1_428' title='bbox 839 2811 1007 2859; x_wconf 87' lang='lat' dir='ltr'>Princeps</span> <span class='ocrx_word' id='word_1_429' title='bbox 1027 2810 1290 2849; x_wconf 87' lang='lat' dir='ltr'>Illustrissime!</span> <span class='ocrx_word' id='word_1_430' title='bbox 1309 2833 1356 2841; x_wconf 90' lang='lat'>-—</span> <span class='ocrx_word' id='word_1_431' title='bbox 1373 2814 1509 2851; x_wconf 86' lang='lat' dir='ltr'>etiamsi</span> <span class='ocrx_word' id='word_1_432' title='bbox 1527 2815 1629 2852; x_wconf 85' lang='lat' dir='ltr'>iuxta</span> 
     </span>
     <span class='ocr_line' id='line_1_45' title="bbox 98 2873 1628 2924; baseline 0.003 -14"><span class='ocrx_word' id='word_1_433' title='bbox 98 2886 235 2910; x_wconf 88' lang='lat' dir='ltr'>carnem</span> <span class='ocrx_word' id='word_1_434' title='bbox 255 2874 402 2910; x_wconf 80' lang='lat' dir='ltr'>maxime</span> <span class='ocrx_word' id='word_1_435' title='bbox 418 2873 533 2920; x_wconf 83' lang='lat' dir='ltr'>ignoti</span> <span class='ocrx_word' id='word_1_436' title='bbox 550 2874 795 2921; x_wconf 87' lang='lat' dir='ltr'>peregrinique</span> <span class='ocrx_word' id='word_1_437' title='bbox 813 2873 896 2916; x_wconf 87' lang='lat' dir='ltr'>sint,</span> <span class='ocrx_word' id='word_1_438' title='bbox 915 2873 978 2920; x_wconf 91' lang='lat' dir='ltr'>qui</span> <span class='ocrx_word' id='word_1_439' title='bbox 996 2886 1033 2910; x_wconf 91' lang='lat' dir='ltr'>se</span> <span class='ocrx_word' id='word_1_440' title='bbox 1052 2873 1155 2910; x_wconf 90' lang='lat' dir='ltr'>modo</span> <span class='ocrx_word' id='word_1_441' title='bbox 1172 2873 1382 2911; x_wconf 90' lang='lat' dir='ltr'>domesticos</span> <span class='ocrx_word' id='word_1_442' title='bbox 1399 2875 1489 2920; x_wconf 86' lang='lat' dir='ltr'>fidei,</span> <span class='ocrx_word' id='word_1_443' title='bbox 1507 2878 1628 2924; x_wconf 80' lang='lat' dir='ltr'>agnito</span> 
     </span>
     <span class='ocr_line' id='line_1_46' title="bbox 99 2935 1629 2987; baseline 0.004 -16"><span class='ocrx_word' id='word_1_444' title='bbox 99 2935 354 2984; x_wconf 81' lang='lat' dir='ltr'>Prophetarum</span> <span class='ocrx_word' id='word_1_445' title='bbox 380 2938 488 2983; x_wconf 84' lang='lat' dir='ltr'>atque</span> <span class='ocrx_word' id='word_1_446' title='bbox 515 2935 767 2984; x_wconf 81' lang='lat' dir='ltr'>Apostolorum</span> <span class='ocrx_word' id='word_1_447' title='bbox 795 2935 1035 2979; x_wconf 74' lang='lat' dir='ltr'>fundamento,</span> <span class='ocrx_word' id='word_1_448' title='bbox 1063 2946 1139 2972; x_wconf 89' lang='lat' dir='ltr'>esse</span> <span class='ocrx_word' id='word_1_449' title='bbox 1164 2936 1389 2987; x_wconf 77' lang='lat' dir='ltr'>profitentur,</span> <span class='ocrx_word' id='word_1_450' title='bbox 1416 2937 1463 2978; x_wconf 75' lang='lat' dir='ltr'>Et</span> <span class='ocrx_word' id='word_1_451' title='bbox 1489 2938 1574 2976; x_wconf 76' lang='lat' dir='ltr'>adeo</span> <span class='ocrx_word' id='word_1_452' title='bbox 1592 2943 1629 2980; x_wconf 72' lang='lat' dir='ltr'>te</span> 
     </span>
    </p>
   </div>
  </div>
 </body>
</html>
