1830 3147
86 498 219 528 Roman.
247 496 294 528 13.

89 540 104 570 1
129 539 228 570 Petri.
251 540 280 569 2.

86 1065 203 1096 Matth.
227 1065 277 1097 13.

83 1107 159 1139 Luc.
183 1107 212 1139 3.

86 1149 102 1180 1
129 1150 218 1180 Ioan.
242 1149 271 1180 3.

85 1192 177 1222 Rom.
201 1191 230 1223 8.

86 1233 174 1265 Ioan.
200 1233 249 1264 18.

84 1919 200 1950 Matth.
224 1918 253 1951 7.

84 1961 163 1992 Luc.
188 1962 236 1997 11,
263 1960 310 1992 18.

80 2003 199 2044 Ephes.
222 2003 251 2034 6.

85 2045 178 2076 Ioan.
203 2046 252 2076 16.

83 2089 182 2129 Apoc.
209 2087 256 2119 18.

84 2304 102 2334 2
127 2301 231 2333 Paral.
255 2302 305 2334 20.

83 2345 199 2386 Ephes.
224 2344 252 2376 6.

83 2388 185 2418 Marc.
210 2386 260 2418 11.

87 2429 166 2460 Luc.
190 2429 217 2459 1.

87 2471 204 2502 Matth.
229 2470 278 2501 18.

87 2513 177 2543 Ioan.
202 2513 250 2549 14,
274 2513 322 2543 16.

86 2554 204 2586 Psalm.
226 2554 297 2585 145.

91 2596 164 2628 Luc.
188 2597 238 2633 18,
262 2596 312 2628 11.

89 2638 179 2670 Ioan.
205 2639 254 2670 14.

366 124 439 161 534
892 132 984 160 cA'r.
1015 132 1126 161 ecch.
1154 132 1254 161 EMD.

1002 235 1057 273 Q.
1088 236 1148 276 74.

424 300 540 337 Estne
569 302 714 350 praeter
744 298 839 337 hanc
869 299 1109 350 disciplinam
1140 299 1249 337 etiam
1280 298 1351 337 alia
1379 298 1580 350 impiorum
1607 311 1727 351 poena
1752 313 1774 339 a

369 362 449 400 Deo
480 361 517 399 in
547 361 716 399 Ecclesia
744 361 947 400 instituta?

1048 426 1094 464 R.

423 490 522 527 Sane
551 489 716 539 quidem.
756 489 949 540 Supplicia
978 488 1240 538 Magistratus.
1279 489 1367 527 Non
1398 488 1497 527 enim
1527 489 1665 527 frustra
1693 489 1776 538 gla-

371 553 474 591 dium
514 558 652 603 gestat,
685 558 815 604 estque
852 553 1027 591 Minister
1063 553 1131 590 Dei
1171 554 1269 590 ultor
1297 553 1343 590 ad
1371 553 1464 590 iram
1503 553 1536 591 ei
1573 553 1776 605 qui1quod

368 620 509 656 malum
537 623 605 664 est,
641 619 783 664 fecerit,
821 618 914 671 bene
949 618 1147 668 agentibus
1178 631 1262 657 vero
1290 618 1330 656 in
1357 618 1522 667 (laudem
1552 623 1587 656 et
1616 618 1777 667 bonum)

369 685 515 733 [bonum
545 688 581 722 et
608 683 783 732 laudem}

1006 746 1057 785 Q.
1088 748 1150 788 75.

422 811 492 849 Sed
531 815 668 849 suntne
705 823 835 848 omnes
872 809 942 847 filii
979 809 1061 856 Dei,
1098 810 1313 861 quicunque
1342 810 1428 848 huic
1455 809 1617 858 (visibili
1644 810 1776 848 Eccle-

370 876 463 924 siae)
492 877 685 925 [externae
715 876 859 913 Christi
885 875 1142 924 communioni]
1159 888 1203 913 ·se
1220 875 1469 925 coniungunt,
1488 879 1552 913 aut
1573 888 1640 926 pro
1659 888 1776 912 mem-

371 941 447 979 bris
476 940 555 977 eius
584 940 835 991 reputantur?

1049 1004 1096 1042 R.

421 1068 684 1120 Nequaquam.
716 1067 827 1104 Multi
856 1066 956 1104 enim
984 1066 1023 1103 in
1052 1079 1094 1103 ea
1123 1065 1341 1117 hypocritae
1368 1065 1618 1116 reperiuntur.
1647 1066 1776 1104 Caete-

371 1146 452 1170 rum
499 1133 556 1170 illi
602 1132 784 1169 duntaxat
822 1131 910 1168 Filii
949 1131 1020 1168 Dei
1057 1136 1157 1175 sunt,
1201 1136 1236 1168 et
1281 1130 1362 1168 viva
1409 1130 1597 1168 Ecclesiae
1636 1130 1777 1168 Christi

371 1198 549 1241 membra,
585 1197 650 1248 qui
687 1210 723 1234 se
758 1196 796 1234 in
835 1195 1035 1247 praedictis
1074 1196 1177 1233 fideli
1206 1196 1332 1233 animo
1359 1200 1546 1239 exercent,
1573 1195 1617 1233 ad
1646 1196 1710 1234 illa
1739 1210 1777 1234 se

370 1261 529 1299 modesti
556 1259 856 1305 accommodant,
880 1264 916 1296 et
943 1259 1092 1305 pietatis
1120 1259 1392 1297 incrementum
1422 1273 1442 1297 a
1471 1259 1550 1297 Deo
1580 1261 1774 1309 [Domino]

370 1325 538 1376 quotidie
564 1328 709 1376 petunt..

921 1425 973 1451 DE
1002 1424 1223 1452 ORATIONE.

1009 1516 1059 1554 Q..
1087 1518 1148 1557 76.

421 1585 598 1623 Etiamne
625 1583 717 1635 quid
744 1581 904 1633 amplius
932 1580 978 1619 ad
1009 1580 1261 1618 Christianam
1291 1580 1508 1630 religionem
1539 1580 1649 1618 nobis
1677 1593 1771 1631 opus

368 1655 436 1696 est,
472 1655 617 1701 praeter
652 1661 784 1699 puram
822 1646 1044 1692 doctrinam,
1083 1659 1177 1696 quae
1213 1645 1314 1695 Lege
1341 1651 1376 1683 et
1405 1644 1616 1695 Euangelio
1646 1646 1768 1683 conti-

368 1720 492 1760 netur,
532 1713 741 1763 legitimum
771 1710 997 1761 [sacrorum]
1027 1711 1356 1747 Sacramentorum
1387 1723 1492 1747 usum
1521 1714 1557 1748 et
1585 1714 1777 1748 externam

370 1777 561 1816 Ecclesiae
589 1775 859 1827 disciplinam?

1048 1837 1095 1876 R.

420 1908 502 1945 Imo
532 1918 633 1950 sane,
662 1904 810 1947 Oratio,
837 1916 947 1954 quam
979 1901 1164 1939 Dominus
1193 1901 1300 1939 Iesus
1318 1900 1776 1950 (Ecclesiae)‚[c½ristus

369 1972 590 2009 christianis
627 1969 740 2017 suis}
775 1973 967 2017 tamquam
994 1965 1271 2003 imbecillitatis
1309 1965 1513 2002 remedium
1542 1964 1707 2015 reliquit,
1732 1978 1777 2002 ac

368 2035 622 2081 demandavit,
657 2047 730 2084 qua
768 2033 945 2069 nimirum
984 2031 1111 2069 omnia
1149 2031 1261 2076 bona,
1298 2043 1391 2080 quae
1428 2029 1576 2080 quidem
1605 2034 1777 2080 expetere

367 2103 424 2140 fas
452 2106 508 2139 est
534 2098 836 2150 adipisca[n]tur‚
866 2101 902 2134 et
928 2095 1054 2134 omnia
1083 2095 1178 2133 mala
1208 2095 1418 2146 damnaque
1446 2094 1658 2144 devite[n]t.

420 2291 530 2329 Quae
558 2303 618 2328 res
646 2288 692 2327 ad
722 2287 907 2325 orandum
936 2286 1217 2324 extimulabunt
1246 2286 1345 2323 nos}>

420 2421 588 2458 Primum
622 2417 764 2468 inopia,
801 2415 971 2453 miseriae
1005 2419 1042 2453 et
1077 2414 1167 2452 vitia
1204 2418 1346 2452 nostra.
1400 2413 1544 2452 Deinde
1579 2413 1650 2451 Dei
1685 2427 1773 2463 erga

371 2498 439 2523 nos
469 2483 630 2529 bonitas,
658 2494 731 2532 qua
761 2479 899 2523 omnia,
927 2493 1022 2530 quae
1049 2478 1197 2529 quidem
1228 2484 1328 2516 recte
1355 2478 1569 2529 petierimus
1596 2490 1634 2514 se
1661 2478 1773 2516 nobis

371 2550 547 2588 daturum
591 2545 790 2599 promittit.
836 2545 1031 2582 Postremo
1078 2543 1148 2580 Dei
1185 2543 1403 2581 mandatum
1440 2541 1716 2579 invocationem
1751 2556 1772 2580 a

370 2614 481 2653 nobis
509 2611 742 2651 severissime
768 2608 965 2657 exigentis.

421 2740 491 2777 Sed
531 2752 713 2790 quaenam
752 2741 807 2775 est
844 2748 927 2774 vera
968 2734 1116 2779 Oratim
1151 2747 1261 2784 quam
1301 2721 1638 2770 se⁴exauditurum
1670 2732 1771 2770 Deus

370 2803 571 2858 promisit?
