<?xml version="1.0" encoding="UTF-8"?>
<!DOCTYPE html PUBLIC "-//W3C//DTD XHTML 1.0 Transitional//EN"
    "http://www.w3.org/TR/xhtml1/DTD/xhtml1-transitional.dtd">
<html xmlns="http://www.w3.org/1999/xhtml" xml:lang="en" lang="en">
 <head>
  <title>
</title>
<meta http-equiv="Content-Type" content="text/html;charset=utf-8" />
  <meta name='ocr-system' content='tesseract 3.04.00' />
  <meta name='ocr-capabilities' content='ocr_page ocr_carea ocr_par ocr_line ocrx_word'/>
</head>
<body>
  <div class='ocr_page' id='page_1' title='image "./operatameditaqua02lask_0022.png"; bbox 0 0 1830 3147; ppageno 0'>
   <div class='ocr_carea' id='block_1_1' title="bbox 211 151 234 184">
    <p class='ocr_par' dir='ltr' id='par_1_1' title="bbox 211 151 234 184">
     <span class='ocr_line' id='line_1_1' title="bbox 211 151 234 184; baseline 0 0"><span class='ocrx_word' id='word_1_1' title='bbox 211 151 234 184; x_wconf 84' lang='lat'>4</span> 
     </span>
    </p>
   </div>
   <div class='ocr_carea' id='block_1_2' title="bbox 211 260 1749 2774">
    <p class='ocr_par' dir='ltr' id='par_1_2' title="bbox 211 260 1749 2774">
     <span class='ocr_line' id='line_1_2' title="bbox 212 260 1743 311; baseline 0.003 -15"><span class='ocrx_word' id='word_1_2' title='bbox 212 260 388 310; x_wconf 85' lang='lat' dir='ltr'>positum,</span> <span class='ocrx_word' id='word_1_3' title='bbox 424 271 502 295; x_wconf 86' lang='lat' dir='ltr'>eam</span> <span class='ocrx_word' id='word_1_4' title='bbox 539 269 617 294; x_wconf 84' lang='lat' dir='ltr'>esse</span> <span class='ocrx_word' id='word_1_5' title='bbox 653 260 839 294; x_wconf 73' lang='lat' dir='ltr'>aeternam</span> <span class='ocrx_word' id='word_1_6' title='bbox 867 270 1093 310; x_wconf 80' lang='lat' dir='ltr'>prorsusque</span> <span class='ocrx_word' id='word_1_7' title='bbox 1119 260 1392 298; x_wconf 68' lang='lat' dir='ltr'>immutabilem</span> <span class='ocrx_word' id='word_1_8' title='bbox 1420 260 1489 297; x_wconf 85' lang='lat' dir='ltr'>Dei</span> <span class='ocrx_word' id='word_1_9' title='bbox 1519 260 1608 311; x_wconf 81' lang='lat' dir='ltr'>opt.</span> <span class='ocrx_word' id='word_1_10' title='bbox 1638 260 1743 300; x_wconf 85' lang='lat' dir='ltr'>Max.</span> 
     </span>
     <span class='ocr_line' id='line_1_3' title="bbox 211 321 1746 373; baseline 0 -12"><span class='ocrx_word' id='word_1_11' title='bbox 211 324 453 367; x_wconf 85' lang='lat' dir='ltr'>voluntatem,</span> <span class='ocrx_word' id='word_1_12' title='bbox 488 325 530 358; x_wconf 89' lang='lat' dir='ltr'>ut</span> <span class='ocrx_word' id='word_1_13' title='bbox 556 321 690 371; x_wconf 82' lang='lat' dir='ltr'>ipsum,</span> <span class='ocrx_word' id='word_1_14' title='bbox 718 334 793 358; x_wconf 87' lang='lat' dir='ltr'>non</span> <span class='ocrx_word' id='word_1_15' title='bbox 822 322 991 373; x_wconf 77' lang='lat' dir='ltr'>equidem</span> <span class='ocrx_word' id='word_1_16' title='bbox 1020 323 1107 362; x_wconf 89' lang='lat' dir='ltr'>ullis</span> <span class='ocrx_word' id='word_1_17' title='bbox 1134 324 1291 362; x_wconf 89' lang='lat' dir='ltr'>rationis</span> <span class='ocrx_word' id='word_1_18' title='bbox 1317 330 1468 363; x_wconf 87' lang='lat' dir='ltr'>nostrae</span> <span class='ocrx_word' id='word_1_19' title='bbox 1493 327 1538 373; x_wconf 71' lang='grc' dir='ltr'>(ει</span> <span class='ocrx_word' id='word_1_20' title='bbox 1566 323 1627 371; x_wconf 73' lang='lat'>2¹³)</span> <span class='ocrx_word' id='word_1_21' title='bbox 1656 337 1746 362; x_wconf 89' lang='lat' dir='ltr'>con-</span> 
     </span>
     <span class='ocr_line' id='line_1_4' title="bbox 213 386 1746 441; baseline 0.001 -15"><span class='ocrx_word' id='word_1_22' title='bbox 213 389 304 426; x_wconf 88' lang='lat' dir='ltr'>siliis</span> <span class='ocrx_word' id='word_1_23' title='bbox 342 386 561 425; x_wconf 82' lang='lat' dir='ltr'><strong>humanisve</strong></span> <span class='ocrx_word' id='word_1_24' title='bbox 598 386 863 424; x_wconf 78' lang='lat' dir='ltr'>traditionibus</span> <span class='ocrx_word' id='word_1_25' title='bbox 902 393 965 426; x_wconf 84' lang='lat' dir='ltr'>aut</span> <span class='ocrx_word' id='word_1_26' title='bbox 994 390 1191 428; x_wconf 82' lang='lat' dir='ltr'>vetustatis</span> <span class='ocrx_word' id='word_1_27' title='bbox 1217 389 1331 428; x_wconf 88' lang='lat' dir='ltr'>ullius</span> <span class='ocrx_word' id='word_1_28' title='bbox 1358 389 1548 441; x_wconf 87' lang='lat' dir='ltr'>exemplis,</span> <span class='ocrx_word' id='word_1_29' title='bbox 1576 388 1640 427; x_wconf 87' lang='lat' dir='ltr'>sed</span> <span class='ocrx_word' id='word_1_30' title='bbox 1668 390 1746 427; x_wconf 89' lang='lat' dir='ltr'>sola</span> 
     </span>
     <span class='ocr_line' id='line_1_5' title="bbox 215 450 1746 505; baseline 0.003 -17"><span class='ocrx_word' id='word_1_31' title='bbox 215 452 396 489; x_wconf 71' lang='lat' dir='ltr'>duntaxat</span> <span class='ocrx_word' id='word_1_32' title='bbox 440 450 544 487; x_wconf 80' lang='lat' dir='ltr'>verbi</span> <span class='ocrx_word' id='word_1_33' title='bbox 580 450 752 501; x_wconf 87' lang='lat' dir='ltr'>pactique</span> <span class='ocrx_word' id='word_1_34' title='bbox 790 451 847 488; x_wconf 89' lang='lat' dir='ltr'>sui</span> <span class='ocrx_word' id='word_1_35' title='bbox 886 452 1004 490; x_wconf 85' lang='lat' dir='ltr'>divini</span> <span class='ocrx_word' id='word_1_36' title='bbox 1045 454 1214 491; x_wconf 79' lang='lat' dir='ltr'>custodia</span> <span class='ocrx_word' id='word_1_37' title='bbox 1250 458 1361 505; x_wconf 90' lang='lat' dir='ltr'>atque</span> <span class='ocrx_word' id='word_1_38' title='bbox 1396 454 1609 492; x_wconf 87' lang='lat' dir='ltr'>obedientia</span> <span class='ocrx_word' id='word_1_39' title='bbox 1646 455 1746 492; x_wconf 89' lang='lat' dir='ltr'>cola-</span> 
     </span>
     <span class='ocr_line' id='line_1_6' title="bbox 214 514 1748 568; baseline 0 -14"><span class='ocrx_word' id='word_1_40' title='bbox 214 530 297 554; x_wconf 92' lang='lat' dir='ltr'>mus</span> <span class='ocrx_word' id='word_1_41' title='bbox 320 517 360 563; x_wconf 89' lang='lat'>¹).</span> <span class='ocrx_word' id='word_1_42' title='bbox 424 514 550 552; x_wconf 86' lang='lat' dir='ltr'>Alium</span> <span class='ocrx_word' id='word_1_43' title='bbox 596 527 682 551; x_wconf 87' lang='lat' dir='ltr'>vero</span> <span class='ocrx_word' id='word_1_44' title='bbox 721 514 860 552; x_wconf 89' lang='lat' dir='ltr'>cultum</span> <span class='ocrx_word' id='word_1_45' title='bbox 898 528 1046 554; x_wconf 87' lang='lat' dir='ltr'>omnem</span> <span class='ocrx_word' id='word_1_46' title='bbox 1082 517 1289 568; x_wconf 82' lang='lat' dir='ltr'>quamlibet</span> <span class='ocrx_word' id='word_1_47' title='bbox 1322 521 1510 568; x_wconf 87' lang='lat' dir='ltr'>receptum</span> <span class='ocrx_word' id='word_1_48' title='bbox 1539 517 1748 568; x_wconf 90' lang='lat' dir='ltr'>speciosum</span> 
     </span>
     <span class='ocr_line' id='line_1_7' title="bbox 213 579 1747 632; baseline 0.001 -14"><span class='ocrx_word' id='word_1_49' title='bbox 213 580 448 631; x_wconf 78' lang='lat' dir='ltr'>plausibilem</span> <span class='ocrx_word' id='word_1_50' title='bbox 485 592 528 616; x_wconf 87' lang='lat' dir='ltr'>ac</span> <span class='ocrx_word' id='word_1_51' title='bbox 564 582 763 625; x_wconf 87' lang='lat' dir='ltr'>vetustum,</span> <span class='ocrx_word' id='word_1_52' title='bbox 798 579 839 617; x_wconf 87' lang='lat' dir='ltr'>in</span> <span class='ocrx_word' id='word_1_53' title='bbox 876 593 950 630; x_wconf 92' lang='lat' dir='ltr'>quo</span> <span class='ocrx_word' id='word_1_54' title='bbox 978 581 1090 618; x_wconf 88' lang='lat' dir='ltr'>modo</span> <span class='ocrx_word' id='word_1_55' title='bbox 1119 582 1223 619; x_wconf 87' lang='lat' dir='ltr'>verbi</span> <span class='ocrx_word' id='word_1_56' title='bbox 1249 582 1423 632; x_wconf 87' lang='lat' dir='ltr'>pactique</span> <span class='ocrx_word' id='word_1_57' title='bbox 1451 580 1569 618; x_wconf 89' lang='lat' dir='ltr'>divini</span> <span class='ocrx_word' id='word_1_58' title='bbox 1596 581 1654 619; x_wconf 89' lang='lat' dir='ltr'>sui</span> <span class='ocrx_word' id='word_1_59' title='bbox 1683 594 1747 619; x_wconf 90' lang='lat' dir='ltr'>cu·</span> 
     </span>
     <span class='ocr_line' id='line_1_8' title="bbox 215 643 1749 697; baseline 0.001 -15"><span class='ocrx_word' id='word_1_60' title='bbox 215 646 336 683; x_wconf 80' lang='lat' dir='ltr'>stodia</span> <span class='ocrx_word' id='word_1_61' title='bbox 371 649 481 695; x_wconf 84' lang='lat' dir='ltr'>atque</span> <span class='ocrx_word' id='word_1_62' title='bbox 518 643 729 681; x_wconf 83' lang='lat' dir='ltr'>obedientia</span> <span class='ocrx_word' id='word_1_63' title='bbox 757 645 954 683; x_wconf 84' lang='lat' dir='ltr'>manifeste</span> <span class='ocrx_word' id='word_1_64' title='bbox 983 647 1272 684; x_wconf 84' lang='lat' dir='ltr'>commonstrari</span> <span class='ocrx_word' id='word_1_65' title='bbox 1298 659 1375 684; x_wconf 88' lang='lat' dir='ltr'>non</span> <span class='ocrx_word' id='word_1_66' title='bbox 1403 651 1525 697; x_wconf 88' lang='lat' dir='ltr'>queat,</span> <span class='ocrx_word' id='word_1_67' title='bbox 1553 647 1749 697; x_wconf 89' lang='lat' dir='ltr'>Apostati-</span> 
     </span>
     <span class='ocr_line' id='line_1_9' title="bbox 218 710 1748 763; baseline 0.002 -17"><span class='ocrx_word' id='word_1_68' title='bbox 218 723 301 746; x_wconf 88' lang='lat' dir='ltr'>cum</span> <span class='ocrx_word' id='word_1_69' title='bbox 328 710 479 760; x_wconf 54' lang='lat' dir='ltr'>planess’)</span> <span class='ocrx_word' id='word_1_70' title='bbox 508 712 544 746; x_wconf 87' lang='lat' dir='ltr'>ct</span> <span class='ocrx_word' id='word_1_71' title='bbox 569 712 647 746; x_wconf 83' lang='lat' dir='ltr'>tam</span> <span class='ocrx_word' id='word_1_72' title='bbox 675 713 864 759; x_wconf 82' lang='lat' dir='ltr'>praeterea</span> <span class='ocrx_word' id='word_1_73' title='bbox 891 710 1055 748; x_wconf 86' lang='lat' dir='ltr'>invisum</span> <span class='ocrx_word' id='word_1_74' title='bbox 1075 711 1168 758; x_wconf 89' lang='lat' dir='ltr'>Deo,</span> <span class='ocrx_word' id='word_1_75' title='bbox 1195 725 1308 762; x_wconf 89' lang='lat' dir='ltr'>quam</span> <span class='ocrx_word' id='word_1_76' title='bbox 1335 716 1390 749; x_wconf 87' lang='lat' dir='ltr'>est</span> <span class='ocrx_word' id='word_1_77' title='bbox 1417 711 1536 749; x_wconf 88' lang='lat' dir='ltr'>invisa</span> <span class='ocrx_word' id='word_1_78' title='bbox 1564 712 1644 763; x_wconf 85' lang='lat' dir='ltr'>ipsa</span> <span class='ocrx_word' id='word_1_79' title='bbox 1665 711 1748 749; x_wconf 85' lang='lat' dir='ltr'>Ma-</span> 
     </span>
     <span class='ocr_line' id='line_1_10' title="bbox 214 773 1744 825; baseline 0.003 -14"><span class='ocrx_word' id='word_1_80' title='bbox 214 775 296 824; x_wconf 80' lang='lat' dir='ltr'>giae</span> <span class='ocrx_word' id='word_1_81' title='bbox 322 775 507 825; x_wconf 71' lang='lat' dir='ltr'>impietas,</span> <span class='ocrx_word' id='word_1_82' title='bbox 534 773 691 824; x_wconf 80' lang='lat' dir='ltr'>denique</span> <span class='ocrx_word' id='word_1_83' title='bbox 718 778 754 812; x_wconf 87' lang='lat' dir='ltr'>et</span> <span class='ocrx_word' id='word_1_84' title='bbox 782 774 1102 814; x_wconf 74' lang='lat' dir='ltr'>abominationem</span> <span class='ocrx_word' id='word_1_85' title='bbox 1132 789 1212 814; x_wconf 86' lang='lat' dir='ltr'>esse</span> <span class='ocrx_word' id='word_1_86' title='bbox 1238 777 1277 814; x_wconf 90' lang='lat' dir='ltr'>in</span> <span class='ocrx_word' id='word_1_87' title='bbox 1297 777 1415 814; x_wconf 88' lang='lat' dir='ltr'>oculis</span> <span class='ocrx_word' id='word_1_88' title='bbox 1435 776 1506 814; x_wconf 85' lang='lat' dir='ltr'>Dei</span> <span class='ocrx_word' id='word_1_89' title='bbox 1526 781 1744 816; x_wconf 76' lang='lat' dir='ltr'>statuamus.</span> 
     </span>
     <span class='ocr_line' id='line_1_11' title="bbox 212 838 1747 892; baseline 0.001 -15"><span class='ocrx_word' id='word_1_90' title='bbox 212 840 294 877; x_wconf 86' lang='lat' dir='ltr'>Iam</span> <span class='ocrx_word' id='word_1_91' title='bbox 331 852 417 876; x_wconf 82' lang='lat' dir='ltr'>vero</span> <span class='ocrx_word' id='word_1_92' title='bbox 453 839 559 876; x_wconf 91' lang='lat' dir='ltr'>novit</span> <span class='ocrx_word' id='word_1_93' title='bbox 595 838 778 876; x_wconf 86' lang='lat' dir='ltr'>Dominus</span> <span class='ocrx_word' id='word_1_94' title='bbox 807 840 985 877; x_wconf 80' lang='lat' dir='ltr'>satanam</span> <span class='ocrx_word' id='word_1_95' title='bbox 1012 840 1052 878; x_wconf 87' lang='lat' dir='ltr'>in</span> <span class='ocrx_word' id='word_1_96' title='bbox 1081 841 1152 878; x_wconf 91' lang='lat' dir='ltr'>hoc</span> <span class='ocrx_word' id='word_1_97' title='bbox 1184 854 1266 879; x_wconf 90' lang='lat' dir='ltr'>esse</span> <span class='ocrx_word' id='word_1_98' title='bbox 1292 844 1426 883; x_wconf 77' lang='lat' dir='ltr'>totum,</span> <span class='ocrx_word' id='word_1_99' title='bbox 1452 841 1499 878; x_wconf 88' lang='lat' dir='ltr'>ab</span> <span class='ocrx_word' id='word_1_100' title='bbox 1526 841 1608 892; x_wconf 87' lang='lat' dir='ltr'>ipso</span> <span class='ocrx_word' id='word_1_101' title='bbox 1635 839 1747 892; x_wconf 88' lang='lat' dir='ltr'>primi</span> 
     </span>
     <span class='ocr_line' id='line_1_12' title="bbox 214 903 1745 956; baseline 0.001 -14"><span class='ocrx_word' id='word_1_102' title='bbox 214 918 330 955; x_wconf 84' lang='lat' dir='ltr'>usque</span> <span class='ocrx_word' id='word_1_103' title='bbox 364 904 533 941; x_wconf 86' lang='lat' dir='ltr'>Parentis</span> <span class='ocrx_word' id='word_1_104' title='bbox 568 903 689 940; x_wconf 86' lang='lat' dir='ltr'>nostri</span> <span class='ocrx_word' id='word_1_105' title='bbox 715 908 892 955; x_wconf 87' lang='lat' dir='ltr'>tempore,</span> <span class='ocrx_word' id='word_1_106' title='bbox 919 904 1032 956; x_wconf 89' lang='lat' dir='ltr'>inque</span> <span class='ocrx_word' id='word_1_107' title='bbox 1059 905 1131 943; x_wconf 88' lang='lat' dir='ltr'>hoc</span> <span class='ocrx_word' id='word_1_108' title='bbox 1162 906 1288 943; x_wconf 85' lang='lat' dir='ltr'>studia</span> <span class='ocrx_word' id='word_1_109' title='bbox 1315 919 1358 943; x_wconf 89' lang='lat' dir='ltr'>ac</span> <span class='ocrx_word' id='word_1_110' title='bbox 1387 905 1541 943; x_wconf 85' lang='lat' dir='ltr'>consilia</span> <span class='ocrx_word' id='word_1_111' title='bbox 1571 919 1636 943; x_wconf 86' lang='lat' dir='ltr'>sua</span> <span class='ocrx_word' id='word_1_112' title='bbox 1663 919 1745 944; x_wconf 90' lang='lat' dir='ltr'>om-</span> 
     </span>
     <span class='ocr_line' id='line_1_13' title="bbox 214 970 1747 1020; baseline 0 -12"><span class='ocrx_word' id='word_1_113' title='bbox 214 970 277 1008; x_wconf 88' lang='lat' dir='ltr'>nia</span> <span class='ocrx_word' id='word_1_114' title='bbox 313 973 347 1007; x_wconf 89' lang='lat' dir='ltr'>et</span> <span class='ocrx_word' id='word_1_115' title='bbox 376 973 530 1006; x_wconf 87' lang='lat' dir='ltr'>conatus</span> <span class='ocrx_word' id='word_1_116' title='bbox 559 981 686 1006; x_wconf 83' lang='lat' dir='ltr'>omnes</span> <span class='ocrx_word' id='word_1_117' title='bbox 715 982 802 1006; x_wconf 91' lang='lat' dir='ltr'>suos</span> <span class='ocrx_word' id='word_1_118' title='bbox 830 983 979 1020; x_wconf 88' lang='lat' dir='ltr'>ponere,</span> <span class='ocrx_word' id='word_1_119' title='bbox 1007 973 1048 1008; x_wconf 89' lang='lat' dir='ltr'>ut</span> <span class='ocrx_word' id='word_1_120' title='bbox 1077 983 1146 1008; x_wconf 92' lang='lat' dir='ltr'>nos</span> <span class='ocrx_word' id='word_1_121' title='bbox 1176 984 1196 1008; x_wconf 88' lang='lat' dir='ltr'>a</span> <span class='ocrx_word' id='word_1_122' title='bbox 1226 970 1375 1008; x_wconf 87' lang='lat' dir='ltr'>divinae</span> <span class='ocrx_word' id='word_1_123' title='bbox 1403 970 1514 1008; x_wconf 79' lang='lat' dir='ltr'>liuius</span> <span class='ocrx_word' id='word_1_124' title='bbox 1541 971 1747 1008; x_wconf 89' lang='lat' dir='ltr'>voluntatis</span> 
     </span>
     <span class='ocr_line' id='line_1_14' title="bbox 213 1033 1744 1083; baseline 0 -10"><span class='ocrx_word' id='word_1_125' title='bbox 213 1048 301 1073; x_wconf 84' lang='lat' dir='ltr'>suae</span> <span class='ocrx_word' id='word_1_126' title='bbox 346 1033 557 1072; x_wconf 83' lang='lat' dir='ltr'>obedientia</span> <span class='ocrx_word' id='word_1_127' title='bbox 601 1033 723 1071; x_wconf 89' lang='lat' dir='ltr'>modis</span> <span class='ocrx_word' id='word_1_128' title='bbox 760 1035 935 1072; x_wconf 87' lang='lat' dir='ltr'>omnibus</span> <span class='ocrx_word' id='word_1_129' title='bbox 972 1035 1146 1074; x_wconf 87' lang='lat' dir='ltr'>abducat.</span> <span class='ocrx_word' id='word_1_130' title='bbox 1202 1036 1251 1073; x_wconf 87' lang='lat' dir='ltr'>Et</span> <span class='ocrx_word' id='word_1_131' title='bbox 1284 1036 1391 1073; x_wconf 89' lang='lat' dir='ltr'>novit</span> <span class='ocrx_word' id='word_1_132' title='bbox 1426 1036 1527 1083; x_wconf 87' lang='lat' dir='ltr'>item,</span> <span class='ocrx_word' id='word_1_133' title='bbox 1562 1036 1668 1074; x_wconf 90' lang='lat' dir='ltr'>illum</span> <span class='ocrx_word' id='word_1_134' title='bbox 1705 1036 1744 1073; x_wconf 87' lang='lat' dir='ltr'>id</span> 
     </span>
     <span class='ocr_line' id='line_1_15' title="bbox 213 1098 1744 1151; baseline 0.001 -15"><span class='ocrx_word' id='word_1_135' title='bbox 213 1099 447 1150; x_wconf 87' lang='lat' dir='ltr'>potissimum</span> <span class='ocrx_word' id='word_1_136' title='bbox 493 1098 590 1136; x_wconf 86' lang='lat' dir='ltr'>inter</span> <span class='ocrx_word' id='word_1_137' title='bbox 631 1098 703 1135; x_wconf 87' lang='lat' dir='ltr'>alia</span> <span class='ocrx_word' id='word_1_138' title='bbox 745 1099 865 1136; x_wconf 86' lang='lat' dir='ltr'>multa</span> <span class='ocrx_word' id='word_1_139' title='bbox 907 1100 1046 1144; x_wconf 90' lang='lat' dir='ltr'>moliri,</span> <span class='ocrx_word' id='word_1_140' title='bbox 1089 1104 1141 1147; x_wconf 86' lang='lat' dir='ltr'>ut,</span> <span class='ocrx_word' id='word_1_141' title='bbox 1186 1099 1231 1137; x_wconf 89' lang='lat' dir='ltr'>ad</span> <span class='ocrx_word' id='word_1_142' title='bbox 1277 1099 1495 1138; x_wconf 80' lang='lat' dir='ltr'>elevandam</span> <span class='ocrx_word' id='word_1_143' title='bbox 1541 1100 1744 1151; x_wconf 80' lang='lat' dir='ltr'>scripturae</span> 
     </span>
     <span class='ocr_line' id='line_1_16' title="bbox 216 1163 1744 1216; baseline 0.001 -15"><span class='ocrx_word' id='word_1_144' title='bbox 216 1168 365 1202; x_wconf 79' lang='lat' dir='ltr'>sanctae</span> <span class='ocrx_word' id='word_1_145' title='bbox 401 1163 637 1200; x_wconf 84' lang='lat' dir='ltr'>autoritatem</span> <span class='ocrx_word' id='word_1_146' title='bbox 673 1163 850 1214; x_wconf 82' lang='lat' dir='ltr'>verbique</span> <span class='ocrx_word' id='word_1_147' title='bbox 885 1163 924 1201; x_wconf 91' lang='lat' dir='ltr'>in</span> <span class='ocrx_word' id='word_1_148' title='bbox 961 1164 1026 1201; x_wconf 84' lang='lat' dir='ltr'>illa</span> <span class='ocrx_word' id='word_1_149' title='bbox 1062 1164 1179 1202; x_wconf 88' lang='lat' dir='ltr'>divini</span> <span class='ocrx_word' id='word_1_150' title='bbox 1215 1165 1339 1208; x_wconf 85' lang='lat' dir='ltr'>fidem,</span> <span class='ocrx_word' id='word_1_151' title='bbox 1375 1165 1556 1203; x_wconf 88' lang='lat' dir='ltr'>humanas</span> <span class='ocrx_word' id='word_1_152' title='bbox 1590 1178 1744 1216; x_wconf 86' lang='lat' dir='ltr'>persua-</span> 
     </span>
     <span class='ocr_line' id='line_1_17' title="bbox 216 1227 1744 1280; baseline 0.001 -14"><span class='ocrx_word' id='word_1_153' title='bbox 216 1230 338 1267; x_wconf 88' lang='lat' dir='ltr'>siones</span> <span class='ocrx_word' id='word_1_154' title='bbox 376 1227 565 1265; x_wconf 80' lang='lat' dir='ltr'>doctrinas</span> <span class='ocrx_word' id='word_1_155' title='bbox 602 1241 645 1264; x_wconf 85' lang='lat' dir='ltr'>ao</span> <span class='ocrx_word' id='word_1_156' title='bbox 678 1228 901 1266; x_wconf 85' lang='lat' dir='ltr'>traditiones</span> <span class='ocrx_word' id='word_1_157' title='bbox 938 1242 1077 1273; x_wconf 88' lang='lat' dir='ltr'>omnes,</span> <span class='ocrx_word' id='word_1_158' title='bbox 1113 1243 1206 1280; x_wconf 89' lang='lat' dir='ltr'>quae</span> <span class='ocrx_word' id='word_1_159' title='bbox 1241 1234 1306 1268; x_wconf 87' lang='lat' dir='ltr'>aut</span> <span class='ocrx_word' id='word_1_160' title='bbox 1334 1230 1414 1268; x_wconf 89' lang='lat' dir='ltr'>sine</span> <span class='ocrx_word' id='word_1_161' title='bbox 1442 1230 1554 1268; x_wconf 89' lang='lat' dir='ltr'>verbo</span> <span class='ocrx_word' id='word_1_162' title='bbox 1583 1230 1653 1268; x_wconf 89' lang='lat' dir='ltr'>Dei</span> <span class='ocrx_word' id='word_1_163' title='bbox 1679 1235 1744 1268; x_wconf 88' lang='lat' dir='ltr'>aut</span> 
     </span>
     <span class='ocr_line' id='line_1_18' title="bbox 216 1292 1745 1346; baseline 0.001 -15"><span class='ocrx_word' id='word_1_164' title='bbox 216 1307 259 1331; x_wconf 81' lang='lat' dir='ltr'>ex</span> <span class='ocrx_word' id='word_1_165' title='bbox 297 1293 453 1330; x_wconf 85' lang='lat' dir='ltr'>detortis</span> <span class='ocrx_word' id='word_1_166' title='bbox 489 1292 589 1329; x_wconf 88' lang='lat' dir='ltr'>illius</span> <span class='ocrx_word' id='word_1_167' title='bbox 626 1292 717 1329; x_wconf 88' lang='lat' dir='ltr'>locis</span> <span class='ocrx_word' id='word_1_168' title='bbox 756 1296 951 1330; x_wconf 83' lang='lat' dir='ltr'>contextae</span> <span class='ocrx_word' id='word_1_169' title='bbox 988 1298 1085 1339; x_wconf 79' lang='lat' dir='ltr'>sunt,</span> <span class='ocrx_word' id='word_1_170' title='bbox 1113 1295 1250 1345; x_wconf 86' lang='lat' dir='ltr'>quibus</span> <span class='ocrx_word' id='word_1_171' title='bbox 1279 1295 1432 1332; x_wconf 89' lang='lat' dir='ltr'>omnino</span> <span class='ocrx_word' id='word_1_172' title='bbox 1460 1295 1582 1332; x_wconf 90' lang='lat' dir='ltr'>modis</span> <span class='ocrx_word' id='word_1_173' title='bbox 1609 1298 1745 1346; x_wconf 86' lang='lat' dir='ltr'>potest,</span> 
     </span>
     <span class='ocr_line' id='line_1_19' title="bbox 216 1357 1744 1410; baseline 0.001 -15"><span class='ocrx_word' id='word_1_174' title='bbox 216 1363 322 1396; x_wconf 85' lang='lat' dir='ltr'>ornet</span> <span class='ocrx_word' id='word_1_175' title='bbox 356 1357 537 1409; x_wconf 86' lang='lat' dir='ltr'>provehat</span> <span class='ocrx_word' id='word_1_176' title='bbox 572 1360 608 1394; x_wconf 92' lang='lat' dir='ltr'>et</span> <span class='ocrx_word' id='word_1_177' title='bbox 637 1357 881 1403; x_wconf 88' lang='lat' dir='ltr'>commendet,</span> <span class='ocrx_word' id='word_1_178' title='bbox 909 1358 984 1396; x_wconf 88' lang='lat' dir='ltr'>sive</span> <span class='ocrx_word' id='word_1_179' title='bbox 1011 1372 1075 1410; x_wconf 88' lang='lat' dir='ltr'>per</span> <span class='ocrx_word' id='word_1_180' title='bbox 1102 1359 1269 1409; x_wconf 79' lang='lat' dir='ltr'>insignes</span> <span class='ocrx_word' id='word_1_181' title='bbox 1297 1364 1470 1397; x_wconf 87' lang='lat' dir='ltr'>autorum</span> <span class='ocrx_word' id='word_1_182' title='bbox 1497 1362 1541 1408; x_wconf 70' lang='lat' dir='ltr'>(a</span> <span class='ocrx_word' id='word_1_183' title='bbox 1569 1361 1627 1408; x_wconf 70' lang='lat'>3³)</span> <span class='ocrx_word' id='word_1_184' title='bbox 1654 1359 1744 1397; x_wconf 83' lang='lat' dir='ltr'>titu-</span> 
     </span>
     <span class='ocr_line' id='line_1_20' title="bbox 214 1423 1746 1475; baseline 0 -13"><span class='ocrx_word' id='word_1_185' title='bbox 214 1425 271 1462; x_wconf 89' lang='lat' dir='ltr'>los</span> <span class='ocrx_word' id='word_1_186' title='bbox 300 1428 334 1461; x_wconf 90' lang='lat' dir='ltr'>et</span> <span class='ocrx_word' id='word_1_187' title='bbox 363 1423 569 1472; x_wconf 80' lang='lat' dir='ltr'>singulares</span> <span class='ocrx_word' id='word_1_188' title='bbox 597 1423 888 1473; x_wconf 77' lang='lat' dir='ltr'>praerogativas,</span> <span class='ocrx_word' id='word_1_189' title='bbox 916 1423 992 1461; x_wconf 87' lang='lat' dir='ltr'>sive</span> <span class='ocrx_word' id='word_1_190' title='bbox 1019 1438 1084 1475; x_wconf 84' lang='lat' dir='ltr'>per</span> <span class='ocrx_word' id='word_1_191' title='bbox 1114 1425 1307 1462; x_wconf 86' lang='lat' dir='ltr'>vetustatis</span> <span class='ocrx_word' id='word_1_192' title='bbox 1334 1425 1460 1463; x_wconf 86' lang='lat' dir='ltr'>nescio</span> <span class='ocrx_word' id='word_1_193' title='bbox 1490 1424 1594 1462; x_wconf 88' lang='lat' dir='ltr'>cuius</span> <span class='ocrx_word' id='word_1_194' title='bbox 1620 1424 1746 1472; x_wconf 89' lang='lat' dir='ltr'>fidem,</span> 
     </span>
     <span class='ocr_line' id='line_1_21' title="bbox 214 1487 1744 1541; baseline 0 -14"><span class='ocrx_word' id='word_1_195' title='bbox 214 1490 290 1527; x_wconf 89' lang='lat' dir='ltr'>sive</span> <span class='ocrx_word' id='word_1_196' title='bbox 333 1502 398 1540; x_wconf 86' lang='lat' dir='ltr'>per</span> <span class='ocrx_word' id='word_1_197' title='bbox 442 1488 660 1525; x_wconf 85' lang='lat' dir='ltr'>ementitum</span> <span class='ocrx_word' id='word_1_198' title='bbox 696 1487 884 1525; x_wconf 82' lang='lat' dir='ltr'>Ecclesiae</span> <span class='ocrx_word' id='word_1_199' title='bbox 919 1494 1163 1539; x_wconf 82' lang='lat' dir='ltr'>praetextum,</span> <span class='ocrx_word' id='word_1_200' title='bbox 1201 1490 1277 1528; x_wconf 90' lang='lat' dir='ltr'>sive</span> <span class='ocrx_word' id='word_1_201' title='bbox 1311 1504 1376 1541; x_wconf 91' lang='lat' dir='ltr'>per</span> <span class='ocrx_word' id='word_1_202' title='bbox 1412 1503 1528 1528; x_wconf 86' lang='lat' dir='ltr'>novas</span> <span class='ocrx_word' id='word_1_203' title='bbox 1565 1490 1744 1541; x_wconf 88' lang='lat' dir='ltr'>quasdam</span> 
     </span>
     <span class='ocr_line' id='line_1_22' title="bbox 212 1553 1743 1605; baseline 0 -13"><span class='ocrx_word' id='word_1_204' title='bbox 212 1554 456 1592; x_wconf 84' lang='lat' dir='ltr'>revelationes</span> <span class='ocrx_word' id='word_1_205' title='bbox 502 1566 670 1602; x_wconf 89' lang='lat' dir='ltr'>novaque</span> <span class='ocrx_word' id='word_1_206' title='bbox 715 1553 978 1590; x_wconf 85' lang='lat' dir='ltr'>miraculorum</span> <span class='ocrx_word' id='word_1_207' title='bbox 1025 1567 1174 1603; x_wconf 82' lang='lat' dir='ltr'>genera,</span> <span class='ocrx_word' id='word_1_208' title='bbox 1210 1568 1304 1605; x_wconf 89' lang='lat' dir='ltr'>quae</span> <span class='ocrx_word' id='word_1_209' title='bbox 1340 1559 1404 1592; x_wconf 87' lang='lat' dir='ltr'>aut</span> <span class='ocrx_word' id='word_1_210' title='bbox 1439 1555 1553 1592; x_wconf 88' lang='lat' dir='ltr'>nullis</span> <span class='ocrx_word' id='word_1_211' title='bbox 1589 1554 1743 1592; x_wconf 91' lang='lat' dir='ltr'>omnino</span> 
     </span>
     <span class='ocr_line' id='line_1_23' title="bbox 215 1618 1740 1670; baseline 0 -13"><span class='ocrx_word' id='word_1_212' title='bbox 215 1619 384 1657; x_wconf 87' lang='lat' dir='ltr'>sensibus</span> <span class='ocrx_word' id='word_1_213' title='bbox 420 1618 684 1669; x_wconf 83' lang='lat' dir='ltr'>percipiantur,</span> <span class='ocrx_word' id='word_1_214' title='bbox 719 1621 794 1662; x_wconf 85' lang='lat' dir='ltr'>aut,</span> <span class='ocrx_word' id='word_1_215' title='bbox 833 1618 863 1655; x_wconf 89' lang='lat' dir='ltr'>si</span> <span class='ocrx_word' id='word_1_216' title='bbox 898 1618 975 1655; x_wconf 91' lang='lat' dir='ltr'>ullo</span> <span class='ocrx_word' id='word_1_217' title='bbox 1012 1619 1124 1656; x_wconf 87' lang='lat' dir='ltr'>modo</span> <span class='ocrx_word' id='word_1_218' title='bbox 1160 1619 1430 1670; x_wconf 85' lang='lat' dir='ltr'>percipiuntur,</span> <span class='ocrx_word' id='word_1_219' title='bbox 1466 1619 1554 1657; x_wconf 88' lang='lat' dir='ltr'>fidei</span> <span class='ocrx_word' id='word_1_220' title='bbox 1588 1619 1740 1657; x_wconf 88' lang='lat' dir='ltr'>interim</span> 
     </span>
     <span class='ocr_line' id='line_1_24' title="bbox 215 1683 1741 1735; baseline 0.001 -13"><span class='ocrx_word' id='word_1_221' title='bbox 215 1685 408 1733; x_wconf 68' lang='lat' dir='ltr'>analogiae</span> <span class='ocrx_word' id='word_1_222' title='bbox 449 1684 662 1721; x_wconf 84' lang='lat' dir='ltr'>reclament.</span> <span class='ocrx_word' id='word_1_223' title='bbox 717 1683 872 1720; x_wconf 85' lang='lat' dir='ltr'>Adhaec</span> <span class='ocrx_word' id='word_1_224' title='bbox 907 1683 1012 1721; x_wconf 88' lang='lat' dir='ltr'>novit</span> <span class='ocrx_word' id='word_1_225' title='bbox 1048 1697 1195 1735; x_wconf 89' lang='lat' dir='ltr'>quoque</span> <span class='ocrx_word' id='word_1_226' title='bbox 1232 1684 1418 1723; x_wconf 88' lang='lat' dir='ltr'>Dominus</span> <span class='ocrx_word' id='word_1_227' title='bbox 1456 1689 1623 1723; x_wconf 88' lang='lat' dir='ltr'>nostram</span> <span class='ocrx_word' id='word_1_228' title='bbox 1661 1698 1741 1723; x_wconf 93' lang='lat' dir='ltr'>om-</span> 
     </span>
     <span class='ocr_line' id='line_1_25' title="bbox 213 1748 1741 1800; baseline -0.001 -12"><span class='ocrx_word' id='word_1_229' title='bbox 213 1751 330 1795; x_wconf 86' lang='lat' dir='ltr'>nium,</span> <span class='ocrx_word' id='word_1_230' title='bbox 375 1749 587 1799; x_wconf 87' lang='lat' dir='ltr'>quicunque</span> <span class='ocrx_word' id='word_1_231' title='bbox 621 1748 790 1785; x_wconf 86' lang='lat' dir='ltr'>homines</span> <span class='ocrx_word' id='word_1_232' title='bbox 829 1761 967 1793; x_wconf 83' lang='lat' dir='ltr'>sumus,</span> <span class='ocrx_word' id='word_1_233' title='bbox 1005 1750 1267 1800; x_wconf 86' lang='lat' dir='ltr'>corruptelam,</span> <span class='ocrx_word' id='word_1_234' title='bbox 1304 1750 1416 1800; x_wconf 87' lang='lat' dir='ltr'>primi</span> <span class='ocrx_word' id='word_1_235' title='bbox 1453 1751 1542 1787; x_wconf 85' lang='lat' dir='ltr'>olim</span> <span class='ocrx_word' id='word_1_236' title='bbox 1577 1749 1741 1800; x_wconf 86' lang='lat' dir='ltr'>parentis</span> 
     </span>
     <span class='ocr_line' id='line_1_26' title="bbox 213 1812 1742 1865; baseline -0.001 -13"><span class='ocrx_word' id='word_1_237' title='bbox 213 1813 335 1852; x_wconf 84' lang='lat' dir='ltr'>nostri</span> <span class='ocrx_word' id='word_1_238' title='bbox 369 1818 520 1864; x_wconf 85' lang='lat' dir='ltr'>peccato</span> <span class='ocrx_word' id='word_1_239' title='bbox 557 1813 595 1849; x_wconf 87' lang='lat' dir='ltr'>in</span> <span class='ocrx_word' id='word_1_240' title='bbox 625 1825 694 1850; x_wconf 87' lang='lat' dir='ltr'>nos</span> <span class='ocrx_word' id='word_1_241' title='bbox 723 1812 938 1857; x_wconf 82' lang='lat' dir='ltr'>derivatam,</span> <span class='ocrx_word' id='word_1_242' title='bbox 966 1826 1038 1863; x_wconf 86' lang='lat' dir='ltr'>qua</span> <span class='ocrx_word' id='word_1_243' title='bbox 1063 1814 1118 1859; x_wconf 80' lang='lat' dir='ltr'>fit,</span> <span class='ocrx_word' id='word_1_244' title='bbox 1143 1818 1186 1851; x_wconf 84' lang='lat' dir='ltr'>ut</span> <span class='ocrx_word' id='word_1_245' title='bbox 1212 1814 1251 1850; x_wconf 88' lang='lat' dir='ltr'>in</span> <span class='ocrx_word' id='word_1_246' title='bbox 1280 1814 1391 1851; x_wconf 87' lang='lat' dir='ltr'>rebus</span> <span class='ocrx_word' id='word_1_247' title='bbox 1417 1814 1657 1865; x_wconf 86' lang='lat' dir='ltr'>potissimum</span> <span class='ocrx_word' id='word_1_248' title='bbox 1685 1814 1742 1851; x_wconf 88' lang='lat' dir='ltr'>di-</span> 
     </span>
     <span class='ocr_line' id='line_1_27' title="bbox 213 1879 1741 1931; baseline 0 -13"><span class='ocrx_word' id='word_1_249' title='bbox 213 1881 310 1919; x_wconf 89' lang='lat' dir='ltr'>vinis</span> <span class='ocrx_word' id='word_1_250' title='bbox 338 1880 498 1917; x_wconf 88' lang='lat' dir='ltr'>humana</span> <span class='ocrx_word' id='word_1_251' title='bbox 527 1879 637 1916; x_wconf 87' lang='lat' dir='ltr'>nobis</span> <span class='ocrx_word' id='word_1_252' title='bbox 665 1879 802 1921; x_wconf 81' lang='lat' dir='ltr'>omnia,</span> <span class='ocrx_word' id='word_1_253' title='bbox 829 1879 954 1916; x_wconf 85' lang='lat' dir='ltr'>nescio</span> <span class='ocrx_word' id='word_1_254' title='bbox 983 1880 1187 1930; x_wconf 84' lang='lat' dir='ltr'>quomodo,</span> <span class='ocrx_word' id='word_1_255' title='bbox 1212 1880 1331 1929; x_wconf 75' lang='lat' dir='ltr'>magis</span> <span class='ocrx_word' id='word_1_256' title='bbox 1359 1881 1477 1917; x_wconf 86' lang='lat' dir='ltr'>multo</span> <span class='ocrx_word' id='word_1_257' title='bbox 1505 1894 1616 1931; x_wconf 90' lang='lat' dir='ltr'>quam</span> <span class='ocrx_word' id='word_1_258' title='bbox 1644 1880 1741 1918; x_wconf 89' lang='lat' dir='ltr'>divi·</span> 
     </span>
     <span class='ocr_line' id='line_1_28' title="bbox 213 1943 1740 1995; baseline -0.001 -12"><span class='ocrx_word' id='word_1_259' title='bbox 213 1959 260 1983; x_wconf 85' lang='lat' dir='ltr'>na</span> <span class='ocrx_word' id='word_1_260' title='bbox 286 1945 366 1995; x_wconf 83' lang='lat' dir='ltr'>ipsa</span> <span class='ocrx_word' id='word_1_261' title='bbox 393 1944 592 1981; x_wconf 88' lang='lat' dir='ltr'>arrideant.</span> <span class='ocrx_word' id='word_1_262' title='bbox 646 1943 830 1993; x_wconf 83' lang='lat' dir='ltr'>Equidem</span> <span class='ocrx_word' id='word_1_263' title='bbox 859 1943 902 1990; x_wconf 90' lang='lat' dir='ltr'>si,</span> <span class='ocrx_word' id='word_1_264' title='bbox 929 1944 1094 1982; x_wconf 89' lang='lat' dir='ltr'>nondum</span> <span class='ocrx_word' id='word_1_265' title='bbox 1124 1944 1262 1982; x_wconf 85' lang='lat' dir='ltr'>violata</span> <span class='ocrx_word' id='word_1_266' title='bbox 1290 1944 1379 1981; x_wconf 88' lang='lat' dir='ltr'>olim</span> <span class='ocrx_word' id='word_1_267' title='bbox 1407 1948 1561 1982; x_wconf 87' lang='lat' dir='ltr'>naturae</span> <span class='ocrx_word' id='word_1_268' title='bbox 1589 1949 1740 1982; x_wconf 87' lang='lat' dir='ltr'>nostrae</span> 
     </span>
     <span class='ocr_line' id='line_1_29' title="bbox 211 2008 1742 2060; baseline -0.001 -13"><span class='ocrx_word' id='word_1_269' title='bbox 211 2009 438 2059; x_wconf 83' lang='lat' dir='ltr'>integritate,</span> <span class='ocrx_word' id='word_1_270' title='bbox 472 2022 514 2046; x_wconf 85' lang='lat' dir='ltr'>ea</span> <span class='ocrx_word' id='word_1_271' title='bbox 549 2009 622 2045; x_wconf 91' lang='lat' dir='ltr'>iam</span> <span class='ocrx_word' id='word_1_272' title='bbox 660 2008 731 2045; x_wconf 80' lang='lat' dir='ltr'>fuit</span> <span class='ocrx_word' id='word_1_273' title='bbox 766 2009 803 2046; x_wconf 89' lang='lat' dir='ltr'>in</span> <span class='ocrx_word' id='word_1_274' title='bbox 842 2009 1003 2056; x_wconf 88' lang='lat' dir='ltr'>Adamo,</span> <span class='ocrx_word' id='word_1_275' title='bbox 1029 2009 1150 2060; x_wconf 88' lang='lat' dir='ltr'>primo</span> <span class='ocrx_word' id='word_1_276' title='bbox 1179 2013 1309 2047; x_wconf 92' lang='lat' dir='ltr'>nostro</span> <span class='ocrx_word' id='word_1_277' title='bbox 1336 2014 1501 2059; x_wconf 87' lang='lat' dir='ltr'>parente,</span> <span class='ocrx_word' id='word_1_278' title='bbox 1528 2009 1742 2060; x_wconf 85' lang='lat' dir='ltr'>propensio,</span> 
     </span>
     <span class='ocr_line' id='line_1_30' title="bbox 212 2073 1740 2125; baseline -0.001 -12"><span class='ocrx_word' id='word_1_279' title='bbox 212 2081 253 2114; x_wconf 88' lang='lat' dir='ltr'>ut</span> <span class='ocrx_word' id='word_1_280' title='bbox 291 2077 473 2113; x_wconf 83' lang='lat' dir='ltr'>humanae</span> <span class='ocrx_word' id='word_1_281' title='bbox 507 2074 653 2122; x_wconf 86' lang='lat' dir='ltr'>(uxoris</span> <span class='ocrx_word' id='word_1_282' title='bbox 690 2073 842 2124; x_wconf 89' lang='lat' dir='ltr'>inquam</span> <span class='ocrx_word' id='word_1_283' title='bbox 882 2076 987 2123; x_wconf 84' lang='lat' dir='ltr'>suae)</span> <span class='ocrx_word' id='word_1_284' title='bbox 1022 2074 1254 2125; x_wconf 86' lang='lat' dir='ltr'>persuasioni</span> <span class='ocrx_word' id='word_1_285' title='bbox 1281 2074 1436 2125; x_wconf 88' lang='lat' dir='ltr'>obsequi</span> <span class='ocrx_word' id='word_1_286' title='bbox 1464 2075 1602 2120; x_wconf 88' lang='lat' dir='ltr'>mallet,</span> <span class='ocrx_word' id='word_1_287' title='bbox 1629 2087 1740 2125; x_wconf 88' lang='lat' dir='ltr'>quam</span> 
     </span>
     <span class='ocr_line' id='line_1_31' title="bbox 213 2140 1739 2191; baseline -0.002 -12"><span class='ocrx_word' id='word_1_288' title='bbox 213 2141 283 2179; x_wconf 88' lang='lat' dir='ltr'>Dei</span> <span class='ocrx_word' id='word_1_289' title='bbox 327 2140 443 2191; x_wconf 87' lang='lat' dir='ltr'>ipsius</span> <span class='ocrx_word' id='word_1_290' title='bbox 478 2140 560 2177; x_wconf 91' lang='lat' dir='ltr'>voci</span> <span class='ocrx_word' id='word_1_291' title='bbox 594 2152 637 2176; x_wconf 88' lang='lat' dir='ltr'>ac</span> <span class='ocrx_word' id='word_1_292' title='bbox 673 2143 882 2190; x_wconf 84' lang='lat' dir='ltr'>praecepto,</span> <span class='ocrx_word' id='word_1_293' title='bbox 921 2140 1022 2190; x_wconf 88' lang='lat' dir='ltr'>quod</span> <span class='ocrx_word' id='word_1_294' title='bbox 1058 2140 1318 2189; x_wconf 82' lang='lat' dir='ltr'>gravissimam</span> <span class='ocrx_word' id='word_1_295' title='bbox 1354 2140 1495 2190; x_wconf 88' lang='lat' dir='ltr'>alioqui</span> <span class='ocrx_word' id='word_1_296' title='bbox 1534 2141 1739 2177; x_wconf 87' lang='lat' dir='ltr'>commina-</span> 
     </span>
     <span class='ocr_line' id='line_1_32' title="bbox 212 2203 1740 2256; baseline -0.002 -12"><span class='ocrx_word' id='word_1_297' title='bbox 212 2207 355 2245; x_wconf 88' lang='lat' dir='ltr'>tionem</span> <span class='ocrx_word' id='word_1_298' title='bbox 401 2205 638 2243; x_wconf 85' lang='lat' dir='ltr'>coniunctam</span> <span class='ocrx_word' id='word_1_299' title='bbox 675 2204 848 2256; x_wconf 77' lang='lat' dir='ltr'>habebat,</span> <span class='ocrx_word' id='word_1_300' title='bbox 882 2226 933 2233; x_wconf 92' lang='lat'>-—</span> <span class='ocrx_word' id='word_1_301' title='bbox 970 2209 1110 2255; x_wconf 88' lang='lat' dir='ltr'>quanto</span> <span class='ocrx_word' id='word_1_302' title='bbox 1144 2204 1264 2254; x_wconf 85' lang='lat' dir='ltr'>magis</span> <span class='ocrx_word' id='word_1_303' title='bbox 1300 2204 1374 2241; x_wconf 87' lang='lat' dir='ltr'>iam</span> <span class='ocrx_word' id='word_1_304' title='bbox 1410 2217 1480 2242; x_wconf 86' lang='lat' dir='ltr'>nos</span> <span class='ocrx_word' id='word_1_305' title='bbox 1517 2203 1603 2241; x_wconf 90' lang='lat' dir='ltr'>huic</span> <span class='ocrx_word' id='word_1_306' title='bbox 1641 2204 1740 2241; x_wconf 89' lang='lat' dir='ltr'>malo</span> 
     </span>
     <span class='ocr_line' id='line_1_33' title="bbox 215 2268 1742 2319; baseline -0.001 -11"><span class='ocrx_word' id='word_1_307' title='bbox 215 2270 399 2308; x_wconf 82' lang='lat' dir='ltr'>obnoxios</span> <span class='ocrx_word' id='word_1_308' title='bbox 435 2282 515 2307; x_wconf 89' lang='lat' dir='ltr'>esse</span> <span class='ocrx_word' id='word_1_309' title='bbox 551 2272 698 2319; x_wconf 86' lang='lat' dir='ltr'>oportet</span> <span class='ocrx_word' id='word_1_310' title='bbox 733 2268 801 2305; x_wconf 91' lang='lat' dir='ltr'>sub</span> <span class='ocrx_word' id='word_1_311' title='bbox 840 2273 993 2306; x_wconf 86' lang='lat' dir='ltr'>naturae</span> <span class='ocrx_word' id='word_1_312' title='bbox 1029 2272 1180 2306; x_wconf 87' lang='lat' dir='ltr'>nostrae</span> <span class='ocrx_word' id='word_1_313' title='bbox 1216 2268 1352 2306; x_wconf 88' lang='lat' dir='ltr'>adnata</span> <span class='ocrx_word' id='word_1_314' title='bbox 1380 2268 1491 2305; x_wconf 89' lang='lat' dir='ltr'>nobis</span> <span class='ocrx_word' id='word_1_315' title='bbox 1520 2268 1742 2318; x_wconf 86' lang='lat' dir='ltr'>corruptela,</span> 
     </span>
     <span class='ocr_line' id='line_1_34' title="bbox 217 2332 1741 2384; baseline -0.002 -12"><span class='ocrx_word' id='word_1_316' title='bbox 217 2335 285 2372; x_wconf 88' lang='lat' dir='ltr'>sub</span> <span class='ocrx_word' id='word_1_317' title='bbox 322 2347 395 2384; x_wconf 89' lang='lat' dir='ltr'>qua</span> <span class='ocrx_word' id='word_1_318' title='bbox 429 2346 505 2371; x_wconf 91' lang='lat' dir='ltr'>non</span> <span class='ocrx_word' id='word_1_319' title='bbox 532 2332 644 2370; x_wconf 86' lang='lat' dir='ltr'>modo</span> <span class='ocrx_word' id='word_1_320' title='bbox 673 2345 750 2370; x_wconf 87' lang='lat' dir='ltr'>non</span> <span class='ocrx_word' id='word_1_321' title='bbox 778 2332 871 2370; x_wconf 87' lang='lat' dir='ltr'>affici</span> <span class='ocrx_word' id='word_1_322' title='bbox 897 2333 1010 2370; x_wconf 87' lang='lat' dir='ltr'>rebus</span> <span class='ocrx_word' id='word_1_323' title='bbox 1040 2333 1188 2377; x_wconf 84' lang='lat' dir='ltr'>divinis,</span> <span class='ocrx_word' id='word_1_324' title='bbox 1216 2333 1279 2370; x_wconf 90' lang='lat' dir='ltr'>sed</span> <span class='ocrx_word' id='word_1_325' title='bbox 1307 2345 1353 2370; x_wconf 87' lang='lat' dir='ltr'>ne</span> <span class='ocrx_word' id='word_1_326' title='bbox 1379 2332 1565 2383; x_wconf 84' lang='lat' dir='ltr'>percipere</span> <span class='ocrx_word' id='word_1_327' title='bbox 1592 2332 1741 2382; x_wconf 86' lang='lat' dir='ltr'>quidem</span> 
     </span>
     <span class='ocr_line' id='line_1_35' title="bbox 214 2396 1740 2448; baseline -0.002 -12"><span class='ocrx_word' id='word_1_328' title='bbox 214 2399 277 2436; x_wconf 88' lang='lat' dir='ltr'>illa</span> <span class='ocrx_word' id='word_1_329' title='bbox 305 2412 350 2436; x_wconf 82' lang='lat' dir='ltr'>ex</span> <span class='ocrx_word' id='word_1_330' title='bbox 377 2398 488 2435; x_wconf 88' lang='lat' dir='ltr'>nobis</span> <span class='ocrx_word' id='word_1_331' title='bbox 515 2398 587 2448; x_wconf 91' lang='lat' dir='ltr'>ipsi</span> <span class='ocrx_word' id='word_1_332' title='bbox 613 2397 689 2434; x_wconf 93' lang='lat' dir='ltr'>ullo</span> <span class='ocrx_word' id='word_1_333' title='bbox 719 2397 872 2434; x_wconf 87' lang='lat' dir='ltr'>omnino</span> <span class='ocrx_word' id='word_1_334' title='bbox 900 2397 1011 2434; x_wconf 86' lang='lat' dir='ltr'>modo</span> <span class='ocrx_word' id='word_1_335' title='bbox 1031 2399 1256 2448; x_wconf 82' lang='lat' dir='ltr'>possumus?</span> <span class='ocrx_word' id='word_1_336' title='bbox 1276 2397 1463 2441; x_wconf 84' lang='lat' dir='ltr'>nimirum,</span> <span class='ocrx_word' id='word_1_337' title='bbox 1482 2396 1547 2447; x_wconf 91' lang='lat' dir='ltr'>qui</span> <span class='ocrx_word' id='word_1_338' title='bbox 1564 2396 1607 2434; x_wconf 88' lang='lat' dir='ltr'>de</span> <span class='ocrx_word' id='word_1_339' title='bbox 1623 2400 1667 2444; x_wconf 68' lang='lat' dir='ltr'>(a</span> <span class='ocrx_word' id='word_1_340' title='bbox 1679 2397 1740 2443; x_wconf 71' lang='lat'>3¹³)</span> 
     </span>
     <span class='ocr_line' id='line_1_36' title="bbox 214 2462 1743 2513; baseline -0.003 -11"><span class='ocrx_word' id='word_1_341' title='bbox 214 2469 312 2502; x_wconf 84' lang='lat' dir='ltr'>terra</span> <span class='ocrx_word' id='word_1_342' title='bbox 349 2477 487 2507; x_wconf 88' lang='lat' dir='ltr'>sumus,</span> <span class='ocrx_word' id='word_1_343' title='bbox 523 2467 669 2499; x_wconf 85' lang='lat' dir='ltr'>terrena</span> <span class='ocrx_word' id='word_1_344' title='bbox 706 2462 889 2500; x_wconf 82' lang='lat' dir='ltr'>duntaxat</span> <span class='ocrx_word' id='word_1_345' title='bbox 924 2466 960 2500; x_wconf 90' lang='lat' dir='ltr'>et</span> <span class='ocrx_word' id='word_1_346' title='bbox 997 2463 1160 2513; x_wconf 86' lang='lat' dir='ltr'>sapimus</span> <span class='ocrx_word' id='word_1_347' title='bbox 1195 2466 1232 2500; x_wconf 90' lang='lat' dir='ltr'>et</span> <span class='ocrx_word' id='word_1_348' title='bbox 1269 2462 1458 2513; x_wconf 90' lang='lat' dir='ltr'>loquimur</span> <span class='ocrx_word' id='word_1_349' title='bbox 1493 2465 1529 2499; x_wconf 90' lang='lat' dir='ltr'>et</span> <span class='ocrx_word' id='word_1_350' title='bbox 1564 2474 1743 2506; x_wconf 81' lang='lat' dir='ltr'>amamus,</span> 
     </span>
     <span class='ocr_line' id='line_1_37' title="bbox 217 2525 1743 2581; baseline -0.002 -15"><span class='ocrx_word' id='word_1_351' title='bbox 217 2542 349 2579; x_wconf 82' lang='lat' dir='ltr'>neque,</span> <span class='ocrx_word' id='word_1_352' title='bbox 376 2528 446 2565; x_wconf 91' lang='lat' dir='ltr'>nisi</span> <span class='ocrx_word' id='word_1_353' title='bbox 474 2528 597 2572; x_wconf 84' lang='lat' dir='ltr'>tracti,</span> <span class='ocrx_word' id='word_1_354' title='bbox 625 2527 670 2563; x_wconf 86' lang='lat' dir='ltr'>ad</span> <span class='ocrx_word' id='word_1_355' title='bbox 701 2527 826 2564; x_wconf 84' lang='lat' dir='ltr'>divina</span> <span class='ocrx_word' id='word_1_356' title='bbox 853 2540 922 2564; x_wconf 88' lang='lat' dir='ltr'>nos</span> <span class='ocrx_word' id='word_1_357' title='bbox 952 2527 1197 2578; x_wconf 86' lang='lat' dir='ltr'>coelestiaque</span> <span class='ocrx_word' id='word_1_358' title='bbox 1224 2527 1364 2575; x_wconf 80' lang='lat' dir='ltr'>erigere</span> <span class='ocrx_word' id='word_1_359' title='bbox 1393 2539 1582 2581; x_wconf 89' lang='lat' dir='ltr'>conamur.</span> <span class='ocrx_word' id='word_1_360' title='bbox 1621 2525 1743 2563; x_wconf 76' lang='lat' dir='ltr'>Quid!</span> 
     </span>
     <span class='ocr_line' id='line_1_38' title="bbox 220 2590 1744 2646; baseline -0.004 -14"><span class='ocrx_word' id='word_1_361' title='bbox 220 2594 319 2646; x_wconf 91' lang='lat' dir='ltr'>quod</span> <span class='ocrx_word' id='word_1_362' title='bbox 357 2606 403 2630; x_wconf 87' lang='lat' dir='ltr'>ne</span> <span class='ocrx_word' id='word_1_363' title='bbox 429 2592 540 2630; x_wconf 85' lang='lat' dir='ltr'>tracti</span> <span class='ocrx_word' id='word_1_364' title='bbox 566 2591 713 2642; x_wconf 87' lang='lat' dir='ltr'>quidem</span> <span class='ocrx_word' id='word_1_365' title='bbox 743 2590 936 2640; x_wconf 76' lang='lat' dir='ltr'>ingenium</span> <span class='ocrx_word' id='word_1_366' title='bbox 965 2594 1133 2628; x_wconf 88' lang='lat' dir='ltr'>nostrum</span> <span class='ocrx_word' id='word_1_367' title='bbox 1164 2591 1273 2628; x_wconf 84' lang='lat' dir='ltr'>facile</span> <span class='ocrx_word' id='word_1_368' title='bbox 1300 2592 1514 2628; x_wconf 82' lang='lat' dir='ltr'>mutamus?</span> <span class='ocrx_word' id='word_1_369' title='bbox 1543 2590 1605 2627; x_wconf 90' lang='lat' dir='ltr'>sed</span> <span class='ocrx_word' id='word_1_370' title='bbox 1633 2590 1744 2644; x_wconf 70' lang='lat' dir='ltr'>nobis</span> 
     </span>
     <span class='ocr_line' id='line_1_39' title="bbox 217 2653 1744 2706; baseline -0.003 -10"><span class='ocrx_word' id='word_1_371' title='bbox 217 2659 344 2696; x_wconf 84' lang='lat' dir='ltr'>invitis</span> <span class='ocrx_word' id='word_1_372' title='bbox 380 2657 582 2695; x_wconf 79' lang='lat' dir='ltr'>etiamnum</span> <span class='ocrx_word' id='word_1_373' title='bbox 621 2655 823 2692; x_wconf 84' lang='lat' dir='ltr'>adhaerent</span> <span class='ocrx_word' id='word_1_374' title='bbox 860 2668 923 2706; x_wconf 88' lang='lat' dir='ltr'>per</span> <span class='ocrx_word' id='word_1_375' title='bbox 952 2668 1099 2692; x_wconf 77' lang='lat' dir='ltr'>omnem</span> <span class='ocrx_word' id='word_1_376' title='bbox 1126 2655 1240 2692; x_wconf 85' lang='lat' dir='ltr'>vitam</span> <span class='ocrx_word' id='word_1_377' title='bbox 1268 2659 1434 2692; x_wconf 78' lang='lat' dir='ltr'>nostram</span> <span class='ocrx_word' id='word_1_378' title='bbox 1461 2654 1566 2705; x_wconf 88' lang='lat' dir='ltr'>pravi</span> <span class='ocrx_word' id='word_1_379' title='bbox 1594 2653 1744 2691; x_wconf 86' lang='lat' dir='ltr'>affectus</span> 
     </span>
     <span class='ocr_line' id='line_1_40' title="bbox 219 2719 1744 2774; baseline -0.005 -11"><span class='ocrx_word' id='word_1_380' title='bbox 219 2724 351 2768; x_wconf 87' lang='lat' dir='ltr'>nostri,</span> <span class='ocrx_word' id='word_1_381' title='bbox 385 2722 449 2774; x_wconf 89' lang='lat' dir='ltr'>qui</span> <span class='ocrx_word' id='word_1_382' title='bbox 486 2734 568 2765; x_wconf 91' lang='lat' dir='ltr'>nos,</span> <span class='ocrx_word' id='word_1_383' title='bbox 603 2721 677 2757; x_wconf 88' lang='lat' dir='ltr'>iam</span> <span class='ocrx_word' id='word_1_384' title='bbox 704 2719 846 2771; x_wconf 88' lang='lat' dir='ltr'>alioqui</span> <span class='ocrx_word' id='word_1_385' title='bbox 872 2723 1024 2764; x_wconf 84' lang='lat' dir='ltr'>tractos,</span> <span class='ocrx_word' id='word_1_386' title='bbox 1050 2724 1226 2771; x_wconf 86' lang='lat' dir='ltr'>perpetuo</span> <span class='ocrx_word' id='word_1_387' title='bbox 1254 2719 1404 2757; x_wconf 88' lang='lat' dir='ltr'>interim</span> <span class='ocrx_word' id='word_1_388' title='bbox 1432 2719 1484 2757; x_wconf 84' lang='lat' dir='ltr'>ita</span> <span class='ocrx_word' id='word_1_389' title='bbox 1512 2722 1744 2757; x_wconf 84' lang='lat' dir='ltr'>transversos</span> 
     </span>
    </p>
   </div>
   <div class='ocr_carea' id='block_1_3' title="bbox 264 2861 1310 2961">
    <p class='ocr_par' dir='ltr' id='par_1_3' title="bbox 264 2861 1310 2961">
     <span class='ocr_line' id='line_1_41' title="bbox 266 2861 1310 2905; baseline -0.003 -9"><span class='ocrx_word' id='word_1_390' title='bbox 266 2867 289 2905; x_wconf 84' lang='lat'>¹)</span> <span class='ocrx_word' id='word_1_391' title='bbox 312 2864 407 2896; x_wconf 81' lang='lat' dir='ltr'>Dent.</span> <span class='ocrx_word' id='word_1_392' title='bbox 431 2864 460 2895; x_wconf 83' lang='lat'>4.</span> <span class='ocrx_word' id='word_1_393' title='bbox 485 2864 533 2895; x_wconf 67' lang='lat'>12.</span> <span class='ocrx_word' id='word_1_394' title='bbox 578 2862 649 2894; x_wconf 77' lang='lat' dir='ltr'>Esa.</span> <span class='ocrx_word' id='word_1_395' title='bbox 673 2862 722 2893; x_wconf 76' lang='lat'>49.</span> <span class='ocrx_word' id='word_1_396' title='bbox 767 2862 848 2893; x_wconf 73' lang='lat' dir='ltr'>Mat.</span> <span class='ocrx_word' id='word_1_397' title='bbox 872 2862 921 2893; x_wconf 74' lang='lat'>25.</span> <span class='ocrx_word' id='word_1_398' title='bbox 965 2862 1036 2893; x_wconf 77' lang='lat' dir='ltr'>Eze.</span> <span class='ocrx_word' id='word_1_399' title='bbox 1061 2862 1109 2893; x_wconf 73' lang='lat'>20.</span> <span class='ocrx_word' id='word_1_400' title='bbox 1155 2861 1258 2893; x_wconf 72' lang='lat' dir='ltr'>losue.</span> <span class='ocrx_word' id='word_1_401' title='bbox 1282 2861 1310 2894; x_wconf 85' lang='lat'>8.</span> 
     </span>
     <span class='ocr_line' id='line_1_42' title="bbox 264 2919 821 2961; baseline -0.005 -9"><span class='ocrx_word' id='word_1_402' title='bbox 264 2922 290 2961; x_wconf 67' lang='grc'>2&gt;</span> <span class='ocrx_word' id='word_1_403' title='bbox 315 2921 386 2952; x_wconf 73' lang='lat' dir='ltr'>Rsa.</span> <span class='ocrx_word' id='word_1_404' title='bbox 411 2921 439 2952; x_wconf 93' lang='lat'>1.</span> <span class='ocrx_word' id='word_1_405' title='bbox 463 2920 513 2953; x_wconf 79' lang='lat'>30.</span> <span class='ocrx_word' id='word_1_406' title='bbox 537 2919 585 2950; x_wconf 74' lang='lat'>66.</span> <span class='ocrx_word' id='word_1_407' title='bbox 632 2919 645 2948; x_wconf 90' lang='lat' dir='ltr'>l</span> <span class='ocrx_word' id='word_1_408' title='bbox 672 2919 748 2959; x_wconf 72' lang='lat' dir='ltr'>Reg.</span> <span class='ocrx_word' id='word_1_409' title='bbox 773 2919 821 2949; x_wconf 76' lang='lat'>15.</span> 
     </span>
    </p>
   </div>
   <div class='ocr_carea' id='block_1_4' title="bbox 292 2819 390 2822">
    <p class='ocr_par' dir='ltr' id='par_1_4' title="bbox 292 2819 390 2822">
     <span class='ocr_line' id='line_1_43' title="bbox 292 2819 390 2822; baseline 0 0"><span class='ocrx_word' id='word_1_410' title='bbox 292 2819 390 2822; x_wconf 95' lang='lat' dir='ltr'> </span> 
     </span>
    </p>
   </div>
   <div class='ocr_carea' id='block_1_5' title="bbox 763 3065 780 3081">
    <p class='ocr_par' dir='ltr' id='par_1_5' title="bbox 763 3065 780 3081">
     <span class='ocr_line' id='line_1_44' title="bbox 763 3065 780 3081; baseline 0 0"><span class='ocrx_word' id='word_1_411' title='bbox 763 3065 780 3081; x_wconf 50' lang='lat' dir='ltr'>‘a</span> 
     </span>
    </p>
   </div>
  </div>
 </body>
</html>
