1830 3147
173 105 238 153 [A.
264 103 308 141 D.
331 103 446 149 1556]
906 102 976 141 730

171 213 254 250 victi
279 212 438 249 recedere
462 211 506 248 ab
530 211 590 248 illa
615 212 691 245 tuta
718 215 837 245 nostra
862 209 1075 245 conscientia
1100 210 1134 245 in
1158 209 1332 245 hominum
1359 209 1501 255 gratiam
1529 221 1597 245 non
1623 220 1702 256 pos-

171 274 292 311 simus.
340 273 514 309 Iterum
547 271 725 316 (interim)
767 271 876 306 Deum
902 282 976 306 esse
1000 270 1168 306 orandum
1196 275 1234 305 ut
1258 282 1337 306 nos
1365 270 1623 317 alliquando
1650 269 1704 306 si-

172 335 260 372 mul
296 346 452 372 omnes
480 333 600 375 (semel
625 332 811 379 aliquando
837 343 901 367 nos
934 333 1069 376 omnes)
1096 331 1186 367 idem
1211 332 1314 367 saciat
1338 335 1373 366 et
1398 332 1526 366 sentire
1550 334 1587 366 et
1610 330 1705 378 loqui

171 395 217 432 ad
251 395 395 443 gloriam
432 395 487 431 sui
522 393 670 430 nominis
705 396 741 429 et
777 392 954 428 Ecclesiae
987 404 1070 428 suae
1105 392 1393 439 pacificationem.
1444 391 1513 427 Hic
1539 391 1706 438 Princeps

174 455 370 504 respondit:
388 455 534 492 Utinam
550 455 584 490 id
598 455 680 490 fiat!
701 453 851 489 utinam!
869 452 945 500 Ego
961 465 1041 488 vero
1057 456 1281 500 posteaquam
1302 456 1375 494 tua,
1388 452 1539 499 inquam,
1553 451 1703 487 Celsitu-

173 518 231 554 dio
251 517 286 554 id
311 517 361 554 ita
386 519 496 564 optat,
522 520 616 552 certe
641 514 675 551 id
702 525 886 562 procurare
910 514 1013 549 etiam
1041 518 1101 549 tua
1125 513 1303 549 Celsitudo
1329 524 1515 560 eorumque
1540 516 1702 553 conatus,

172 579 232 627 qui
250 580 284 615 id
311 581 509 625 procurant,
531 577 695 614 adiuvare
716 575 871 616 deberet.
893 575 1022 623 alioqui
1041 586 1110 622 quo
1131 577 1232 621 pacto
1250 574 1286 610 id
1308 586 1387 609 vere
1411 578 1583 620 optemus,
1612 572 1703 621 quod

172 652 242 677 non
267 640 371 676 etiam
397 644 517 675 nostra
541 638 633 674 virili
666 648 942 685 promoveamus.
989 635 1185 683 Respondit
1209 635 1289 671 ille:
1327 635 1466 671 Faciam
1492 634 1650 676 libenter,
1675 635 1706 671 si

172 701 246 737 ullo
284 699 390 736 modo
426 700 567 747 possim,
592 699 652 735 sed
687 698 793 740 solus,
824 697 950 745 inquit,
978 696 1064 732 nihil
1089 696 1145 732 hie
1170 708 1320 743 possum,
1369 697 1489 743 Atque
1513 695 1569 732 hic
1593 695 1704 731 nostri

173 761 337 809 colloquii
356 761 433 797 fiins
456 760 532 803 suit,
557 771 691 808 egoque
718 758 856 795 demum
878 757 1013 794 veniam
1035 755 1184 793 abeundi
1197 755 1240 792 ab
1253 756 1313 793 illo
1328 757 1410 804 petii
1424 756 1523 804 eique
1537 756 1611 792 vale
1622 755 1706 792 dixi.

214 900 241 940 ¹)
265 899 418 930 Brentius
441 898 539 930 etiam
562 897 676 929 seriem
698 897 793 929 huius
817 896 970 938 colloquii
995 895 1134 928 edidisse
1157 894 1296 928 videtur.
1318 895 1369 928 Cf.
1392 894 1482 927 Calv.
1499 894 1538 927 ad
1555 895 1639 927 Bull.
1657 906 1708 938 ep.

169 955 225 987 ubi
248 965 286 986 ex
308 954 447 996 Martyri
470 953 655 985 testimonio
678 953 739 984 hoc
762 952 928 984 asseritur.
951 953 1085 990 HENRY,
1111 951 1210 983 Leben
1230 951 1438 983 Calv.111.1.
1453 963 1486 994 p.
1501 952 1574 984 433.
1597 952 1706 992 Smin,

171 1011 313 1052 Reform.
336 1010 480 1041 Heidelb.
502 1021 534 1052 p.
552 1010 622 1041 136.
646 1009 673 1049 9)
697 1009 825 1047 Tutus,
850 1020 943 1050 quem
960 1009 1102 1041 Meiners
1119 1008 1308 1050 divulgavit,
1325 1009 1377 1040 hic
1394 1009 1461 1041 illic
1477 1009 1516 1041 ab
1533 1020 1570 1041 eo
1586 1021 1707 1052 apogr„

170 1067 256 1108 quod
279 1067 347 1098 Sor.
370 1066 515 1108 Regiom.
539 1068 690 1103 asservat,
715 1065 887 1107 discrepat.
924 1065 996 1096 Hoc
1018 1065 1118 1107 igitur
1141 1067 1296 1106 sequutus
1319 1075 1400 1102 snm,
1423 1065 1542 1097 litteris
1565 1077 1583 1097 a
1606 1077 1639 1097 se
1662 1067 1708 1097 in-

169 1121 274 1154 vicem
296 1121 441 1164 paullum
464 1121 706 1163 diver-gentibus
724 1120 882 1160 indicans,
899 1131 980 1162 quae
1003 1120 1037 1152 in
1060 1131 1172 1162 apogr.
1196 1120 1353 1162 Regiom„
1376 1120 1468 1157 uncis
1484 1132 1559 1153 vero
1576 1121 1706 1164 cingens

171 1188 251 1219 quae
273 1177 306 1208 in
329 1180 420 1208 textu
442 1177 611 1208 Meinersii
633 1177 796 1218 leguntur.
819 1176 846 1216 ⁸)
872 1176 922 1209 Sc.
945 1176 1116 1208 Balthasar
1138 1187 1202 1208 von
1225 1176 1401 1218 Giitlingen
1423 1179 1455 1208 et
1471 1177 1562 1209 Hans
1577 1177 1707 1209 Ditrich

171 1243 234 1264 von
256 1232 468 1274 Plienungen.
491 1232 541 1264 Cf.
564 1233 646 1263 Acta
670 1232 717 1264 M.
740 1232 770 1263 S.
794 1232 888 1263 huius
910 1233 982 1264 coll.
1006 1231 1104 1264 Arch.
1129 1231 1269 1274 Reqiom.
1292 1232 1319 1264 1.
1341 1243 1371 1274 p.
1390 1232 1427 1265 ,1.
1449 1233 1476 1273 ⁴)
1503 1233 1703 1275 Responsum

171 1288 252 1320 illud
274 1289 392 1331 legitur
414 1288 447 1320 in
471 1288 563 1320 Actis
586 1288 681 1320 huius
705 1287 786 1321 Coll.
809 1287 845 1320 L.
869 1299 900 1330 p.
924 1286 954 1321 7.

172 1526 236 1563 N⁰.
262 1526 344 1562 120.
1334 1524 1382 1571 [Ex
1399 1528 1469 1563 Arch.
1488 1527 1561 1563 Elect.
1582 1527 1705 1574 naseam]

729 1645 785 1682 Ad
813 1645 1079 1681 HORSACKIUM
1107 1649 1150 1689 ¹).

217 1769 444 1806 Ornatissimc
477 1769 540 1810 vir,
580 1770 687 1804 frater
724 1767 1058 1805 observandissime!
1108 1769 1242 1817 Accepi
1279 1769 1434 1815 exempla
1462 1769 1638 1806 literarum
1665 1771 1707 1806 ad

173 1843 226 1866 me
261 1832 462 1866 transmissa
497 1830 632 1877 integra
657 1830 783 1870 omnia,
812 1843 880 1877 quo
906 1831 1044 1867 nomine
1070 1834 1151 1866 tuae
1177 1830 1387 1866 humanitati
1415 1843 1572 1878 maguam
1599 1831 1707 1867 habeo

173 1891 329 1938 gratiam.
379 1890 542 1926 Ceterum
581 1902 641 1925 oro
677 1891 875 1925 meminisse
911 1891 995 1926 velit
1028 1895 1089 1927 lua
1115 1891 1311 1926 humanitas
1336 1891 1509 1926 literarum
1538 1892 1709 1939 Principis

172 1952 312 1987 nomine
345 1950 388 1986 ad
424 1952 673 1997 Magistratum
709 1950 1033 1986 Fraucoforlcnsem
1068 1951 1326 1987 scribendarum
1352 1952 1387 1987 in
1412 1952 1565 1987 favorem
1591 1951 1712 1989 Eccle-

172 2013 298 2049 siarum
326 2012 593 2059 peregrinarum.
641 2011 723 2047 Non
747 2006 813 2046 e'rit
838 2015 953 2047 autem
980 2024 1065 2059 opus
1091 2015 1130 2048 ut
1156 2016 1234 2060 post
1260 2025 1313 2047 me
1338 2013 1532 2055 mittantur,
1558 2026 1636 2050 nam
1663 2013 1711 2049 ll-

172 2075 401 2111 lustrissimus
442 2073 606 2120 Princeps
644 2072 854 2108 Wilhelmus
879 2074 909 2118 ²)
934 2073 1101 2109 missurus
1126 2077 1181 2109 est
1204 2073 1349 2121 aliquem
1378 2072 1642 2110 Francosortum
1668 2074 1710 2109 ad

175 2149 315 2173 uxorein
342 2148 450 2171 meam
477 2148 555 2171 eum
583 2136 664 2171 meis
691 2135 797 2170 literis
823 2147 885 2182 pro
910 2136 1059 2182 imagine
1085 2126 1389 2182 Angliaepridem
1412 2135 1530 2183 Regis,
1541 2149 1626 2184 quas
1645 2149 1710 2184 ego

173 2198 290 2235 literas
328 2210 422 2233 nuuc
447 2203 588 2244 propter
613 2196 746 2232 itineris
781 2196 1064 2233 accelerationem
1092 2197 1230 2233 mittere
1255 2210 1324 2233 non
1351 2198 1457 2245 potui,
1482 2197 1543 2233 sed
1569 2210 1630 2245 per
1653 2198 1712 2234 de-

173 2259 335 2295 ductores
370 2258 529 2294 Erfordia
562 2258 721 2298 scribam.
757 2258 786 2294 si
823 2259 994 2294 Dominus
1020 2258 1126 2294 volet.
1174 2258 1303 2294 Eadem
1331 2259 1436 2305 igitur
1461 2271 1564 2306 opera
1591 2260 1710 2296 literae

174 2323 258 2356 tunc
292 2320 463 2366 Principis
489 2319 531 2354 ad
560 2320 803 2365 Magistratum
833 2319 1154 2355 Franeofortensem
1181 2319 1272 2355 mitti
1298 2323 1474 2366 poterunt,
1502 2320 1592 2367 quod
1617 2332 1709 2356 nunc
1760 2314 1762 2316 ’

173 2380 286 2417 obiter
318 2379 414 2416 volui
448 2379 599 2416 indicare
624 2379 829 2415 humanitati
856 2383 947 2421 tuae,
972 2392 1014 2415 ne
1039 2381 1167 2415 frustra
1193 2383 1270 2426 post
1296 2393 1346 2415 me
1372 2381 1489 2416 literae
1514 2381 1607 2426 ipsae
1633 2382 1710 2417 mit·

174 2444 306 2477 tantur.
356 2439 568 2475 Commendo
604 2450 655 2473 me
690 2442 769 2474 tuae
804 2438 1008 2474 humanitati
1042 2439 1227 2486 diligenter
1259 2442 1295 2474 et
1319 2452 1389 2480 oro,
1427 2445 1466 2475 ut
1491 2441 1640 2475 inclusas
1665 2440 1709 2476 ad

173 2500 368 2548 Principem
395 2500 511 2535 literas
538 2498 610 2534 eius
634 2497 841 2533 Celsitudini
869 2497 991 2534 reddat
1016 2510 1092 2535 eum
1119 2498 1423 2534 observantissima
1444 2498 1508 2534 mei
1538 2511 1709 2535 commcn-

175 2562 325 2598 datione.
375 2559 535 2608 Capellae
561 2559 682 2595 ultima
707 2559 868 2596 Octobris
896 2561 987 2595 1556

1088 2619 1259 2655 IOANNES
1283 2620 1303 2655 a
1331 2620 1467 2661 LAsco,
1495 2631 1538 2654 m.
1563 2630 1614 2665 pr.

219 2760 246 2800 ¹)
270 2759 522 2800 Christophorus
545 2758 755 2796 Horsackius,
780 2757 971 2790 secretarius
995 2757 1170 2798 Lantgravi
1193 2757 1348 2800 Philippi.
1382 2758 1409 2798 ⁹)
1438 2756 1539 2789 Filius
1563 2757 1714 2800 Lantgra-

175 2826 231 2849 vn.
