1830 3147
196 98 258 147 [A.
284 97 329 136 D.
356 99 465 148 1548]
939 102 1007 137 618

195 207 259 245 N⁰.
286 208 343 245 49.
961 212 1076 258 [Aulogr.
1097 215 1152 248 Cod.
1173 216 1229 250 nav.
1248 216 1271 249 4.
1291 215 1363 249 4034.
1383 217 1473 257 Apogr.¹
1490 217 1546 250 eod.
1567 217 1635 250 Goth.
1655 216 1734 251 Charl.

1039 273 1066 308 B.
1089 275 1128 308 115.
1153 275 1238 316 Corpus
1264 275 1365 309 Reform.
1389 275 1444 317 Epp.
1470 275 1521 310 nel.
1547 276 1592 310 VH.
1616 285 1640 317 p.
1665 273 1726 320 99.]

741 365 799 401 Ad
826 365 1182 402 MELANCHTHONEM.

239 458 356 495 Hodie
393 471 533 495 rursum
571 459 688 507 accepi
724 459 844 495 literas
878 471 898 495 a
924 459 1170 496 Cantuariensi
1198 461 1238 508 ¹),
1264 460 1319 496 vir
1352 460 1571 497 doctissime!
1598 460 1728 508 quibus

192 521 307 557 denuo
341 533 362 556 a
394 533 449 557 me
481 521 584 569 petit,
616 523 659 557 ut
684 523 802 557 tecum
817 511 926 568 'agam
951 520 1064 558 adhuc
1089 521 1132 557 de
1156 521 1375 558 instituenda
1400 521 1486 558 illuc
1510 521 1730 569 profectione

191 583 264 625 tua,
289 594 328 618 ac
352 581 513 618 miseram
539 594 603 629 ego
629 581 773 629 quidem
797 581 895 618 illius
921 582 1039 619 eadem
1064 582 1107 619 de
1132 595 1169 619 re
1194 583 1237 620 ad
1262 586 1299 620 te
1323 583 1444 620 literas
1469 583 1507 620 in
1533 596 1656 620 manus
1683 584 1728 622 D.

189 641 318 690 Aepini
345 645 385 687 Ξ),
418 644 461 679 ut
493 643 523 679 is
555 655 661 691 porro
697 655 754 679 eas
780 642 823 679 ad
848 646 885 679 te
911 643 1182 680 transmitteret.
1232 644 1357 681 Mense
1381 646 1500 681 autem
1525 644 1641 692 Aprili
1666 647 1730 682 aut

189 701 285 738 Maio
319 702 518 739 addideram
551 705 587 739 et
620 715 724 746 meas,
757 701 887 749 quibus
920 703 949 738 si
991 703 1083 740 sorte
1108 705 1271 751 sumptus
1297 717 1367 740 non
1393 707 1608 752 suppeteret,
1634 704 1728 741 hunc

188 776 243 800 me
279 763 346 800 tibi
380 769 587 801 curaturum
612 776 687 800 esse
712 763 915 808 scribebam,
941 764 1001 801 sed
1027 765 1144 801 nescio
1170 777 1214 800 an
1239 764 1282 801 ad
1307 767 1344 801 te
1368 765 1604 812 pervenerint.
1654 765 1726 802 Ro-

186 825 309 872 gabam
341 829 463 873 postea
489 826 533 862 D.
559 825 746 862 Albertum
772 831 936 862 nostrum
963 827 1005 873 ³),
1039 829 1080 862 ut
1111 826 1152 870 is,
1185 826 1215 863 si
1240 825 1381 874 quando
1407 827 1457 862 ita
1482 826 1655 864 incideret
1680 829 1724 863 ut

186 887 231 923 ad
255 889 292 924 te
316 887 496 932 scriberet,
521 900 728 935 responsum
753 887 814 923 abs
839 890 877 924 te
901 887 1003 924 nobis
1028 887 1244 935 impetraret.
1287 887 1439 924 Interim
1466 890 1585 924 tamen
1611 900 1727 936 neque

185 960 247 996 per
272 949 460 996 Aepinum,
486 961 600 996 neque
624 960 686 997 per
711 948 899 985 Albertum
925 948 986 984 abs
1013 952 1048 985 te
1074 949 1262 996 quicquam
1287 949 1496 996 accepimus,
1522 949 1619 997 quod
1645 949 1724 997 qui-

184 1009 263 1045 dem
296 1013 440 1057 propter
473 1009 596 1046 turbas
629 1012 765 1046 vestras
792 1010 926 1046 factum
951 1022 1026 1046 esse
1053 1010 1154 1046 facile
1179 1010 1280 1046 nobis
1305 1009 1566 1058 persuademus.
1614 1010 1723 1046 Nunc

184 1083 300 1119 porro,
334 1083 414 1108 cum
447 1072 512 1108 hoc
544 1071 660 1108 denuo
694 1084 715 1108 a
748 1071 850 1108 nobis
877 1072 990 1108 bonus
1015 1072 1070 1108 hic
1096 1072 1291 1120 Episcopus
1317 1071 1489 1119 postulet,
1514 1077 1557 1108 ut
1582 1084 1723 1108 rursum

183 1135 221 1168 te
244 1131 341 1168 illius
366 1132 482 1169 verbis
507 1132 720 1181 suscipiendi
744 1133 884 1170 itineris
909 1132 994 1170 illuc
1020 1132 1235 1177 admoneam,
1263 1133 1375 1170 facere
1401 1146 1472 1169 non
1496 1133 1611 1181 potui,
1636 1133 1723 1180 quin

183 1193 236 1231 illi
269 1194 332 1231 hac
365 1194 402 1231 in
426 1197 527 1242 parte
552 1194 775 1242 obsequerer,
810 1207 850 1231 ac
874 1194 918 1230 ad
943 1197 980 1231 te
1004 1207 1146 1230 rursum
1179 1193 1366 1231 scriberem
1400 1196 1448 1238 et,
1473 1199 1515 1230 ut
1540 1193 1582 1231 de
1606 1194 1723 1231 animo

182 1254 291 1302 ipsius
325 1255 398 1303 ipse
431 1256 560 1292 certior
592 1256 665 1299 fias,
692 1255 797 1293 verba
822 1256 931 1300 illius,
958 1268 1049 1304 quae
1073 1256 1117 1292 ad
1141 1268 1197 1292 me
1222 1255 1375 1304 scripsit,
1401 1255 1536 1293 addam.
1588 1256 1722 1304 ,Cupi-

184 1316 326 1361 ,smusss'
362 1317 482 1365 inquit
514 1319 558 1365 ⁴),
593 1340 610 1358 u
623 1318 753 1354 nostris
786 1318 954 1355 Ecclesiis
980 1330 1098 1354 veram
1123 1317 1165 1354 de
1191 1317 1268 1354 Deo
1294 1317 1489 1354 doctrinam
1514 1330 1723 1367 proponere,

183 1392 276 1420 ,nec
319 1379 484 1416 volumus
520 1379 722 1416 Cothurnos
759 1380 881 1424 facere,
914 1383 977 1415 aut
1008 1378 1299 1426 ambiguitatibus
1330 1378 1463 1422 ludere,
1495 1379 1556 1416 sed
1588 1381 1723 1416 semota

183 1441 308 1482 uomni
349 1440 536 1488 prudentia
577 1440 690 1476 carnis
732 1453 850 1476 veram
891 1440 1110 1488 perspicuam
1147 1452 1323 1476 sacrarum
1356 1440 1538 1476 literarum
1580 1453 1722 1477 normae

183 1503 479 1544 ,convenientem
521 1501 700 1538 doctrinae
742 1502 887 1538 formam
920 1501 963 1538 ad
998 1504 1158 1548 posteros
1193 1500 1446 1545 transmittere,
1482 1505 1525 1537 ut
1559 1504 1595 1537 et
1627 1501 1720 1549 apud

183 1587 200 1606 u
212 1576 332 1601 omnes
358 1566 482 1611 gentes
508 1566 606 1599 extet
630 1562 771 1600 illustre
789 1562 1034 1599 testimonium
1051 1562 1232 1599 doctrinae
1249 1568 1401 1606 nostrae,
1418 1562 1519 1609 gravi
1537 1561 1721 1599 doctorum

182 1629 248 1666 aet
281 1626 420 1674 piorum
453 1625 667 1662 auctoritate
702 1624 886 1669 traditum,
922 1628 958 1661 et
991 1624 1157 1661 universa
1187 1624 1377 1672 posteritas
1410 1637 1568 1661 normam
1593 1624 1719 1661 habeat

182 1711 198 1729 a
210 1701 316 1735 quam
341 1690 522 1735 sequatur.
563 1687 620 1723 Ad
644 1686 888 1735 perficiendam
913 1699 986 1722 rem
1012 1689 1148 1722 tantam
1174 1686 1393 1722 eruditorum
1418 1686 1597 1722 hominum
1623 1699 1719 1734 prae-

181 1748 323 1790 asentia
347 1748 448 1785 nobis
474 1761 562 1796 opus
589 1760 664 1784 esse
688 1747 933 1791 iudicavimus,
960 1747 1022 1795 qui
1048 1747 1187 1784 collatis
1213 1747 1395 1784 nobiscum
1420 1747 1559 1785 iudiciis
1587 1748 1717 1785 doctri-

180 1824 274 1852 nnae
306 1811 565 1848 controversias
591 1810 720 1846 tollant
753 1812 790 1846 et
815 1809 993 1856 integrum
1027 1820 1154 1856 corpus
1188 1822 1288 1846 verae
1313 1809 1494 1846 doctrinae
1520 1812 1718 1848 exstruant.

183 1873 471 1914 ,Accersivimus
506 1872 617 1919 igitur
652 1871 839 1919 plerosque
863 1871 940 1918 pios
966 1874 1002 1908 et
1027 1870 1152 1908 doctos
1178 1871 1273 1907 viros
1299 1873 1342 1918 ⁵),
1368 1883 1521 1918 quorum
1546 1871 1633 1908 alios
1658 1871 1716 1908 ha-

183 1935 334 1976 ubemus
367 1934 448 1978 iam,
480 1934 568 1970 alios
602 1946 685 1970 vero
719 1933 816 1970 brevi
850 1936 1088 1982 expectamus.
1138 1933 1205 1969 Sed
1231 1932 1274 1970 de
1298 1932 1463 1981 Philippo
1489 1932 1719 1970 Melanthone

184 1995 301 2037 ..nihil
326 1995 440 2033 adhuc
464 1996 552 2033 certi
577 1994 753 2039 habemus,
780 2007 890 2042 quare
915 2000 952 2031 te
977 2007 1196 2042 summopere
1221 2007 1396 2042 rogamus,
1423 1998 1464 2030 ut
1489 1993 1602 2038 illum,
1629 1994 1658 2031 si
1683 1994 1718 2031 id

183 2081 199 2098 a
211 2057 285 2094 ullo
317 2057 420 2094 modo
454 2057 567 2094 facere
600 2057 724 2105 possis,
749 2056 793 2093 ad
817 2057 886 2094 iter
911 2056 955 2093 ad
980 2069 1044 2093 nos
1069 2056 1330 2104 suscipiendum
1356 2055 1512 2093 inducas.
1561 2055 1717 2092 Tertiam

182 2132 305 2161 ,nunc
346 2119 530 2167 epistolam
571 2119 614 2155 ad
647 2119 748 2155 illum
780 2119 860 2155 misi
886 2121 929 2167 6),
963 2131 1033 2166 qua
1064 2118 1165 2154 illum
1191 2118 1324 2162 hortor,
1359 2121 1402 2154 ut
1426 2117 1470 2154 ad
1495 2129 1560 2154 nos
1586 2117 1724 2161 veniat,

181 2180 340 2228 ,squibus
373 2179 532 2229 epistolis
567 2180 597 2216 si
628 2182 711 2216 tuae
743 2179 1007 2216 adhortationes
1038 2179 1259 2224 accesserint,
1285 2191 1355 2215 non
1381 2178 1509 2222 diffido,
1535 2191 1613 2214 eum
1639 2190 1717 2226 per-

181 2240 350 2282 ,suaderi
373 2253 488 2288 posse,
514 2243 555 2276 ut
581 2239 689 2277 toties
715 2239 867 2276 oblatam
893 2241 922 2287 ⁷)
950 2239 1171 2276 vocationem
1196 2242 1377 2286 sequatur.
1402 2239 1541 2283 Nullas,
1568 2242 1609 2275 ut
1626 2239 1716 2276 arbi-

181 2305 299 2348 1tror,
324 2302 467 2339 insidias
494 2301 646 2339 hostium
672 2301 839 2349 nullaque
864 2301 1032 2338 itinerum
1058 2301 1213 2349 pericula
1237 2301 1473 2350 pertimescet,
1492 2314 1582 2349 quae
1599 2301 1718 2348 siqua

181 2367 306 2408 ,sunt,
348 2364 483 2400 minora
523 2371 641 2400 tamen
673 2366 759 2400 sunt
793 2363 848 2408 iis,
881 2363 918 2399 in
952 2363 1081 2411 quibus
1107 2375 1201 2400 nunc
1226 2366 1293 2399 est.
1341 2362 1442 2399 Adde
1475 2362 1571 2410 quod
1596 2362 1715 2409 exigui

181 2449 197 2467 u
211 2426 378 2473 temporis
404 2425 575 2462 molestiis
601 2425 796 2461 multorum
821 2437 993 2462 annorum
1019 2424 1176 2472 quietem
1202 2424 1279 2468 sibi,
1305 2423 1518 2471 reipublicae
1543 2436 1626 2460 vero
1645 2424 1715 2459 uti-

181 2487 345 2528 fflitatem
376 2487 511 2523 adferet
536 2489 725 2523 aeternam.
775 2486 878 2532 Quod
904 2485 934 2522 si
959 2486 990 2522 ei
1015 2485 1080 2522 hoc
1105 2485 1149 2521 ad
1174 2497 1237 2521 nos
1262 2485 1331 2521 iter
1356 2486 1385 2532 ⁸)
1412 2488 1475 2520 aut
1502 2484 1629 2520 inutile
1653 2486 1717 2520 aut

181 2547 443 2588 ,iniucundum
477 2547 551 2583 fore
583 2547 826 2595 perspicerem,
860 2559 961 2583 nemo
994 2559 1050 2583 me
1083 2549 1177 2582 certe
1209 2545 1260 2581 illi
1293 2545 1348 2581 hic
1379 2545 1619 2582 vehementius
1645 2544 1713 2580 dis·

181 2611 383 2654 ‚suaderet,
418 2610 478 2647 sed
503 2613 533 2658 9)
560 2623 639 2646 cum
665 2609 812 2654 videam,
847 2609 935 2646 nihil
959 2609 1001 2645 ab
1035 2621 1076 2645 eo
1110 2612 1173 2644 aut
1199 2608 1265 2656 ipsi
1290 2610 1353 2644 aut
1379 2606 1589 2655 reipublicae
1613 2618 1714 2653 posse

181 2670 284 2712 ‚fieri
318 2671 456 2715 utilius,
498 2683 604 2718 quam
638 2673 681 2707 ut
714 2670 778 2707 hoe
811 2673 968 2717 tempore
1002 2669 1046 2705 ad
1079 2681 1144 2705 nos
1178 2668 1308 2712 veniat,
1341 2668 1435 2704 insto
1462 2665 1714 2710 vehementius,

181 2755 198 2773 μ
211 2735 318 2780 teque
344 2745 404 2768 oro
425 2733 482 2780 ¹⁰),
510 2737 550 2768 ut
569 2745 705 2768 omnem
723 2744 840 2768 curam
859 2730 1182 2778 cogitationemque
1201 2736 1299 2765 tuam
1316 2729 1352 2765 in
1370 2729 1434 2764 hoc
1456 2729 1498 2774 Η)
1517 2730 1702 2764 convertas

181 2798 254 2836 ,ut
279 2793 481 2841 Philippum
508 2797 669 2829 nostrum
695 2792 797 2841 plane
821 2800 983 2828 nostrum
1010 2790 1128 2827 facias.
1161 2790 1283 2836 Qualis
1310 2788 1420 2837 ipsius
1442 2790 1483 2834 12)
1511 2787 1566 2824 hic
1593 2788 1715 2824 futura

180 2854 259 2897 ‚sit
291 2853 447 2892 conditio
482 2853 550 2889 iam
584 2853 743 2890 ostendi:
786 2853 837 2889 ita
861 2857 979 2888 tamen
1005 2851 1154 2895 ostendi,
1180 2854 1223 2887 ut
1254 2848 1469 2898 experientia
1493 2847 1568 2897 ipsa
1593 2848 1712 2896 potius

179 2940 194 2957 n
209 2929 313 2965 quam
340 2928 414 2953 mea
439 2914 697 2964 praedicatione
721 2913 885 2961 Angliam
911 2915 1067 2950 nostram
1093 2912 1124 2949 ei
1150 2912 1284 2960 placere
1309 2909 1482 2958 cupiam3?
