1830 3147
71 220 164 251 R1m.
190 219 239 250 13.

70 591 157 622 Esai.
181 592 230 622 56.

69 634 189 665 Jerem.
213 635 242 667 6.

73 783 87 814 l
113 782 195 814 Tim.
219 784 248 815 2.

357 87 430 123 330
857 92 967 120 coNF.
1002 94 1109 121 Ecca.
1141 93 1255 122 tom),

407 201 442 236 2.
496 197 551 235 Ut
586 196 779 234 doctrinae
815 210 859 234 ac
884 196 977 245 legis
1006 196 1166 234 Divinae
1193 195 1490 234 inobedientiam
1517 195 1764 246 impietatem-

355 275 427 312 que
451 261 644 313 publicam
667 261 773 299 iuxta
802 261 1063 299 concreditum
1090 261 1164 298 sibi
1190 261 1307 310 gladii
1335 273 1443 298 usum
1470 259 1642 311 puniant.

406 330 442 365 3.
495 326 552 364 Ut
591 326 733 364 Christi
759 326 916 364 Domini
942 325 1202 364 institutiones
1229 325 1270 363 in
1296 329 1376 364 tota
1404 324 1575 362 Ecclesia
1602 337 1693 375 pure
1718 325 1764 361 fi-

357 390 487 428 deliter
513 403 557 428 ac
583 395 795 428 reverenter
823 389 1014 427 observari
1043 394 1188 433 curent,
1213 403 1351 441 eosque
1379 389 1549 440 puniant,
1577 389 1641 439 qui
1668 389 1764 435 illas,

356 459 421 494 aut
447 459 586 494 temere
613 455 822 505 negligunt,
850 459 914 492 aut
942 454 1168 500 adulterant,
1194 458 1259 492 aut
1286 454 1437 491 abolere
1465 457 1662 491 conantur.

407 587 444 622 4.
497 584 554 622 Ut
591 597 698 622 suum
739 583 873 634 cuique
908 583 990 621 iure
1025 582 1176 634 publico
1204 582 1377 628 reddant,
1404 582 1668 633 publicamque
1696 581 1765 618 ho-

356 652 538 686 nestatem
565 648 605 685 in
634 647 803 685 Ecclesia
832 651 1010 685 tueantur
1038 652 1072 684 et
1100 647 1202 684 alant
1231 647 1276 684 ad
1306 645 1620 684 aedificationem.

407 780 443 815 5.
497 776 551 814 Ut
585 776 777 827 publicam
814 775 1006 814 Ecclesiae
1038 775 1367 827 tranquillitatem,
1396 787 1480 812 cum
1506 774 1646 825 pietate
1674 786 1766 811 con-

356 841 536 884 iunctam,
562 845 740 880 tueantur
768 845 804 880 et
833 841 1060 879 custodiant.

407 906 662 944 Diaconorum
699 906 884 957 professio
920 906 991 943 erit
1027 906 1067 942 in
1103 904 1230 942 sedula
1269 903 1592 942 Eleemosinarum
1631 903 1766 940 collec-

355 970 458 1008 tione
486 976 521 1008 et
548 970 651 1009 fideli
678 972 881 1009 earundem
911 970 1203 1022 dispensatione.

409 1035 525 1074 Quod
560 1035 677 1084 igitur
714 1035 762 1073 ad
797 1035 944 1073 tertiam
983 1036 1081 1073 hanc
1109 1048 1216 1073 verae
1244 1035 1435 1073 Ecclesiae
1465 1040 1591 1073 notam
1621 1035 1768 1080 attinet,

358 1102 444 1148 (35)
472 1100 564 1138 haec
597 1100 746 1138 demum
775 1101 845 1138 erit
873 1114 957 1138 vera
988 1101 1057 1138 Dei
1086 1101 1268 1146 Ecclesia,
1296 1101 1333 1138 in
1364 1115 1437 1152 qua
1466 1114 1596 1138 omnes
1623 1105 1659 1138 et
1687 1100 1766 1138 sin-

358 1166 452 1215 guli,
488 1179 599 1203 usum
636 1165 796 1203 rationis
833 1165 1026 1208 habentes,
1053 1165 1163 1203 fidem
1193 1165 1296 1203 illam
1325 1166 1584 1216 Apostolicam
1613 1165 1767 1215 eiusque

359 1230 479 1280 capita
517 1243 582 1279 pro
622 1242 659 1267 se
696 1228 854 1280 quisque
883 1242 958 1272 ore,
999 1230 1293 1267 ceremoniarum
1320 1229 1594 1275 observatione,
1624 1242 1719 1279 quae
1746 1241 1768 1265 a

360 1293 510 1331 Christo
547 1298 634 1331 sunt
669 1293 877 1338 institutae,
914 1299 949 1331 et
987 1293 1181 1331 charitatis
1218 1293 1346 1331 officiis
1373 1307 1439 1344 pro
1469 1307 1535 1331 sua
1564 1293 1663 1330 virili
1689 1293 1766 1343 pri-

360 1358 475 1396 vatim
510 1359 746 1409 profitentur,
782 1358 822 1395 in
850 1371 923 1409 qua
949 1358 1038 1395 item
1065 1357 1208 1408 publici
1236 1371 1279 1394 ac
1307 1357 1478 1407 legitimi,
1507 1357 1623 1403 verbi,
1649 1357 1767 1406 gladii

359 1435 401 1460 ac
438 1435 650 1459 mensarum
685 1422 850 1460 ministri
878 1435 944 1460 suo
973 1428 1084 1465 recte,
1111 1427 1154 1459 ut
1181 1422 1323 1460 dictum
1351 1427 1420 1465 est,
1447 1423 1656 1471 fungantur
1683 1435 1766 1458 mu-

363 1501 462 1532 nere,
498 1492 534 1525 et
573 1487 677 1538 plebs
705 1487 898 1525 Ecclesiae
924 1487 1099 1525 universa
1126 1487 1276 1538 publica
1304 1492 1415 1538 atque
1441 1486 1611 1524 unanimi
1639 1491 1767 1523 conte·

359 1551 521 1589 statione
556 1552 754 1602 profitetur
791 1564 828 1588 se
855 1551 895 1588 in
924 1552 1100 1588 omnibus
1130 1551 1282 1588 obedire
1310 1551 1415 1602 velle
1433 1564 1477 1588 ex
1507 1550 1644 1596 animo,
1673 1562 1767 1601 quo-

358 1629 441 1654 rum
478 1616 536 1653 vel
571 1630 590 1653 a
629 1616 733 1653 verbi
769 1616 951 1653 ministris
989 1629 1033 1653 ex
1077 1616 1190 1653 verbo
1222 1615 1302 1659 Dei,
1330 1616 1390 1653 vel
1416 1629 1436 1652 a
1466 1615 1693 1665 Magistratu
1721 1614 1767 1651 ad

359 1680 593 1718 retinendum
639 1680 894 1731 tuendumque
941 1681 980 1717 in
1027 1680 1197 1718 Ecclesia
1242 1681 1416 1717 decorum
1455 1680 1625 1717 ordinem
1664 1685 1767 1717 tran·

359 1745 582 1796 quillitatem
617 1749 653 1783 ct
689 1745 989 1783 aedificationem
1026 1746 1155 1796 ipsius,
1194 1746 1250 1783 vel
1292 1759 1311 1782 a
1342 1745 1521 1782 Diae-onis
1551 1745 1594 1781 ad
1628 1758 1767 1795 paupe-

359 1823 442 1848 rum
471 1811 765 1848 sublevationem
795 1811 1030 1848 admonetur.

410 2004 490 2041 Iam
519 2008 573 2048 ut,
602 2004 748 2041 collatis
778 2005 816 2041 in
844 2018 962 2041 unum
991 2005 1090 2042 notis
1120 2004 1229 2041 simul
1259 2003 1435 2041 omnibus
1463 2016 1571 2041 verae
1600 2002 1770 2040 Catholi-

362 2082 424 2106 cae
459 2073 569 2120 atque
597 2069 839 2119 Apostolicae
867 2069 1009 2106 Christi
1035 2068 1238 2111 Ecclesiae,
1266 2069 1413 2119 plenam
1442 2068 1545 2105 illius
1574 2067 1769 2104 diffinitio·

360 2147 446 2171 nem
475 2138 695 2177 statuamus,

411 2197 578 2234 Ecclesia
624 2197 768 2235 Christi
812 2203 868 2235 est
914 2201 1040 2234 coetus
1087 2210 1213 2234 eorum
1252 2197 1447 2234 hominum
1485 2209 1566 2233 cum
1604 2196 1770 2245 ipsorum

361 2262 513 2307 semine,
549 2261 615 2312 qui
642 2275 661 2298 a
689 2261 810 2312 primo
839 2265 991 2311 parente
1021 2265 1150 2298 nostro
1179 2260 1262 2297 Ada
1289 2274 1409 2310 usque
1436 2260 1483 2297 ad
1512 2259 1651 2297 saeculi
1680 2272 1770 2295 con-

361 2324 647 2362 summationem
692 2337 782 2362 voce
820 2324 902 2368 Dei,
939 2338 1003 2375 per
1040 2324 1220 2373 Angelos,
1257 2324 1465 2374 Prophetas
1503 2328 1538 2360 et
1577 2312 1768 2359 Christum

360 2389 514 2440 eiusque
549 2389 755 2439 Apostolos
793 2388 927 2433 delata,
963 2402 982 2426 e
1020 2388 1163 2438 reliqua
1193 2388 1384 2425 hominum
1414 2392 1494 2425 toto
1522 2387 1613 2424 orbe
1640 2386 1769 2423 multi-

360 2454 490 2491 tudine
526 2458 702 2491 evocatus
736 2458 848 2503 atque
884 2453 1110 2497 evocandus,
1147 2453 1264 2490 credit
1292 2458 1326 2490 et
1353 2454 1561 2503 profitetur,
1589 2451 1665 2488 sive
1692 2451 1770 2501 pri-

363 2518 473 2556 vatim
499 2518 577 2556 sive
602 2520 689 2566 (36)
716 2518 877 2568 publice,
905 2531 980 2563 ore,
1010 2518 1317 2559 ceremoniarum,
1344 2530 1439 2567 quae
1467 2521 1596 2553 sunta
1619 2515 1769 2552 Christo

360 2582 568 2626 institutae,
605 2583 865 2619 observatione
903 2587 1012 2632 atque
1050 2582 1254 2619 officiorum
1282 2580 1545 2632 praestatione,
1573 2584 1614 2616 ut
1643 2580 1769 2617 cuius-

363 2659 433 2696 que
470 2646 618 2683 vocatio
664 2646 833 2697 requirit,
878 2646 1049 2694 Virginis
1084 2646 1190 2682 illum
1230 2645 1372 2682 Mariae
1408 2644 1527 2681 filium
1564 2657 1643 2680 esse
1687 2657 1769 2681 vere

362 2709 501 2754 Iesum,
546 2710 618 2747 hoc
662 2716 730 2754 est,
777 2710 965 2747 hominem
1008 2722 1052 2746 ex
1092 2710 1252 2755 homine,
1291 2721 1422 2758 nempe
1458 2711 1578 2745 matre
1615 2708 1770 2757 virg-ine,

363 2773 525 2824 Spiritus
563 2775 601 2812 S.
639 2775 787 2825 opificio
826 2779 1047 2825 conceptum
1084 2779 1121 2811 et
1156 2778 1298 2819 natum,
1330 2777 1377 2810 -ut
1413 2773 1529 2810 frater
1565 2777 1692 2810 noster
1727 2773 1766 2810 in

365 2851 476 2875 carne
519 2843 647 2875 nostra
677 2852 758 2876 esse
784 2844 896 2889 atque
921 2839 972 2877 ita
1003 2839 1149 2876 demum
1179 2838 1292 2875 etiam
1317 2837 1402 2873 loco
1430 2841 1561 2874 nostro
1589 2850 1657 2887 pro
1684 2849 1770 2888 pec·

366 2902 458 2942 catis
495 2902 633 2940 nostris
671 2903 764 2942 mori
799 2907 937 2955 posset.
982 2908 1017 2941 et
1052 2916 1132 2941 esse
1168 2905 1357 2955 praeterea
1395 2901 1505 2940 etiam
1540 2902 1579 2939 in
1617 2915 1658 2940 ca
1695 2902 1768 2940 iam
