1830 3147
1494 160 1564 196 131

33 279 103 320 cet,
126 297 178 304 —
200 274 261 313 sed
290 273 390 325 quod
416 273 492 311 iam
511 272 559 311 sit
585 272 625 310 in
654 273 990 324 supercoelestibus
1017 272 1064 310 ad
1092 272 1260 310 dextram
1288 271 1408 309 Patris
1437 270 1493 309 sui
1520 270 1561 308 in

29 343 180 378 aeterna
220 339 341 390 gloria
392 338 611 377 collocatus.
665 337 780 377 Unde
821 337 933 376 etiam
977 350 1081 376 nunc
1117 337 1255 375 Divina
1291 349 1359 374 sua
1393 336 1561 388 potentia

30 416 135 441 suam
165 402 372 441 Ecclesiam
401 401 448 440 ad
486 401 623 440 saeculi
658 415 777 454 usque
812 401 1174 440 consummationem
1201 401 1297 452 regit
1315 414 1360 439 ac
1377 400 1560 439 defendit.

31 466 82 505 Et
115 471 195 506 tum
233 467 380 505 demum
414 466 455 504 in
490 466 612 516 gloria
647 479 691 504 ac
731 466 929 505 Maiestate
961 479 1028 504 sua
1066 465 1190 504 veniet
1225 465 1274 504 ad
1314 465 1560 504 iudicandum

29 530 136 570 vivos
162 536 199 570 et
224 534 393 569 mortuos
423 529 467 578 ¹).

82 599 143 636 20.
171 596 332 634 Interro.
387 595 492 634 Quid
519 599 586 641 est,
613 595 715 647 quod
744 595 855 634 dicis:
889 594 1037 634 nCredo
1064 594 1105 633 in
1134 595 1315 646 Spiritum
1334 598 1505 633 sanctum
1517 594 1562 632 ?”

83 659 246 711 Respon.
301 659 629 698 Quemadmodum
666 659 745 698 Deo
773 660 876 698 Patri
903 664 940 698 et
974 659 1173 709 unigenito
1199 660 1279 697 eius
1305 659 1384 697 filio
1413 659 1562 698 Christo

32 725 119 764 Iesu
155 725 317 772 confido,
351 726 405 764 ita
442 739 561 764 meam
589 739 737 765 omnem
765 726 941 765 fiduciam
969 725 1079 765 simul
1106 725 1217 764 etiam
1247 726 1390 763 colloco
1416 726 1456 764 in
1483 725 1565 764 Deo

32 789 173 841 Spiritu
209 795 352 835 sancto,
383 790 494 829 tertia
530 791 568 828 in
606 790 755 829 Divinis
789 803 969 842 persona,
1009 791 1089 828 sine
1126 790 1231 828 cuius
1267 791 1393 828 afflatu
1421 790 1561 828 Divino

31 867 142 893 nemo
171 869 287 907 purus
316 861 541 907 sanctusque
568 869 646 895 esse
673 869 716 894 ac
743 870 791 895 ne
818 857 933 895 ullam
960 855 1112 908 quidem
1139 870 1266 894 veram
1294 870 1338 894 ac
1365 857 1565 895 salutarem

31 918 103 958 Dei
139 920 393 970 cognitionem
430 921 566 960 habere
603 922 763 960 ullamve
797 921 887 960 item
926 921 1014 960 inde
1043 922 1341 960 consolationem
1370 923 1565 974 concipere

31 984 186 1023 omnino
214 989 338 1036 potest
363 987 409 1034 ²).

82 1052 142 1088 21.
172 1049 334 1089 Interro.
388 1049 517 1088 Credis
544 1050 661 1100 igitur
688 1053 724 1089 et
750 1050 912 1095 Patrem,
939 1054 976 1089 et
1002 1050 1153 1098 Filium,
1181 1054 1218 1090 et
1247 1051 1429 1104 Spiritum
1457 1064 1565 1090 sanc·

29 1118 111 1154 tum
137 1127 218 1153 esse
243 1129 360 1153 unum
388 1113 664 1164 vi-(175b)vum
693 1119 806 1167 atque
832 1122 1024 1154 aeternum
1052 1116 1201 1155 Deum}>

84 1179 249 1231 Respon.
293 1179 412 1218 Credo
441 1180 606 1227 omnino,
633 1180 686 1218 ita
713 1184 853 1227 tamen,
880 1185 923 1218 ut
949 1181 989 1219 in
1017 1194 1092 1219 una
1120 1185 1233 1233 atque
1262 1181 1390 1219 eadem
1420 1181 1570 1220 Divini—

31 1243 120 1282 tatis
158 1243 301 1282 henade
337 1244 556 1282 distinctum
603 1258 756 1295 prorsus
793 1245 907 1283 trium
944 1259 1191 1297 personarum
1228 1245 1430 1284 discrimen
1457 1246 1568 1284 etiam

32 1320 247 1358 agnoscam,
273 1308 378 1347 iuxta.
405 1308 506 1360 quod
529 1308 702 1347 videlicet
728 1309 768 1348 in
799 1322 934 1348 nomen
963 1313 1000 1349 et
1028 1310 1151 1349 Patris
1178 1314 1215 1349 et
1249 1310 1339 1349 Filii
1377 1314 1416 1349 et
1451 1310 1571 1362 Spiri-

33 1375 94 1410 tus
121 1372 243 1410 sancti
270 1373 504 1425 baptizamur
531 1374 576 1422 3).

87 1440 149 1477 22.
175 1438 338 1478 Interro.
392 1438 596 1477 Quomodo
613 1451 701 1477 vero
727 1438 768 1476 in
790 1452 865 1477 una
893 1438 1095 1491 eademque
1122 1439 1344 1479 Divinitatis
1371 1441 1572 1480 existentia

35 1502 186 1540 trinitas
212 1515 456 1554 personarum
483 1503 639 1553 agnosci
666 1504 817 1554 potest?

88 1567 250 1619 Respon.
306 1568 398 1605 Cum
436 1568 619 1619 scriptura
656 1569 840 1619 expressis
877 1569 1000 1606 verbis
1035 1572 1204 1615 testetur,
1235 1583 1352 1608 unum
1390 1570 1574 1609 duntaxat

36 1644 116 1670 esse
135 1631 267 1678 Deum,
285 1632 348 1684 qui
366 1632 462 1670 hanc
477 1633 638 1682 gloriam
665 1633 758 1670 nulli
787 1638 889 1671 extra
918 1647 955 1672 se
983 1634 1089 1671 alteri
1118 1634 1204 1671 dare
1232 1634 1319 1672 vclit
1339 1636 1383 1682 ⁴),
1411 1639 1446 1672 ct
1476 1635 1573 1672 hanc

35 1696 154 1747 ipsam
183 1697 294 1734 unius
322 1696 391 1734 Dei
417 1697 576 1745 gloriam
605 1696 730 1735 eadem
761 1698 945 1749 scriptura
974 1698 1086 1736 etiam
1123 1698 1266 1736 tribuat
1294 1698 1372 1736 Deo
1411 1704 1445 1737 et
1471 1700 1573 1738 Patri

38 1763 74 1797 et
101 1759 198 1797 Filio
226 1764 262 1798 et
290 1760 446 1811 Spiritui
475 1766 616 1807 sancto,
645 1774 727 1810 ego,
754 1761 908 1798 reducto
937 1761 977 1798 in
1006 1760 1258 1811 captivitatem
1287 1763 1389 1799 omni
1418 1763 1574 1801 rationis

37 1837 141 1863 meae
174 1824 328 1869 iudicio,
355 1825 460 1864 iuxta
487 1826 690 1876 scripturas
727 1829 828 1864 certo
856 1831 892 1864 et
918 1825 1132 1864 indubitato
1162 1826 1285 1872 credo,
1311 1827 1412 1877 quod
1441 1828 1488 1865 sit
1515 1841 1574 1866 re·

37 1902 124 1928 vera
149 1902 246 1927 unus
274 1878 458 1928 duntaxat
482 1889 587 1928 iuxta
616 1903 719 1929 suam
749 1889 914 1928 divinam
943 1890 1191 1937 existentiam,
1220 1898 1255 1929 et
1281 1892 1404 1929 trinus
1432 1892 1572 1930 nihilo-

38 1953 164 1992 minus
199 1954 305 1992 iuxta
341 1967 585 2005 personarum
623 1954 903 1994 distinctionem
941 1955 1056 2000 Deus,
1083 1969 1215 2007 nempe
1243 1960 1278 1994 et
1308 1956 1417 1994 Pater
1444 1962 1480 1995 et
1508 1957 1572 1995 Fi-

37 2019 110 2057 lius
138 2024 173 2057 et
201 2019 362 2070 Spiritus
391 2025 541 2058 sanctus
569 2022 614 2068 ⁵).
1529 2011 1532 2013 v

92 2087 152 2123 23.
181 2084 344 2124 Interro.
400 2085 504 2124 Quid
526 2085 645 2123 credis
665 2085 735 2124 sub
755 2085 831 2124 illis
860 2085 1005 2124 verbis:
1037 2103 1056 2120 a
1070 2087 1247 2125 Sanctam
1274 2088 1482 2127 Ecclesiam
1511 2101 1572 2126 ca·

39 2149 218 2187 tholicam
229 2149 273 2186 ?''

93 2213 258 2264 Respon.
312 2212 444 2259 Credo,
481 2213 620 2251 Filium
658 2213 728 2251 Dei
757 2214 949 2252 Christum
976 2214 1180 2253 Dominum
1210 2216 1385 2254 habuisse
1413 2217 1459 2254 ab
1488 2217 1569 2268 ipso

42 2279 174 2317 mundi
206 2278 314 2316 initio
359 2280 469 2327 (176)
504 2277 715 2329 habereque
751 2278 955 2317 etiamnum
992 2284 1028 2318 et
1069 2293 1186 2331 usque
1223 2280 1269 2318 ad
1307 2282 1445 2319 sacculi
1483 2295 1573 2320 cou-

42 2342 329 2381 summationem
366 2355 508 2393 semper
545 2341 765 2380 habiturum
799 2356 878 2381 esse
916 2356 1033 2382 unum
1071 2344 1256 2395 quendam
1296 2350 1442 2384 coetum
1478 2346 1570 2384 fide-

40 2407 145 2454 lium,
184 2406 223 2445 in
259 2420 326 2445 suo
363 2407 515 2444 nominc
550 2406 690 2457 ubique
725 2411 907 2446 terrarum
945 2408 1154 2454 collectum,
1191 2409 1296 2447 cuius
1333 2423 1390 2448 me
1426 2424 1575 2463 quoquc

43 2471 252 2510 membrum
279 2485 358 2510 csse
386 2483 550 2522 agnosco
579 2473 624 2520 ὃ).

94 2541 155 2576 24.
183 2533 345 2577 Interro.
401 2537 595 2576 Quidnam
629 2537 784 2576 interest
819 2538 918 2578 inter
956 2540 1054 2578 hunc
1090 2540 1203 2578 talem
1240 2545 1387 2580 coetum
1415 2546 1451 2582 et
1478 2543 1571 2583 alios

43 2614 173 2640 omnes
199 2602 393 2640 hominum
422 2602 461 2640 in
488 2602 596 2640 terris
625 2603 779 2640 coetus?

96 2666 259 2718 Respon.
315 2666 428 2705 Quod
468 2666 527 2703 hic
562 2665 648 2704 talis
686 2671 812 2706 coetus
841 2681 929 2719 prae
965 2668 1048 2706 aliis
1087 2669 1262 2708 omnibus
1299 2671 1400 2709 solus
1437 2671 1573 2711 habeat

43 2731 262 2782 promissam
291 2731 364 2770 sibi
393 2731 505 2769 verbo
534 2731 616 2778 Dei,
657 2731 758 2783 quod
784 2733 934 2772 mentiri
960 2746 1037 2772 non
1065 2738 1199 2785 potest,
1228 2736 1451 2775 Sanctorum
1469 2749 1573 2775 com-

91 2873 115 2912 ¹)
139 2872 256 2905 Matth.
279 2873 329 2911 28,
353 2873 403 2905 25.
447 2875 474 2913 ²)
500 2874 515 2905 1
541 2873 613 2905 Cor.
637 2874 665 2911 2,
690 2873 739 2906 12.
764 2875 852 2907 Ioan.
877 2875 925 2914 14,
951 2876 1000 2908 16.
1045 2876 1071 2915 ⁸)
1096 2876 1212 2909 Matth.
1236 2877 1264 2915 3,
1288 2877 1337 2909 23.
1361 2879 1461 2911 Marc.
1487 2879 1535 2912 16.

88 2928 115 2969 ⁴)
138 2927 233 2962 Deut.
255 2928 284 2961 6.
308 2929 406 2961 Mare.
432 2929 479 2962 12.
504 2930 574 2961 Esa.
600 2929 649 2962 18.
713 2931 740 2970 ⁵)
764 2931 881 2964 Matth.
905 2931 934 2964 3.
999 2933 1026 2972 ⁶)
1051 2931 1168 2965 Matth.
1192 2932 1241 2971 16,
1264 2933 1314 2965 28.
1338 2933 1427 2966 Ioan.
1452 2935 1499 2967 10.

1381 2988 1428 3029 9*
