1830 3147
1511 113 1581 149 219

102 231 136 266 2.
193 227 466 265 Commemorat
504 225 690 267 Minister,
729 224 873 275 quoties
912 223 956 261 de
992 229 1143 274 peccato
1173 237 1238 261 suo
1269 223 1580 274 fueritradmoni-

50 296 124 334 tus.
162 304 246 329 cum
282 290 468 342 privatim,
503 294 581 326 tum
610 289 770 339 publice,
800 301 876 326 non
904 292 1050 326 tantum
1079 288 1117 325 in
1150 288 1412 326 Ministrorum
1441 302 1484 326 ac
1514 291 1580 327 Se-

51 356 201 393 niorum
244 355 410 392 omnium
457 358 577 397 coetu,
613 353 676 389 sed
722 352 831 390 etiam
871 365 995 389 coram
1031 357 1109 389 tota
1146 352 1327 396 Ecclesia,
1363 359 1397 390 et
1434 353 1581 404 quoties

50 421 128 471 ipse
163 433 291 458 omnes
325 419 408 455 illas
445 416 720 454 admonitiones
757 420 868 466 atque
905 416 951 453 ad
986 421 1193 453 extremum
1229 417 1348 468 ipsam
1377 417 1488 455 etiam
1516 431 1581 455 ex·

52 483 424 522 communicationem
473 481 769 532 contempsisset,
814 486 924 531 atque
968 480 1028 517 hic
1073 481 1183 517 etiam
1230 481 1454 526 sciscitatur,
1491 495 1581 520 num

51 548 396 587 excommunicatus
433 546 496 584 ille
533 559 574 583 ea
612 546 738 583 omnia
776 558 860 582 vera
898 557 978 582 esse
1014 549 1208 594 agnoscat.
1263 546 1407 597 Illeque
1434 560 1581 585 rursum

51 613 272 665 respondet:
303 611 500 649 aEtiam''.

104 682 139 717 3.
195 676 352 716 Quaerit
390 675 563 713 Minister
600 675 646 712 ab
683 675 1008 713 excommunicato
1043 674 1123 718 illo,
1159 688 1204 712 an
1235 688 1309 713 non
1339 676 1376 714 in
1406 677 1582 715 omnibus

52 742 110 787 iis,
147 755 241 793 quae
278 745 566 778 commemorata
605 746 741 785 essent,
769 739 841 777 sibi
868 741 947 791 ipse
975 752 1099 777 coram
1128 740 1247 777 oculis
1289 739 1358 777 Dei
1386 740 1582 792 displiceat

52 812 316 858 peccatumque
344 819 454 843 suum
481 818 526 842 ex
554 805 680 842 animo
709 810 856 842 accuset
893 809 929 842 et
958 805 1104 855 culpam
1131 804 1245 848 illius,
1271 804 1454 855 imprimis
1482 806 1581 856 apud

53 871 187 915 Deum,
224 870 358 907 deinde
386 882 471 907 vero
501 868 599 920 apud
628 869 726 905 hanc
751 869 870 919 ipsius
900 868 1105 906 Ecclesiam
1134 874 1315 918 agnoscat
1345 870 1498 920 supplex
1528 875 1584 908 at-

53 948 125 985 que
151 933 262 972 etiam
290 933 518 984 deprecetur.
574 932 811 983 Respondet:
844 932 1040 971 aEtiam”.

103 1002 140 1037 4.
194 997 351 1036 Quaerit
398 997 584 1042 Minister,
629 1010 675 1034 an
720 1010 796 1034 non
841 997 880 1034 in
919 997 988 1034 hac
1024 998 1155 1048 culpae
1191 1010 1278 1035 suae
1313 998 1506 1046 agnitione
1542 1012 1586 1036 ac

55 1064 315 1115 deprecatione
341 1063 494 1113 publica
522 1066 660 1100 certam
691 1074 840 1112 quoque
869 1062 1167 1100 consolationem
1194 1063 1234 1100 in
1264 1063 1374 1100 corde
1403 1076 1469 1100 suo
1500 1077 1586 1101 sen-

52 1130 122 1168 tiat
157 1128 203 1166 de
237 1128 380 1180 peccati
416 1128 473 1165 sui
510 1128 730 1165 remissione
776 1132 928 1178 propter
966 1127 1157 1164 Christum
1193 1127 1298 1165 iuxta
1336 1128 1584 1178 Euangelicas

53 1191 468 1243 promissi-(393)ones‚
505 1204 637 1242 nempe
674 1191 772 1243 quod
803 1194 996 1241 peccatum
1026 1191 1142 1242 ipsius
1172 1193 1360 1242 expiatum
1390 1194 1438 1230 sit
1467 1199 1585 1231 morte

55 1255 196 1294 Christi
222 1259 258 1293 et
284 1256 403 1306 pretio
433 1255 625 1305 sanguinis
654 1255 783 1306 ipsius.
838 1255 1074 1306 Respondet:
1109 1256 1303 1295 uEtianffi

105 1323 141 1359 5.
195 1320 354 1358 Quaerit
381 1320 428 1357 ab
456 1319 520 1356 illo
550 1319 736 1363 Minister,
774 1332 821 1356 an
858 1332 936 1356 non
962 1319 1026 1357 ille
1054 1320 1218 1358 vicissim
1247 1320 1294 1358 ad
1324 1321 1583 1360 declarandam

54 1398 158 1423 suam
185 1398 273 1434 erga
302 1384 494 1422 Christum
522 1383 726 1421 Dominum
755 1383 1025 1433 gratitudinem
1068 1398 1134 1435 pro
1163 1390 1268 1422 tanto
1297 1385 1414 1436 ipsius
1445 1387 1585 1424 benefi-

55 1451 112 1488 cio
141 1450 264 1501 cupiat
291 1463 336 1488 ex
362 1453 442 1486 toto
473 1449 585 1486 corde
614 1461 679 1486 suo
710 1448 822 1486 vitain
851 1448 1026 1499 deinceps
1055 1461 1159 1486 suam
1194 1449 1393 1499 corrigere,
1428 1451 1586 1488 fiducia-

54 1529 127 1567 que
160 1516 237 1553 eius
272 1515 390 1566 ipsius
424 1514 656 1552 remissionis
682 1519 919 1565 peccatorum
949 1527 1100 1552 suorum
1138 1515 1178 1552 in
1216 1515 1520 1553 Ecclesiasticam
1549 1531 1586 1553 se

57 1593 204 1618 rursum
239 1579 454 1617 societatem
490 1579 604 1630 recipi
631 1583 745 1630 petat,
772 1592 816 1616 ac
845 1579 966 1616 denuo
996 1593 1074 1617 sese
1102 1579 1390 1618 Ecclesiasticae
1418 1580 1586 1632 discipli·

57 1659 125 1683 nae
152 1645 249 1683 ultro
277 1658 320 1682 ac
348 1651 479 1695 sponte
507 1644 783 1682 sua'subiicere
811 1644 912 1683 velit.
967 1645 1203 1695 Respondet:
1236 1645 1431 1684 “Etiam’k

107 1710 305 1748 Absolutis
352 1709 453 1747 hisce
497 1710 860 1758 interrogationibus
897 1715 1006 1759 rogat
1044 1710 1290 1748 Ecclesiaste-s
1327 1724 1371 1748 ex
1410 1716 1586 1761 suggesto

55 1775 218 1825 reliquos
263 1774 459 1812 Ministros
504 1787 547 1811 ac
583 1774 757 1812 Seniorcs
795 1787 933 1820 omnes,
971 1774 1293 1812 excommunicato
1331 1775 1387 1812 illi
1426 1776 1586 1813 circum-

55 1844 208 1884 stantes,
246 1851 335 1876 num
372 1838 460 1889 quid
497 1843 685 1889 praeterea
725 1838 764 1875 in
802 1852 841 1875 ea
879 1838 997 1889 ipsius
1034 1839 1265 1889 poenitentia
1295 1852 1337 1877 ac
1364 1841 1586 1878 reconcilia-

54 1904 156 1942 tione
192 1916 341 1954 quoquo
378 1903 490 1940 modo
529 1903 585 1941 vel
622 1903 694 1953 ipsi
724 1903 928 1953 requirant,
967 1904 1023 1940 vel
1059 1904 1106 1941 ab
1135 1903 1322 1954 aliquibus
1351 1904 1389 1942 in
1418 1904 1589 1943 Ecclesia

56 1967 195 2019 requiri
230 1968 362 2006 sciant.
419 1967 569 2005 Quodsi
604 1967 694 2018 quid
732 1969 780 2005 sit
817 1968 1014 2013 eiusmodi,
1066 1967 1165 2020 quod
1210 1968 1436 2019 peculiarem
1475 1970 1586 2007 satis-

55 2032 257 2071 factionem
292 2045 444 2083 poscere
481 2033 661 2079 videatur,
694 2037 865 2071 monetur
903 2034 1249 2072 excommunicatus
1287 2034 1350 2072 ille
1377 2047 1440 2085 per
1470 2034 1587 2072 Mini-

57 2101 188 2140 strum,
223 2100 265 2134 ut
299 2096 338 2133 id
374 2102 546 2147 praestet,
585 2097 686 2149 quod
722 2098 762 2135 in
789 2099 871 2148 ipso
903 2098 1040 2149 requiri
1067 2098 1190 2135 adhuc
1219 2098 1378 2137 videtur.
1434 2100 1473 2136 Si
1501 2113 1586 2137 vero

58 2160 154 2199 nihil
190 2161 344 2199 omnino
380 2161 420 2199 in
456 2162 537 2212 ipso
573 2163 774 2213 requiritur
803 2163 1001 2201 Senior-um
1029 2164 1183 2209 iudicio,
1210 2168 1289 2201 tum
1320 2163 1496 2202 Minister
1523 2178 1587 2203 ex-

59 2225 371 2263 communicatum
399 2225 506 2263 illum
533 2227 659 2276 paucis
689 2227 893 2277 alloquitur
920 2227 959 2264 in
988 2227 1088 2264 hunc
1114 2227 1287 2266 modum:
1317 2230 1440 2276 (394).

114 2307 132 2324 a
145 2289 305 2339 Agimus
341 2291 481 2339 gratias
518 2290 677 2328 Divinae
715 2291 873 2329 bonitati
903 2296 937 2330 et
966 2292 1242 2329 misericordiae
1270 2305 1336 2342 pro
1365 2298 1429 2330 tua
1455 2293 1587 2344 resipi-

60 2355 212 2400 scentia,
246 2367 318 2405 qua
356 2360 396 2391 tu
431 2368 507 2392 non
544 2360 620 2393 tam
657 2369 745 2394 sane
772 2357 944 2406 teipsum,
971 2369 1083 2406 quam
1111 2357 1285 2393 Satanam
1317 2357 1442 2407 potius
1469 2358 1588 2408 pudc-

59 2419 182 2458 fecisti
217 2423 252 2456 et
288 2417 426 2463 vicisti,
453 2419 523 2469 qui'
546 2433 633 2457 sane
660 2424 740 2458 tum
769 2421 917 2458 demum
947 2434 1028 2458 vere
1057 2420 1198 2472 pudefit
1226 2434 1268 2458 ac
1298 2422 1470 2468 vincitur,
1499 2424 1587 2461 dum

58 2498 214 2534 regnum
250 2484 393 2535 peccati
420 2485 460 2522 in
497 2485 606 2522 nobis
641 2486 880 2535 agnoscimus
909 2493 1151 2537 nostramque
1178 2486 1365 2524 miseriam
1395 2501 1478 2525 cum
1507 2490 1588 2540 opis

60 2549 219 2587 Divinae
245 2549 522 2599 imploratione,
550 2550 692 2587 Christi
730 2550 885 2588 Domini
913 2551 1047 2589 merito
1076 2564 1119 2588 ac
1147 2551 1462 2601 promissionibus
1491 2554 1591 2600 freti,

61 2614 318 2652 accusamus.''
1474 2654 1476 2657 ,

111 2678 244 2716 Postea
274 2679 383 2717 vertit
411 2693 449 2717 se
476 2679 522 2717 ad
552 2679 758 2717 Ecclesiam
789 2679 963 2719 Minister
999 2684 1032 2717 et
1060 2692 1141 2717 eam
1170 2680 1271 2717 hisce
1299 2681 1422 2718 verbis
1449 2682 1588 2719 adhor-

56 2746 155 2781 tatur
191 2743 237 2780 ad
272 2743 460 2794 publicam
497 2744 540 2782 de
584 2746 897 2783 excommunicati
932 2745 1032 2783 illius
1072 2744 1326 2795 resipiscentia
1364 2747 1589 2794 gratulatio-

62 2821 169 2847 nem:
