1830 3147
145 94 218 131 256

145 217 223 242 non
257 203 409 250 bonam,
444 204 516 242 hoc
552 207 621 250 est,
658 206 814 242 naturae
849 204 966 255 ipsius
993 205 1104 255 plane
1131 204 1459 244 inconvenientem
1487 218 1566 244 esse
1592 219 1680 258 pro-

146 270 346 317 nunciarit,
384 282 427 308 eo
464 269 565 320 quod
601 269 740 308 Divino
769 283 837 308 suo
865 269 922 307 illi
952 270 1111 308 consilio
1139 269 1184 308 dc
1211 270 1498 322 multiplicando
1524 285 1589 323 per
1614 285 1679 322 ge-

144 332 377 371 nerationem
420 332 586 370 humano
628 346 763 383 genere
808 346 885 371 non
931 333 1185 385 responderet,
1229 335 1360 373 eodem
1407 349 1499 374 sane,
1530 335 1678 375 decreto

144 410 254 435 omne
291 396 506 436 solitudinis
542 411 662 447 genus
698 397 849 435 homine
883 397 965 449 ipso
1000 397 1201 447 indignum
1237 412 1315 437 csse
1342 399 1415 448 (in'
1435 399 1500 437 illa
1526 399 1680 451 potissi-

144 474 246 498 mum
286 465 443 500 naturae
482 475 568 500 suae
604 462 840 512 integritate)
877 462 1069 502 iudicavit.
1124 463 1230 502 Quin
1265 468 1301 502 ct
1324 463 1376 502 'in
1405 468 1578 515 corrupta
1604 465 1680 502 iam

143 525 254 563 etiam
292 530 377 578 post
413 531 606 579 peccatum
653 530 822 566 nostrum
869 531 1002 566 natura
1047 527 1118 565 hoc
1163 528 1285 580 ipsum
1320 529 1495 568 adversus
1531 542 1680 568 omnem

143 591 384 630 solitudinem
429 592 614 631 decretum
663 592 786 631 denuo
832 592 1016 631 Dominus
1059 593 1138 644 ipse
1173 594 1445 645 comprobavit,
1481 594 1566 632 dato
1604 594 1680 632 iam

142 659 228 706 post
267 655 446 694 diluvium
486 657 614 695 eodem
651 657 733 708 ipso
769 656 948 695 mandato
984 657 1027 695 de
1072 658 1332 708 progignendo
1367 658 1441 711 ipsi
1487 658 1599 697 Noah
1645 663 1681 696 et

145 720 321 759 omnibus
350 721 430 760 sine
456 721 533 760 ulla
563 721 783 773 cuiusquam
812 722 1044 773 exceptione,
1071 723 1170 774 quod
1198 727 1308 761 antea
1334 723 1439 761 Adae
1466 728 1503 762 et
1529 723 1682 761 Haevae

145 786 297 825 dederat
341 791 428 825 ante
465 787 579 824 ullam
618 787 772 825 omnino
812 792 964 825 naturae
1002 792 1151 826 nostrae
1189 789 1450 840 corruptelam,
1486 788 1682 827 additurus

144 851 395 902 proculdubio
431 852 595 903 aliquam
632 852 810 890 mandato
837 852 893 890 illi
921 865 988 891 suo
1016 852 1285 904 exceptionem,
1322 853 1354 891 si
1380 853 1499 891 ullum
1528 853 1681 891 omnino

147 917 354 955 coelibatus
390 916 617 955 observandi
652 930 771 967 genus
807 930 923 968 aeque
961 917 1116 967 dignum
1154 931 1233 956 esse
1269 917 1434 964 homine,
1470 922 1580 969 atque
1628 922 1684 956 est

146 981 442 1026 matrimonium,
485 981 525 1019 in
572 986 748 1032 corrupta
784 981 858 1019 iam
903 981 1044 1033 alioqui
1089 982 1200 1020 etiam
1245 985 1510 1032 natu-(589)ra
1555 987 1682 1021 nostra

147 1045 361 1084 iudicasset.
414 1045 579 1084 Proinde
616 1046 740 1083 verbis
777 1045 847 1083 Dei
874 1046 949 1084 illis
981 1064 998 1080 a
1014 1046 1103 1084 Non
1132 1051 1188 1085 cst
1217 1047 1356 1085 bonum
1385 1046 1542 1094 homini,
1566 1051 1609 1085 ut
1636 1047 1684 1085 sit

148 1110 277 1149 solus”
306 1111 501 1149 manifeste
528 1124 597 1149 nos
626 1111 764 1157 doceri,
790 1116 896 1149 tanto
925 1125 1004 1150 esse
1033 1112 1242 1162 digniorem
1272 1113 1424 1152 homine
1450 1114 1683 1163 coniugalem

149 1176 366 1214 societatem
393 1189 480 1227 prae
509 1176 611 1213 omni
640 1176 881 1227 quantumvis
910 1177 1060 1215 laudato
1090 1178 1306 1216 solitudinis
1334 1192 1482 1228 genere.
1501 1183 1685 1230 quatenus

149 1241 323 1279 videlicet
349 1241 489 1279 Divino
517 1241 574 1278 illi
603 1241 762 1279 consilio
792 1242 836 1280 de
863 1242 1010 1292 generis
1040 1243 1192 1281 humani
1230 1243 1542 1295 multiplicatione
1577 1257 1685 1282 man-

149 1306 312 1357 datoque
356 1305 413 1343 illi
458 1306 502 1343 de
549 1307 824 1357 progignendQ
870 1308 982 1345 semel
1020 1311 1131 1358 atque
1168 1308 1301 1346 iterum
1338 1308 1441 1354 dato,
1484 1308 1686 1356 subservit,

149 1375 290 1422 quanto
326 1370 427 1409 Deus
454 1371 610 1422 ipsemet
640 1384 787 1410 omnem
818 1372 972 1410 omnino
1000 1372 1242 1411 solitudinem
1278 1373 1402 1412 minus
1440 1373 1576 1412 bonam
1616 1374 1685 1411 ho-

152 1437 256 1481 mini,
294 1437 365 1474 hoc
400 1441 466 1482 est,
502 1441 657 1474 naturae
694 1437 889 1484 humanae,
917 1438 964 1475 ad
1001 1438 1302 1489 progignendum
1340 1439 1533 1484 formatae,
1560 1439 1686 1477 minus

152 1501 436 1540 convenientem
463 1506 499 1540 et
526 1502 683 1554 proinde
711 1503 986 1541 incommodam
1017 1516 1166 1555 quoque
1193 1517 1272 1542 esse
1299 1504 1575 1555 pronunciavit.

203 1568 290 1619 Ipse
317 1568 432 1617 igitur
460 1568 572 1606 etiam
600 1568 828 1606 matrimonii
848 1570 935 1607 finis
958 1569 1161 1607 clarissime
1179 1574 1350 1615 testatur,
1370 1569 1513 1608 nullum
1533 1570 1687 1608 omnino

154 1632 406 1670 continentiae
434 1632 692 1671 observandae
718 1647 838 1683 genus
868 1647 952 1671 cum
980 1634 1157 1672 societate
1186 1634 1388 1684 coniugali,
1416 1634 1516 1686 quod
1544 1634 1591 1673 ad
1611 1635 1688 1673 eius

152 1698 373 1748 dignitatem
412 1699 558 1745 attinet,
595 1699 758 1736 conferri
794 1701 1061 1750 quoquomodo
1091 1714 1211 1752 posse.
1264 1700 1472 1746 Postremo,
1509 1701 1540 1739 si
1578 1713 1688 1739 orna-

152 1768 278 1801 menta
306 1763 539 1801 matrimonii
568 1763 794 1810 intueamur,
820 1764 860 1802 in
889 1764 1083 1816 scripturis
1112 1765 1296 1803 duntaxat
1322 1766 1433 1804 nobis
1460 1766 1620 1817 prodita,
1648 1780 1689 1804 ea

154 1842 242 1867 sane
269 1833 324 1867 tot
352 1833 532 1880 tantaque
560 1833 659 1875 sunt,
688 1833 726 1866 ut
755 1829 904 1867 illorum
931 1829 1193 1868 tantummodo
1231 1830 1382 1868 nomine
1408 1829 1687 1868 matrimonium

154 1894 275 1944 ipsum
306 1893 482 1931 omnibus
510 1894 618 1944 plane
646 1893 742 1931 vitae
773 1893 831 1931 hic
859 1899 1009 1932 nostrae
1036 1894 1235 1943 generibus
1270 1895 1403 1932 merito
1441 1895 1619 1946 anteponi
1656 1899 1690 1933 et

153 1958 273 2009 possit
311 1964 348 1996 et
385 1957 497 1995 etiam
534 1957 667 1996 debeat
704 1958 871 1996 omnino.
927 1957 980 1995 Ut
1016 1958 1117 1996 enim
1152 1958 1222 1995 hoc
1265 1958 1347 1995 loco
1384 1945 1459 1995 iam
1496 1958 1692 1995 omittatur

153 2023 596 2075 incom-(590)parabilis
641 2024 751 2075 plane
797 2023 1020 2062 Divinorum
1064 2024 1327 2074 mysteriorum
1371 2024 1601 2069 excellentia,
1648 2023 1693 2061 de

153 2090 290 2141 quibus
323 2090 398 2128 iam
434 2094 542 2127 antea
581 2089 722 2127 dictum
750 2093 817 2134 est,
844 2102 938 2140 quae
967 2094 1005 2126 ut
1033 2088 1181 2126 vinculo
1220 2088 1451 2126 matrimonii
1486 2101 1575 2139 prae
1610 2101 1691 2125 om-

154 2155 269 2192 nibus
307 2154 450 2205 alioqui
488 2154 582 2191 vitae
611 2153 671 2190 hic
701 2159 850 2191 nostrae
877 2152 960 2190 aliis
988 2153 1187 2203 generibus
1215 2153 1477 2204 exprimuntur
1515 2157 1550 2190 et
1588 2165 1690 2190 com·

153 2219 393 2265 mendantur,
421 2219 472 2257 ita
503 2219 557 2256 illi
585 2218 789 2257 maximum
819 2218 929 2256 etiam
949 2218 1199 2269 proculdubio
1220 2222 1481 2266 ornamentum
1503 2218 1691 2256 adferunt.

155 2283 340 2334 Equidem
377 2283 659 2335 promissiones,
696 2296 790 2334 quae
828 2282 946 2320 Deum
985 2283 1138 2320 seminis
1168 2282 1287 2321 nostri
1316 2282 1436 2320 Deum
1481 2282 1692 2333 liberosque

155 2353 304 2387 nostros
341 2350 379 2386 in
417 2348 585 2386 Ecclesia
624 2353 773 2386 sanctos
801 2362 880 2386 esse
908 2362 1037 2386 omnes
1065 2352 1265 2395 testantur,
1291 2347 1475 2386 eiusmodi
1508 2351 1595 2385 sunt
1631 2359 1691 2383 or-

155 2418 330 2451 namenta
377 2413 620 2458 matrimonii,
664 2418 705 2451 ut
742 2413 835 2451 illud
873 2414 981 2464 plane
1018 2413 1057 2451 in
1095 2414 1204 2452 terris
1251 2412 1544 2464 incomparabile
1575 2424 1692 2460 genus

155 2476 251 2514 vitae
278 2490 356 2515 esse
384 2482 579 2517 testentur.

207 2541 311 2579 Quid
348 2543 447 2580 enim
484 2543 634 2581 homine
669 2556 748 2580 esse
786 2542 937 2592 dig-nius
970 2543 1100 2594 illique
1138 2543 1446 2581 honorificentius
1483 2547 1546 2579 aut
1581 2541 1693 2580 etiam

154 2605 354 2644 iucundius
400 2607 596 2657 obtingere
633 2612 768 2659 potest,
805 2621 917 2658 quam
956 2608 986 2645 si
1021 2608 1093 2646 Dei
1128 2606 1202 2646 iam
1241 2608 1358 2659 ipsius
1405 2607 1516 2654 filios,
1553 2606 1695 2644 Christi

155 2670 311 2708 Domini
359 2671 552 2719 beneficio,
595 2687 639 2711 ex
686 2673 763 2710 suis
807 2672 926 2723 ipsius
963 2673 1101 2711 lumbis
1134 2674 1350 2724 progignat,
1397 2672 1534 2709 civium
1572 2671 1696 2721 Regni

155 2733 326 2771 coelestis
363 2747 558 2773 numerum
595 2748 659 2786 per
696 2735 872 2773 Divinam
910 2735 1208 2774 benedictionem
1246 2726 1393 2773 ex*sua
1429 2733 1547 2784 ipsius
1585 2746 1694 2771 carne

153 2802 289 2847 augeat
324 2802 359 2836 et
395 2798 435 2836 in
474 2799 625 2838 coelesti
663 2799 810 2838 demum
844 2800 964 2849 gloria
999 2801 1288 2852 multiplicatum
1334 2799 1435 2837 varie
1481 2798 1696 2836 lumborum

154 2875 307 2904 §uorum
356 2863 519 2902 fructum
565 2864 603 2902 in
652 2866 868 2904 aeternitate
913 2865 975 2903 illa
1024 2879 1214 2917 nunquam
1260 2864 1423 2903 finienda
1462 2862 1697 2914 conspiciat?
