1830 3147
215 81 288 127 270

215 196 442 243 communio,
480 196 511 235 si
545 196 622 235 vim
658 210 702 235 ae
739 197 963 248 dignitatem
1000 199 1103 237 illius
1141 198 1340 237 nobiscum
1367 199 1406 237 in
1435 200 1751 251 promissionibus

214 261 456 311 Euangelicis
493 261 697 312 diligenter
732 268 960 315 reputemus.
1017 264 1175 303 Quanto
1216 265 1314 303 enim
1343 264 1496 314 longius
1524 265 1655 304 abesse
1681 279 1752 305 nos

215 339 236 364 a
272 326 453 376 Decalogi
489 327 703 366 obedientia
741 328 923 375 videmus,
960 343 1057 380 quae
1093 342 1218 367 coram
1256 329 1325 367 Dei
1364 331 1582 381 praesertim
1605 331 1750 369 iudicio

214 391 418 429 subsistere
445 392 564 442 possit
591 392 790 440 (absumus
818 399 944 431 autem
972 407 1083 445 quam
1114 393 1366 444 longissime).
1379 398 1487 432 tanto
1503 395 1643 433 maiore
1663 409 1752 435 sane

215 461 346 495 nostro
382 458 515 495 merito
553 457 768 509 maioreque
805 459 898 496 adeo
939 459 1037 496 bono
1076 459 1187 497 etiam
1227 463 1359 498 nostro
1396 460 1550 498 morbos
1577 461 1690 499 nobis
1717 466 1753 500 et

212 523 285 560 alia
314 523 434 560 crucis
463 536 600 572 genera
629 536 649 561 a
677 523 843 561 Domino
871 524 1024 562 immitti
1052 524 1320 573 intelligemus,
1348 531 1390 563 ut
1420 531 1585 564 nostram
1606 526 1643 565 in
1665 540 1753 578 pec-

214 591 297 625 cato
335 587 535 629 miseriam.
573 598 683 626 eruce
719 588 846 639 aliqua
884 589 1015 640 pressi,
1052 593 1156 626 tanto
1185 589 1404 639 diligentius
1434 590 1687 638 observemus,
1713 592 1753 630 in

212 650 276 689 illa
313 651 424 689 nobis
459 652 532 703 ipsi
569 652 833 703 displiceamus
868 658 904 690 et
941 665 1024 690 cum
1063 653 1184 691 nostri
1221 653 1390 704 ipsorum
1427 655 1668 693 accusatione
1705 655 1751 694 ad

213 717 295 768 opis
332 716 482 755 divinae
517 717 822 768 implorationem
861 717 1124 757 accendamur.
1178 718 1358 765 Rursum,
1394 720 1424 756 si
1462 725 1628 758 nostram
1668 733 1749 759 cum

213 782 367 820 Christo
394 782 559 820 Domino
588 782 890 820 communionem
918 782 1146 825 intueamur,
1171 784 1440 833 intelligemus,
1466 798 1549 831 nos,
1574 789 1615 823 ut
1633 799 1751 824 mem-

213 848 279 885 bra
314 847 390 885 iam
427 847 595 898 corporis
624 847 767 885 Christi
796 848 908 885 saluti
937 853 1110 886 aeternae
1138 847 1338 895 destinata,
1364 849 1410 887 ad
1439 850 1559 888 instar
1585 851 1667 888 auri
1695 851 1753 888 vel

211 912 357 963 argenti
394 912 558 964 probari,
601 911 647 949 ad
683 911 771 949 fidei
808 917 961 950 nostrae
998 912 1310 963 explorationem,
1346 917 1399 959 ut,
1435 913 1749 964 quemadmodum

210 977 275 1015 ille
312 974 467 1015 suarum
505 989 575 1014 nos
602 976 850 1014 afflictionum
876 976 1077 1028 participes
1108 977 1167 1014 hic
1195 977 1287 1015 facit
1315 977 1362 1015 ad
1391 978 1555 1015 nominis
1584 978 1642 1016 sui
1667 979 1750 1028 glo-

211 1042 317 1089 riam,
345 1042 510 1093 vultque,
537 1045 579 1078 ut
607 1041 853 1079 afflictionum
883 1041 1000 1092 ipsius
1029 1042 1209 1092 reliquias
1237 1042 1275 1079 in
1305 1042 1446 1080 nostris
1474 1043 1588 1080 etiam
1617 1055 1750 1093 corpo-

211 1107 316 1145 ribus
343 1107 723 1159 perfera-(627)mus,
752 1119 829 1144 non
857 1106 901 1143 ad
932 1107 1054 1144 nostri
1078 1107 1243 1157 ipsorum
1274 1107 1571 1158 explorationem
1589 1111 1754 1152 tantum,

211 1172 276 1211 sed
311 1172 358 1210 ad
389 1171 578 1209 Ecclesiae
606 1171 718 1209 etiam
748 1184 836 1209 suae
863 1170 1163 1209 aedificationem
1193 1176 1306 1222 atque
1334 1176 1595 1210 ornamentum
1624 1194 1674 1201 —
1702 1171 1749 1209 ad

210 1250 320 1288 quem
358 1236 512 1274 modum
549 1235 686 1272 Paulus
723 1235 900 1286 reliquias
939 1248 976 1273 se
1012 1236 1232 1287 passionum
1262 1235 1404 1274 Christi
1431 1237 1472 1274 in
1500 1249 1571 1289 suo¹
1597 1249 1752 1287 corpore

208 1315 276 1354 pro
306 1301 474 1339 Ecclesia
503 1300 726 1338 sustinuisse
752 1301 938 1348 gloriatur
962 1322 1014 1329 —
1041 1302 1093 1339 ita
1122 1314 1191 1339 nos
1219 1301 1310 1339 olim
1339 1302 1451 1340 etiam
1475 1303 1645 1341 coelestis
1662 1316 1750 1341 suae

208 1367 352 1417 gloriae
387 1366 587 1417 participes
623 1364 755 1403 reddat
791 1369 902 1416 atque
939 1365 1178 1417 conspicuam
1213 1366 1285 1404 toti
1327 1366 1468 1404 mundo
1495 1367 1610 1405 faciat
1636 1367 1748 1405 fidem

209 1446 253 1471 ac
279 1431 519 1470 tolerantiam
548 1434 717 1469 nostram
746 1430 784 1468 in
814 1430 954 1468 nostris
983 1430 1044 1468 hic
1071 1431 1351 1478 afflictionibus,
1384 1444 1460 1482 quo
1480 1432 1601 1481 magis
1622 1432 1750 1470 divina

209 1499 328 1537 virtus
366 1510 409 1534 ac
444 1496 612 1547 potentia
649 1496 752 1534 illius
789 1496 827 1533 in
857 1504 986 1534 nostra
1014 1496 1235 1534 infirmitate
1262 1497 1307 1534 ad
1336 1497 1651 1548 pudefaciendam
1679 1499 1748 1536 Sa-

208 1569 317 1603 tanae
344 1562 610 1601 truculentiam
637 1562 860 1600 illustretur.
914 1561 1112 1611 Cogitaret
1139 1561 1256 1610 igitur
1284 1575 1406 1611 aeger,
1432 1561 1608 1599 morbum
1637 1575 1746 1600 suum

207 1629 292 1667 ideo
321 1628 395 1666 sibi
422 1640 443 1665 a
471 1625 635 1664 Domino
663 1625 874 1663 immissum
904 1639 997 1671 esse,
1023 1630 1064 1664 ut
1092 1639 1157 1677 per
1186 1624 1265 1664 eius
1293 1627 1403 1664 fidem
1434 1639 1478 1664 ac
1507 1627 1746 1665 tolerantiam

209 1695 370 1732 Satanae
405 1692 495 1730 olim
522 1691 750 1730 truculentia
779 1689 957 1742 pudefiat.
990 1690 1126 1729 Divina
1157 1704 1243 1729 vero
1270 1691 1311 1729 in
1339 1697 1468 1729 nostra
1498 1691 1559 1729 hic
1584 1691 1748 1730 infirmi-

207 1765 284 1799 tate
329 1759 446 1797 virtus
493 1771 536 1795 ac
568 1757 688 1806 gloria
726 1757 795 1794 toti
831 1756 973 1794 mundo
1009 1756 1211 1807 conspicua
1248 1757 1324 1802 fiat,
1361 1756 1407 1793 ad
1445 1769 1555 1807 quem
1593 1755 1744 1793 modum

208 1824 295 1863 Iobi
337 1824 426 1862 olim
463 1823 555 1861 fides
584 1835 627 1859 ac
655 1821 857 1859 tolerantia
884 1821 923 1859 i'n
951 1821 1085 1858 morbo
1115 1833 1158 1858 ac
1187 1833 1296 1858 cruce
1321 1820 1440 1872 ipsius
1470 1820 1633 1858 Satanae
1658 1834 1746 1871 pro-

209 1889 389 1927 culdubio
426 1887 694 1926 truculentiam
730 1886 1013 1925 evidentissime
1040 1886 1264 1932 infamabat,
1292 1885 1468 1923 Divinam
1499 1899 1585 1923 vero
1613 1886 1652 1923 in
1681 1899 1748 1923 sua

208 1954 427 1993 infirmitate
464 1953 640 1991 virtutem
677 1965 721 1990 ac
753 1952 965 2003 potentiam
1001 1951 1202 2001 insigniter
1236 1951 1465 1991 illustrabat.
1521 1954 1649 2003 Atque
1685 1951 1747 1988 hic

207 2020 361 2072 quidem
396 2019 568 2057 minister
606 2031 643 2055 se
671 2017 935 2055 accommodat
961 2017 1064 2066 aegri
1092 2016 1258 2066 ingenie,
1285 2029 1353 2068 pro
1382 2029 1425 2054 eo
1453 2029 1497 2053 ae
1524 2016 1680 2054 morbus
1708 2016 1746 2054 id

206 2085 401 2138 permittit,
429 2090 469 2122 ut
495 2083 552 2121 illi
579 2088 643 2121 aut
670 2083 836 2121 iustitiae
865 2082 1012 2120 divinae
1039 2095 1133 2133 opus
1158 2082 1333 2129 inculcet,
1362 2081 1394 2119 si
1411 2082 1519 2119 illum
1533 2082 1617 2133 plus
1634 2083 1747 2130 (628)

206 2164 326 2202 aequo
363 2150 435 2188 sibi
461 2149 723 2199 indulgentem
749 2149 788 2187 in
818 2148 1073 2191 eonscientiae
1101 2147 1307 2185 certamine
1335 2160 1414 2185 esse
1442 2146 1580 2192 videat,
1607 2149 1672 2184 aut
1700 2145 1746 2184 ad

206 2216 357 2254 divinae
392 2215 500 2252 illum
526 2213 805 2252 misericordiae
833 2217 1056 2264 nostraeque
1086 2225 1170 2250 cum
1200 2212 1352 2250 Christo
1382 2211 1660 2249 communionis
1687 2224 1746 2248 re·

205 2279 439 2332 putationem
484 2279 621 2317 excitet
665 2282 778 2329 atque
814 2277 946 2327 erigat,
997 2278 1029 2315 si
1064 2276 1172 2314 illum
1209 2276 1250 2314 in
1287 2289 1354 2314 sua
1391 2275 1620 2313 conscientia
1657 2275 1745 2325 angi

206 2344 403 2395 morbique
426 2342 687 2393 magnitudine
713 2342 866 2392 gravius
895 2342 1019 2380 videat
1040 2340 1272 2393 perturbari.

257 2411 292 2447 5.
351 2408 528 2446 Monetur
555 2421 675 2457 aeger,
711 2411 764 2453 ut,
791 2406 970 2458 quoniam
999 2405 1090 2443 fides
1118 2418 1162 2442 ac
1189 2403 1389 2442 tolerantia
1418 2407 1507 2441 sunt
1535 2402 1633 2440 dona
1661 2401 1746 2447 Dei,

206 2486 299 2524 quae
334 2473 397 2511 ille
434 2473 544 2510 nobis
571 2472 786 2524 impertitur
813 2484 883 2523 pro
910 2484 952 2508 eo
981 2484 1025 2508 ac
1053 2471 1146 2515 vult,
1175 2483 1318 2520 nosque
1345 2468 1563 2507 thesaurum
1591 2471 1744 2505 nostrae

206 2538 293 2576 fidei
327 2537 367 2575 in
402 2538 603 2586 fragilibus
640 2537 781 2576 nostris
818 2536 979 2574 vasculis
1009 2536 1320 2581 circumferimus,
1347 2546 1441 2584 quae
1470 2533 1585 2570 Satan
1614 2532 1744 2570 multis

205 2607 241 2641 et
276 2603 424 2652 magnis
460 2603 642 2641 arietibus
678 2603 856 2654 impetere
894 2615 1087 2652 nunquam
1118 2605 1252 2646 cessat,
1278 2598 1550 2650 Apostolorum
1581 2596 1642 2634 hic
1669 2597 1744 2635 sibi

204 2667 457 2719 precationem
493 2667 715 2705 imitandam
754 2679 834 2704 esse
872 2669 1025 2710 statuat,
1062 2678 1196 2717 nempe
1232 2669 1275 2702 ut
1311 2661 1500 2701 cumillis
1527 2661 1675 2700 assidue
1702 2662 1742 2700 in

207 2733 317 2771 eorde
345 2746 412 2770 suo
441 2733 597 2771 clamet:
634 2732 813 2770 Domine!
852 2730 997 2780 adauge
1026 2730 1137 2769 nobis
1163 2730 1289 2773 fidem,
1315 2728 1360 2759 -“-
1395 2727 1516 2778 capita
1545 2726 1742 2776 religionis

204 2803 367 2844 nostrae,
394 2798 616 2848 Apostolico
646 2796 826 2847 Symbolo
857 2795 1137 2847 comprehensa,
1156 2794 1316 2833 subinde
1335 2807 1379 2831 ac
1398 2792 1598 2842 diligenter
1614 2805 1738 2831 secum

200 2866 357 2916 repetat,
392 2860 569 2913 mysteria
604 2861 694 2899 item
730 2860 910 2915 baptismi
936 2863 972 2898 et
1000 2872 1139 2898 coenae
1167 2858 1390 2897 Dominicae
1417 2856 1465 2895 ob
1493 2857 1625 2897 oculos
1654 2870 1742 2896 suos
