1830 3147
1584 124 1626 137 ur)

1583 138 1628 160 ι’)ν)

81 236 192 285 atque
228 233 343 272 animi
378 245 522 270 summa
558 233 766 270 attentione
803 245 937 270 nomen
975 233 1130 271 Domini
1167 233 1381 279 invocetur,
1417 238 1617 285 oraturque

81 300 191 338 Pater
227 299 340 345 Deus,
376 303 417 337 ut
453 298 530 349 ipse
566 298 606 336 in
644 303 770 336 nostra
809 298 990 336 electione
1019 299 1174 337 consilia
1204 303 1332 337 nostra
1360 299 1484 337 omnia
1512 300 1616 338 iuxta

83 365 357 415 beneplacitum
393 367 544 401 sanctae
579 363 782 401 voluntatis
811 376 898 401 suae
925 376 1052 413 regere
1079 363 1264 413 dignetur,
1283 386 1333 394 —
1350 369 1387 403 et
1414 364 1478 416 qui
1506 364 1617 403 nobis

80 430 154 468 iam
182 430 222 468 in
252 429 445 478 unigenito
476 442 543 466 suo
571 429 648 465 filio
677 429 845 480 placatus
873 432 928 466 est
957 442 1159 480 curamque
1186 429 1305 467 nostri
1332 435 1484 482 propter
1509 430 1615 468 illum

81 500 235 546 paterno
274 495 346 533 iam
384 494 513 532 affeetu
545 495 652 543 gerit,
688 494 786 532 idem
824 507 862 532 se
897 494 1007 532 etiam
1045 494 1083 532 in
1116 494 1376 533 Ministrorum
1405 501 1617 533 nostrorum

81 560 261 598 electione
303 573 385 597 vere
421 573 500 597 esse
536 563 707 597 nostrum
745 559 877 606 Deum,
915 572 1058 611 nosque
1086 573 1170 598 vere
1198 574 1304 598 suum
1334 561 1509 612 populum
1538 575 1619 600 esse

81 630 258 672 testetur,
296 625 391 663 datis
431 624 541 662 nobis
577 625 761 663 eiusmodi
792 624 990 669 MinistriS,
1017 639 1082 676 per
1109 639 1204 677 quos
1231 639 1368 664 nomen
1396 627 1497 665 illius
1526 627 1616 664 ado·

80 691 237 728 randum
277 690 325 738 (C
353 691 411 738 3¹⁶²)
446 690 567 727 indies
604 690 722 739 magis
758 703 801 727 ac
837 690 956 739 magis
992 690 1223 739 glorificetur
1258 691 1298 729 in
1335 705 1398 729 sua
1437 691 1619 737 Ecclesia,

81 755 233 806 ipsaque
261 755 428 793 Ecclesia
456 754 685 792 incrementa
715 767 859 806 semper
887 759 1009 793 sumat
1038 755 1077 792 in
1107 768 1191 793 vera
1218 754 1287 793 Dei
1316 760 1351 794 et
1380 756 1498 794 nostri
1528 769 1615 805 cog-

82 820 225 861 nitione
253 819 293 858 in
323 819 425 857 omni
452 820 589 871 pietate
619 819 831 869 integritate
858 823 894 857 et
922 819 1129 858 honestate.

133 886 192 923 Ita
231 885 402 923 Christus
438 884 626 922 Dominus
664 884 758 930 vult,
795 890 838 922 nt
875 884 1078 922 Dominum
1117 885 1248 926 messis
1277 899 1434 932 oremus,
1471 891 1511 924 ut
1538 886 1618 937 ipse

82 951 213 998 bonos}
240 964 282 987 ac
318 949 445 988 fideles
481 950 671 1001 operarios
698 950 736 987 in
766 963 921 987 messem
951 963 1054 987 suam
1083 950 1257 988 extrudat
1280 951 1320 998 ¹).
1375 951 1436 989 Ita
1462 951 1617 1002 ipsemet

82 1015 253 1053 Clu-istas
282 1014 466 1052 Dominus
495 1014 592 1051 circa
609 1015 877 1065 Apostolorum
909 1027 1061 1052 suorum
1090 1015 1307 1053 electionem
1336 1014 1374 1052 in
1404 1021 1530 1053 monte
1553 1029 1618 1067 per

81 1085 227 1118 noctem
255 1084 373 1118 totam
400 1083 570 1130 precatur
589 1081 634 1127 2).
664 1079 723 1116 Ita
752 1084 787 1117 et
811 1079 983 1130 Apostoli
1005 1079 1103 1118 circa
1128 1080 1311 1119 Matthiae
1330 1081 1551 1119 electionem
1572 1085 1615 1129 ³).

131 1145 276 1183 Horum
314 1149 349 1182 et
384 1144 560 1182 similium
599 1145 854 1196 exemplorum
892 1145 1246 1183 commemoratione
1285 1145 1505 1184 adhortatur
1543 1146 1617 1184 Ec,

79 1210 226 1248 clesiam
268 1209 454 1255 Minister,
492 1214 531 1247 ut
569 1222 645 1247 non
682 1213 827 1247 tantum
863 1209 902 1247 in
933 1214 1040 1248 coetu
1068 1210 1133 1247 illo
1161 1211 1329 1262 publico,
1357 1210 1420 1248 sed
1449 1214 1485 1248 et
1513 1211 1614 1248 domi

80 1276 236 1326 quisque
273 1288 360 1312 suae
386 1274 560 1326 privatim
598 1274 635 1312 in
667 1288 752 1312 vero
780 1274 918 1313 ieiunio
948 1288 992 1313 ac
1019 1280 1144 1314 mente
1173 1275 1299 1313 sobria
1328 1276 1616 1326 diligentissime

78 1347 257 1392 precetur,
296 1345 335 1378 ut
364 1340 463 1378 Deus
493 1340 582 1392 Opt.
614 1340 716 1379 Max.
747 1354 834 1378 suae
862 1341 1054 1379 Ecclesiae
1081 1341 1119 1379 in
1149 1342 1219 1379 hac
1249 1341 1512 1380 Ministrorum
1541 1343 1614 1380 ele-

80 1407 202 1445 ctione
228 1420 293 1458 per
323 1406 503 1458 Spiritum
532 1410 703 1445 sanctum
734 1420 841 1444 suum
869 1407 998 1445 adesse
1024 1406 1318 1460 electionemque
1335 1408 1455 1459 ipsam
1476 1408 1614 1446 Divino

79 1473 206 1510 afflatu
233 1485 300 1509 suo
328 1471 538 1521 gubernare
567 1472 753 1521 dignetur,
780 1472 826 1509 ad
854 1472 1014 1521 gloriam
1043 1472 1228 1522 unigeniti
1256 1473 1325 1510 filii
1352 1473 1409 1511 sui
1436 1478 1473 1511 et
1492 1473 1614 1523 Regni

78 1538 195 1588 ipsius
222 1537 261 1574 in
291 1541 419 1575 nostra
448 1537 615 1575 Ecclesia
644 1537 842 1574 salutarem
871 1537 1193 1589 propagationem.
1241 1537 1386 1576 Deinde
1413 1539 1613 1589 exponitur

78 1603 222 1640 functio
260 1602 338 1653 ipsa
376 1606 488 1652 atque
528 1601 686 1639 officium
725 1614 865 1648 eorum,
910 1602 972 1653 qui
1012 1606 1099 1640 sunt
1136 1602 1310 1652 eligendi,
1348 1603 1608 1641 Ministrorum

78 1679 200 1703 coram
245 1671 323 1703 tota
361 1665 542 1708 Ecclesia,
587 1671 622 1702 et
660 1678 836 1703 numerus
873 1678 1013 1712 eorum,
1050 1670 1143 1717 quot
1183 1666 1257 1704 sint
1295 1666 1470 1716 eligendi,
1506 1667 1609 1705 iuxta

77 1732 125 1778 (C
144 1728 205 1777 3¹¹)
234 1730 423 1768 Ecclesiae
451 1730 709 1768 necessitatem
737 1730 937 1770 indicatur.
1273 1783 1275 1785 v

130 1796 230 1834 Quia
259 1808 344 1833 vero
375 1795 468 1832 duos
496 1808 576 1832 esse
605 1794 767 1833 diximus
796 1795 1038 1846 peculiarium
1067 1797 1105 1834 in
1136 1800 1263 1835 nostra
1281 1797 1450 1835 Ecclesia
1475 1796 1608 1836 Minis·

73 1865 216 1898 trorum
250 1860 471 1912 praecipuos
507 1860 671 1906 ordines,
714 1860 912 1898 Seniorum
941 1860 1114 1900 videlicet
1141 1866 1178 1899 et
1205 1861 1472 1909 Diaconorum,
1499 1867 1610 1914 atque

74 1927 114 1964 in
143 1926 264 1977 priore
293 1925 491 1963 Seniorum
522 1925 654 1963 ordine
681 1925 863 1976 quaedam
882 1939 1011 1964 rursus
1031 1927 1247 1966 discrimina
1267 1941 1347 1966 esse
1365 1928 1610 1974 ostendimus,

74 1989 179 2027 iuxta
216 1989 306 2027 haee
341 1989 487 2027 functio
517 1989 757 2039 singulorum
785 1992 985 2041 exponitur
1014 1991 1112 2029 eirca
1138 1991 1286 2030 illorum
1315 1992 1533 2031 electionem
1561 1992 1606 2032 ad

77 2053 178 2091 hunc
206 2054 384 2092 modum:

130 2182 177 2220 Si
214 2182 349 2220 verbi
388 2182 618 2221 Minister
660 2197 781 2221 unus
818 2184 1049 2235 pluresve
1077 2185 1197 2235 eligi
1225 2186 1455 2234 debeant,
1490 2187 1606 2226 haec

75 2246 143 2284 ita
181 2246 234 2285 de
271 2259 430 2284 eorum
469 2247 653 2284 officio
691 2247 951 2286 dicuntur:

126 2376 355 2422 PRIMUM,
376 2376 493 2415 Verbi
511 2377 762 2416 Ministerium
792 2391 870 2417 esse
898 2379 1075 2417 Divinam
1102 2381 1141 2418 in
1170 2393 1236 2418 sua
1257 2380 1427 2420 Ecclesia
1454 2383 1606 2422 ordina·

71 2441 226 2487 tionem,
262 2442 472 2480 institutam
510 2442 556 2479 ad
585 2442 664 2480 cius
692 2443 999 2490 aedificationem,
1027 2444 1067 2482 id
1094 2445 1195 2495 quod
1224 2445 1396 2484 universa
1424 2448 1607 2500 scriptura

72 2509 209 2559 passim
240 2522 411 2559 expresse
437 2512 596 2546 testatur
612 2511 657 2554 ⁴).
685 2508 736 2546 Et
762 2509 920 2559 proinde
945 2509 1109 2558 graviter
1123 2523 1274 2561 peccare
1290 2524 1366 2557 eos,
1393 2512 1458 2563 qui
1478 2514 1518 2551 in
1541 2513 1606 2551 de-

69 2573 232 2622 ligendis
261 2572 364 2610 verbi
393 2572 594 2618 Ministris,
623 2585 699 2610 non
726 2577 803 2611 tam
830 2579 1014 2624 quaerunt
1036 2573 1106 2612 Dei
1123 2575 1294 2624 gloriam,
1314 2589 1424 2627 quam
1440 2578 1606 2628 privatos

72 2638 196 2688 potius
233 2637 382 2675 affectus
417 2651 516 2683 suos,
553 2637 629 2675 sive
665 2651 710 2676 ex
754 2651 880 2676 amore
921 2639 997 2676 sire
1032 2652 1077 2677 ex
1114 2639 1215 2686 odio,
1241 2646 1461 2692 sequuntur.
1516 2643 1603 2681 Vim

68 2702 167 2740 enim
210 2702 377 2740 inferunt
414 2701 574 2740 Divinae
611 2702 841 2741 ordinationi
878 2707 990 2755 atque
1030 2703 1082 2741 ita
1110 2703 1150 2742 in
1179 2704 1298 2743 Deum
1326 2706 1446 2757 ipsum
1475 2708 1623 2757 gravi·¹

115 2854 139 2892 ¹)
163 2853 242 2885 Mat.
267 2854 295 2886 9.
339 2854 415 2887 Luc.
441 2856 488 2888 10.
544 2858 570 2896 Ξ)
595 2856 671 2889 Luc.
696 2858 724 2889 6.
780 2857 806 2897 ³)
830 2859 900 2890 Act.
927 2858 952 2890 1.
1013 2859 1040 2898 4)
1065 2859 1158 2891 Matt.
1184 2858 1231 2891 10.
1259 2858 1305 2890 18.
1329 2859 1378 2892 28.
1423 2860 1524 2891 Marc.
1549 2860 1608 2894 ult.

70 2907 159 2941 loan.
184 2909 232 2940 20.
280 2910 294 2940 1
319 2910 391 2942 Cor.
417 2910 466 2942 12.
510 2912 610 2954 Ephe.
634 2913 663 2944 4.
709 2913 778 2945 Act.
803 2913 830 2945 l.
856 2913 904 2947 12,
932 2913 979 2949 14,-
