1830 3147
781 124 849 161 597
1303 124 1369 170 [A.
1397 123 1442 160 D.
1468 123 1580 168 1545]

98 233 340 269 Pracdicatum
373 236 426 268 est
461 233 514 268 hic
548 236 601 268 tot
632 232 742 274 annis,
774 232 850 279 quis
885 233 1017 268 fructus
1049 231 1184 268 ostendi
1208 233 1325 278 potest
1356 230 1455 267 liuius
1482 242 1580 278 prae·

45 294 256 331 dicationis?
294 292 461 329 Videmus
488 291 660 339 publicam
685 292 936 329 Monachorum
962 291 1192 328 idololatriam
1217 294 1321 340 atquc
1345 290 1580 327 abominatio-

46 367 137 396 nem,
175 366 275 402 quam
315 353 489 400 attingere
514 365 584 389 non
609 352 702 389 licet.
752 353 920 389 Videmus
946 353 1110 388 abolitam
1135 363 1418 400 suppressumque
1442 363 1578 387 omnem

43 414 260 461 disciplinam
286 413 576 450 Ecclesiasticam.
625 412 794 449 Videmus
820 413 956 460 direpta
980 412 1215 461 distractaque
1246 413 1317 448 fere
1342 411 1467 453 onmia,
1490 422 1578 458 quae

44 475 86 512 ad
111 474 322 511 retinendam
347 475 383 511 in
415 474 569 511 ecclesiis
595 473 770 521 publicum
795 474 1022 510 ministerium
1047 477 1084 509 et
1108 473 1152 510 ad
1175 473 1299 510 alenda
1322 473 1437 509 studia
1458 473 1582 509 inven-

43 536 130 571 tutis
165 535 358 573 constituta
391 538 501 571 erant.
550 533 718 571 Videmus
744 536 897 572 omnium
923 537 1094 571 sectarum
1119 534 1387 582 receptaculum,
1410 537 1515 581 atque
1540 534 1576 570 in

43 596 94 632 his
129 597 268 637 culices,
291 596 320 633 si
345 596 422 632 Deo
446 597 571 643 placet,
596 597 769 644 persecuti
793 609 927 639 sumus,
955 600 991 633 et
1016 608 1139 642 vespas
1166 597 1303 632 interim
1326 598 1363 631 ct
1387 595 1574 632 crabrones

44 657 138 704 ipsos
171 657 309 700 alimus,
344 657 459 693 danda
493 661 546 693 est
570 658 681 694 corvis
706 658 817 695 venia.
866 657 934 694 Sed
960 658 1065 694 etiam
1090 657 1246 694 videmus
1270 659 1404 693 tautam
1429 656 1577 703 flagitio-

43 729 118 753 rum
142 718 405 765 indulgentiam,
436 722 474 754 ut
498 719 556 766 qui
583 718 687 765 paulo
712 718 879 766 frugalius
908 718 992 754 velit
1016 718 1131 754 vivere
1156 729 1234 754 mox
1261 729 1322 764 pro
1346 716 1493 753 sectario
1517 716 1575 752 ha-

44 777 178 814 beatur.
227 778 322 814 lstos
355 778 411 814 hic
437 779 571 814 fructus
598 782 667 814 tam
693 778 754 815 diu
780 777 970 825 praedicati
993 778 1174 825 Evangeiii
1199 778 1253 814 hic
1279 777 1434 814 videmus
1457 780 1493 812 et
1516 776 1576 812 ad-

46 839 113 875 huc
149 839 278 875 dicitur
301 840 401 876 nobis
430 840 694 886 apraedicato’'.
744 839 864 876 Audio
893 839 1085 877 docendum
1110 839 1212 875 nobis
1237 851 1324 882 esse,
1346 841 1480 875 statuas
1505 850 1576 874 non

44 912 120 936 esse
143 900 248 936 idola.
283 902 334 936 At
359 912 440 936 vero
465 913 569 936 eosne
594 900 629 936 id
654 900 866 942 docebimus,
890 900 950 948 qui
974 901 1010 936 in
1034 899 1223 936 retinendis
1249 899 1453 936 tollendisve
1477 898 1578 935 idolis

46 962 175 1008 patriae
199 961 348 998 salutem
374 963 564 998 consistere
587 961 722 998 dicunt.
746 962 848 1000 Quae
870 961 979 997 maior
1002 961 1201 998 idololatria
1218 972 1291 997 esse
1317 963 1445 1008 potest,
1471 972 1574 1008 quam

44 1025 207 1064 statuere,
243 1022 386 1058 retentis
418 1022 520 1058 idolis
553 1028 632 1060 tnta
657 1023 730 1057 sore
762 1022 889 1064 omnia,
925 1022 1072 1058 sublatis
1106 1032 1189 1058 vero
1226 1023 1340 1058 omnia
1364 1020 1574 1057 interitura?

48 1084 105 1118 An
118 1086 256 1119 statuae
276 1084 340 1119 hoc
355 1087 528 1128 praestare
545 1085 574 1127 2)
589 1086 734 1130 possunt
749 1086 788 1118 ut
799 1086 954 1119 retentae
968 1095 1031 1119 nos
1051 1086 1146 1119 tutos
1165 1082 1322 1126 reddant,
1341 1082 1499 1118 sublatae
1513 1095 1574 1118 nos

45 1144 212 1190 perdant?
240 1146 370 1180 Annon
395 1145 478 1180 haec
503 1148 585 1180 sunt-
610 1144 710 1191 plena
723 1144 912 1191 impietatis
925 1147 961 1180 et
977 1144 1228 1191 blasphemiae?
1254 1148 1290 1180 et
1301 1144 1414 1181 adhuc
1425 1143 1572 1180 dicimus

43 1205 159 1241 nullos
183 1216 258 1241 esse
283 1205 341 1252 qui
367 1205 450 1241 haec
475 1205 566 1241 idola
591 1204 727 1241 colant!
775 1205 812 1241 Si
838 1204 902 1241 hoc
928 1217 998 1241 non
1023 1208 1077 1241 est
1099 1205 1223 1248 colere,
1246 1204 1330 1252 quid
1353 1204 1498 1241 obsecro
1519 1207 1575 1240 est

48 1266 162 1302 colere
176 1266 191 1302 ἓ

93 1326 160 1362 Sed
182 1325 314 1370 desino,
347 1338 458 1374 neque
490 1327 581 1363 enim
618 1339 699 1374 prae
736 1326 841 1362 animi
866 1326 984 1362 dolore
1009 1327 1107 1373 plura
1132 1338 1272 1373 possum
1298 1328 1439 1374 propter
1464 1338 1571 1363 meam

44 1387 289 1424 valetudinem.
338 1388 473 1423 Vellem
509 1392 637 1429 tamen,
677 1389 723 1424 mi
749 1388 900 1424 Domine
926 1388 1145 1424 Hermanne!
1173 1392 1213 1424 ut
1239 1388 1434 1435 Principem
1461 1388 1573 1424 vorbis

48 1448 132 1483 meis
158 1448 264 1483 solam
290 1451 325 1483 et
348 1448 484 1495 quidem
510 1450 598 1484 serio
623 1448 821 1485 admoneas,
846 1449 936 1484 Nam
962 1451 1080 1484 actum
1105 1451 1180 1484 est:
1206 1449 1271 1485 nisi
1293 1447 1389 1485 aliud
1404 1449 1577 1497 specimen

48 1509 186 1555 pietatis
213 1509 248 1544 in
272 1508 434 1555 Principe
459 1509 607 1552 videam,
630 1522 699 1545 non
725 1509 787 1545 diu
813 1522 866 1545 me
893 1509 1076 1546 habebitis.

92 1569 199 1607 Quod
232 1574 402 1616 superest,
440 1571 536 1606 venit
572 1570 646 1606 heri
678 1570 723 1606 ad
758 1582 811 1606 me
850 1573 957 1606 nauta
983 1576 1112 1613 noster,
1137 1570 1246 1606 [ohan
1272 1570 1399 1606 Dierks
1426 1571 1580 1612 nomine,

47 1630 129 1666 mihi
158 1630 242 1666 alias
279 1630 364 1666 satis
394 1636 508 1672 notus,
541 1631 760 1678 anabaptista
792 1634 920 1672 tamen,
952 1635 988 1667 et
1022 1631 1124 1678 petiit
1147 1644 1168 1667 a
1194 1643 1247 1667 me
1272 1635 1312 1667 ut
1336 1644 1398 1679 pro
1421 1644 1456 1667 se
1480 1632 1573 1678 apud

44 1692 238 1739 Principem
264 1695 420 1728 nostram
447 1692 614 1728 efficerem
641 1691 799 1739 precibus
826 1693 920 1734 meis,
947 1696 985 1728 ut
1009 1692 1211 1740 aliquandiu
1232 1693 1286 1728 hic
1299 1693 1435 1729 haerere
1450 1694 1574 1740 possit,

44 1751 166 1787 saltem
194 1755 234 1786 ut
258 1763 345 1799 quae
370 1750 510 1787 advexit
532 1751 666 1788 civibus
691 1751 763 1787 suis
788 1751 920 1787 reddat.
943 1751 1020 1799 Ego
1045 1763 1126 1787 vero
1149 1751 1192 1786 de
1210 1751 1393 1788 reddendis
1407 1752 1576 1789 mercibus

44 1825 114 1849 non
147 1812 197 1849 ita
221 1825 295 1848 snm
320 1812 504 1854 sollicitus,
535 1812 669 1848 etiamsi
696 1824 782 1848 uxor
807 1824 882 1848 mea
907 1812 943 1848 in
968 1824 1030 1848 sua
1055 1813 1136 1848 navi
1161 1816 1291 1859 partem
1315 1813 1488 1860 quandam
1515 1814 1574 1849 ba-

46 1873 138 1913 beat.
174 1877 217 1909 ut
251 1878 387 1914 vocant.
421 1886 531 1921 neque
564 1873 628 1910 lioc
663 1886 744 1909 sane
777 1873 916 1910 nomine
943 1885 1002 1919 pro
1027 1873 1088 1909 illo
1113 1876 1204 1920 peto,
1229 1873 1289 1909 sed
1315 1875 1476 1920 quoniam
1501 1876 1573 1911 scio

44 1934 154 1970 virum
179 1947 252 1970 esse
278 1934 405 1970 bonum
430 1938 467 1970 et
492 1934 630 1981 pictatis
656 1934 861 1976 studiosum,
898 1934 1023 1970 deinde
1048 1946 1117 1970 non
1141 1933 1258 1970 diffido
1282 1935 1398 1976 etiam,
1422 1935 1518 1971 illum
1531 1935 1575 1971 ab

44 1994 108 2030 hac
141 1997 236 2031 secta
268 1994 392 2030 abduci
416 1994 529 2030 adhuc
554 2007 654 2042 posse
680 2007 739 2042 per
764 1995 830 2030 Dei
855 1995 1013 2042 gratiam,
1037 1994 1065 2030 si
1089 1994 1273 2042 aliquoties
1299 1995 1411 2031 adhuc
1435 2007 1512 2031 cum
1530 2008 1572 2031 eo

44 2055 290 2102 colloquamur.
316 2055 403 2091 Ideo
429 2067 489 2102 pro
515 2055 575 2091 illo
600 2067 695 2103 rogo,
721 2058 761 2092 ut
787 2059 926 2103 propter
950 2067 1044 2102 spem
1071 2056 1339 2102 resipiscentiae,
1367 2069 1468 2103 quam
1491 2057 1573 2093 mihi

44 2117 209 2163 optimam
245 2116 408 2163 colligere
442 2128 541 2163 posse
564 2115 691 2157 videor,
715 2116 757 2152 ad
796 2129 900 2152 unum
926 2128 1075 2152 mensem
1099 2116 1150 2152 illi
1176 2117 1396 2163 permittatur
1418 2117 1472 2154 liic
1497 2130 1573 2154 esse

46 2177 215 2224 Principis
241 2177 464 2218 authoritate,
488 2177 656 2224 siquidem
682 2177 746 2213 hoc
771 2190 791 2212 a
815 2189 878 2213 sua
903 2177 1119 2213 Celsitudine
1144 2178 1326 2224 impetrare
1353 2191 1502 2225 possum.

94 2239 130 2274 Si
165 2237 344 2285 paululum
378 2250 398 2273 a
423 2237 540 2273 morbo
566 2238 745 2273 revalncro
770 2237 904 2273 veniam
929 2239 1004 2283 ipsc
1028 2237 1073 2273 ad
1098 2238 1285 2284 principem
1311 2242 1390 2284 post
1413 2238 1486 2274 dics
1511 2240 1573 2275 ali·

43 2302 128 2346 quot
152 2302 188 2334 et
219 2298 302 2334 haec
326 2310 413 2345 quae
437 2298 557 2344 scripsi
583 2298 654 2344 ipse
679 2300 844 2344 repetam.
893 2298 1040 2333 Interim
1065 2297 1107 2332 de
1134 2297 1290 2333 Iohanne
1315 2298 1443 2334 Dierks
1467 2302 1573 2335 nauta

46 2371 248 2406 responsum
271 2362 431 2405 expecto.
483 2358 626 2405 Raptim
653 2357 782 2394 Emdac
807 2357 839 2394 d.
866 2368 906 2394 v1
931 2357 1024 2404 Sept,
1050 2359 1157 2394 1545.

789 2418 856 2468 Tui
880 2418 1155 2454 studiosissimus
1181 2419 1233 2455 Io.
1256 2417 1279 2454 ὲ,
1304 2419 1434 2455 Lusco.

93 2481 131 2518 Si
163 2480 246 2529 quid
281 2480 317 2516 in
342 2478 525 2517 scribendo
552 2491 610 2525 per
634 2479 889 2516 festinationem
917 2483 1096 2527 peccatum
1122 2484 1187 2521 est.
1214 2480 1364 2526 ignosce,
1389 2492 1458 2516 non
1482 2482 1573 2517 enim

47 2542 152 2589 relegi
178 2544 317 2589 propter
341 2540 589 2576 valetudinem.

95 2602 156 2649 [In
181 2603 299 2638 dorso:
336 2602 556 2637 ornatissimo
583 2601 667 2636 Viro
692 2601 827 2636 Domino
853 2604 1040 2637 Hermanno
1066 2602 1215 2643 Emathio,
1243 2601 1414 2648 Principis
1439 2603 1572 2638 nostrae

913 2670 931 2677 ᾳ

47 2663 262 2709 secretaria]

90 2774 115 2813 Ι)
138 2773 293 2807 Lenthius
326 2774 446 2806 Secrct.
477 2775 584 2806 Annae
613 2774 804 2807 Comitissac
832 2777 863 2807 ct
897 2775 1017 2806 Consul
1050 2774 1224 2813 Emdanus,
1259 2775 1446 2817 cumprimis
1469 2777 1575 2807 autem

46 2836 209 2858 sacrarum
240 2827 456 2859 restitutionis
491 2828 575 2870 apud
607 2839 681 2860 snos
716 2829 832 2866 fautor,
867 2839 929 2870 quo
959 2828 1089 2860 nomine
1111 2828 1248 2860 Lascum
1282 2828 1378 2860 ctiam
1409 2839 1576 2870 percarum

49 2891 120 2913 enm
143 2881 264 2914 habuit.
289 2882 339 2915 Cf.
364 2882 405 2916 U.
432 2882 571 2914 Eifflrus
595 2894 623 2917 o.
647 2883 667 2916 l.
690 2894 721 2926 p.
745 2884 805 2916 915
829 2895 875 2925 sq.
920 2885 946 2924 ²)
972 2883 1084 2916 Ger<1.:
1102 2885 1257 2927 perstare.

45 2964 430 2971 ---—--.--.—..-.-..*-7.>
438 2966 640 2972 ‘wm——v
1360 2965 1502 2969 s-ss--r
