1830 3147
823 130 891 165 563
1345 126 1410 171 [A.
1439 125 1484 161 1).
1512 125 1623 171 1543]

51 256 54 260 ’
95 248 158 274 nec
183 238 254 274 sine
280 249 382 274 causa
407 249 443 272 se
469 238 518 273 sic
546 236 718 282 patefecit.
747 237 835 273 Vult
851 249 914 272 nos
932 236 1094 283 alligatos
1113 247 1185 270 csse
1198 234 1242 270 ad
1257 246 1354 270 suum
1378 233 1623 275 testimonium,

95 297 139 333 ad
171 298 312 333 verbum
350 296 516 333 traditum
556 301 592 332 et
616 297 660 333 ad
687 298 927 340 ministerium,
950 295 1043 344 qnod
1067 296 1232 337 instituit,
1257 294 1333 331 vult
1357 293 1435 330 illos
1463 292 1626 330 exaudire

93 370 134 394 ac
164 359 326 405 recipere,
359 358 418 405 qui
454 361 650 405 agnoscunt
684 359 796 405 ipsum
830 370 866 394 58
905 357 1182 405 patefacientem,
1219 355 1298 392 vult
1330 355 1515 391 discrimen
1548 367 1622 390 esse

93 418 185 453 inter
216 422 366 460 coetum,
393 418 452 465 qni
480 429 544 454 nec
569 418 677 460 audit,
703 430 767 454 nec
793 422 901 458 curat.
926 429 989 454 nec
1015 417 1150 464 quaerit
1178 417 1289 452 Deum
1316 428 1390 452 sese
1415 415 1624 463 patefacien-

94 482 177 521 tem,
216 479 277 515 sed
314 483 375 516 aut
407 480 508 526 fingit
554 491 649 515 more
685 479 929 526 Philosophico
963 479 1142 526 opiniones
1168 477 1211 513 de
1235 478 1311 514 Deo
1336 491 1377 514 ex
1403 477 1551 513 humana
1575 488 1628 512 ra·

93 536 199 578 tione,
224 539 286 571 aut
309 538 413 571 etiam
441 535 620 571 maledicit
645 536 696 571 illi
722 536 913 577 doctrinae,
941 547 1042 583 quam
1071 535 1165 570 Deus
1192 546 1266 569 sese
1292 535 1502 580 patefaciens
1527 531 1627 568 nobis

93 596 248 632 tradidit.
285 596 364 632 Hoc
390 596 575 632 discrimen
602 600 638 632 et
665 597 725 632 lios
753 597 867 632 fontes
894 597 921 631 si
946 607 1157 636 curaremus,
1184 595 1480 641 magnificeremus
1506 605 1625 629 vocem

95 657 162 692 Dei
187 660 223 692 et
249 657 485 693 ministerium.
520 658 573 692 At
600 657 753 704 plerique
779 657 932 692 homines
958 655 1178 703 indulgemus
1203 655 1332 690 nostris
1357 653 1628 702 cogitationibus

94 722 130 752 et
166 718 362 764 quaerimus
396 718 581 754 concinnas
608 718 801 770 opiniones.
852 718 894 752 ld
919 729 1099 753 commune
1129 716 1255 751 malum
1282 718 1335 750 est
1360 716 1540 751 universae
1567 716 1630 749 hu-

97 790 216 814 manae
242 784 397 814 naturae.
448 779 515 814 Sed
543 791 734 825 repugnare
759 778 944 820 discamus,
978 782 1014 813 et
1049 777 1140 812 hunc
1175 788 1252 812 vere
1278 788 1353 812 esse
1380 776 1493 811 Deum
1519 778 1629 811 aeter-

94 851 177 874 nnm
203 839 415 875 conditorem
443 851 555 875 rerum
581 843 789 881 statuamus,
810 839 870 886 qui
895 851 958 874 sua
984 850 1068 873 voce
1094 841 1128 872 et
1156 838 1258 872 misso
1285 836 1376 872 Filio
1401 848 1464 871 suo
1484 849 1519 871 se
1535 839 1631 882 paic-

95 901 187 936 feeit.
235 900 305 936 Hic
335 905 387 936 est
423 901 497 936 cius
532 900 689 947 populus,
721 901 779 947 qui
815 912 892 935 eum
918 899 1030 939 audit,
1058 911 1128 934 non
1152 899 1210 946 qui
1235 898 1423 938 maledicit,
1453 902 1490 932 ut
1515 897 1631 939 Turci,

96 961 229 1003 ludaei,
266 962 416 1003 Ethnici,
450 962 623 1009 Epicurei,
661 961 873 997 Academici.
925 961 1006 995 Non
1041 960 1146 1007 igitur
1185 960 1414 995 transferatur
1450 959 1628 1006 promissio

95 1022 218 1058 salutis
242 1023 286 1064 ad
312 1029 449 1060 coetum
476 1023 574 1058 illum
601 1023 878 1058 maledicentem.
908 1021 1042 1057 Deinde
1069 1033 1144 1061 nos,
1172 1022 1230 1068 qui
1254 1021 1473 1067 agnoscimus
1497 1019 1626 1059 Deum,

94 1084 151 1129 qni
178 1096 213 1119 se
237 1096 300 1119 sua
327 1097 409 1119 voce
432 1088 468 1120 et
495 1085 597 1120 misso
623 1084 711 1120 Filio
737 1096 800 1119 suo
827 1084 1002 1130 patefecit,
1026 1088 1168 1117 utamur
1193 1082 1394 1117 ministerio.
1431 1080 1629 1116 luseramus

95 1143 270 1179 Ecclesiae
306 1156 368 1180 nos
392 1149 427 1180 et
453 1150 590 1180 nostros
618 1157 676 1191 per
703 1145 943 1185 ministerium,
968 1142 1061 1190 quod
1087 1144 1235 1178 existere
1262 1144 1294 1178 iu
1321 1142 1478 1178 Ecclesia
1502 1142 1628 1177 voluit.

98 1201 289 1236 Scriberem
324 1201 423 1248 plura
459 1204 488 1237 si
525 1209 621 1237 certo
656 1202 777 1236 scirem
816 1201 859 1235 ad
897 1205 932 1236 te
957 1200 1046 1237 hanc
1069 1201 1250 1247 epistolam
1278 1204 1520 1246 perventuram
1547 1211 1633 1235 esse.

96 1260 149 1295 De
175 1265 296 1297 nostro
321 1261 495 1308 colloquio
521 1262 622 1297 etiam
652 1261 746 1296 brevi
772 1265 806 1296 te
833 1262 1015 1296 certiorem
1042 1261 1196 1296 reddam.

143 1322 242 1358 Haec
266 1334 344 1358 cum
371 1323 568 1364 scriberem,
596 1323 676 1357 Dux
704 1322 908 1357 iuliacensis
935 1321 1110 1357 serebatur
1134 1322 1199 1357 iam
1227 1333 1302 1356 sese
1326 1324 1362 1356 et
1381 1333 1461 1356 suas
1481 1320 1630 1355 ditiones

97 1397 216 1420 omnes
242 1384 416 1420 dedidisse
445 1383 651 1431 Imperatori
677 1383 819 1418 Carolo.
870 1383 950 1418 Hoc
975 1383 1172 1423 constabat,
1207 1383 1376 1418 Duc-utum
1403 1382 1633 1418 Iuliacensem

94 1449 300 1491 occupatum
339 1458 411 1480 8558
446 1458 466 1480 a
504 1446 640 1480 Carolo.
689 1444 788 1479 Haec
813 1444 1088 1491 qualemcunque
1116 1444 1274 1478 habitura
1299 1443 1370 1478 sint
1396 1444 1540 1483 exitum,
1571 1443 1632 1477 Ec·

94 1506 234 1541 clesiam
266 1518 366 1553 spero
403 1506 478 1543 Deo
511 1517 612 1541 curae
647 1506 796 1541 futuram
834 1517 919 1541 esse.
972 1506 1068 1540 Bene
1105 1505 1191 1546 vale,
1225 1505 1280 1539 die
1305 1515 1387 1540 xv11
1420 1503 1632 1551 Septembris

99 1568 204 1601 1543.

97 1783 160 1818 N0.
187 1783 242 1819 14.
600 1780 706 1828 [Gahb.
723 1792 747 1824 p.
763 1782 819 1813 4955.
834 1782 850 1812 G
863 1781 948 1813 erd.s
969 1792 991 1814 a.
1007 1779 1053 1814 llb.
1074 1781 1124 1814 40⁸.
1139 1781 1334 1816 lirelsclinffi.
1352 1782 1380 1817 lt.
1393 1782 1434 1822 Ep.
1450 1782 1500 1816 llel.
1514 1779 1627 1825 [2:31]

521 1902 579 1938 Ad
605 1901 824 1937 Pfflmrrtm
851 1901 1206 1937 MELANcuTuoNEM.

146 2039 258 2076 Video
290 2044 325 2076 tc
349 2039 504 2075 nonnihil
532 2039 700 2075 offensum
727 2039 834 2074 fuisse
859 2037 969 2073 literis
996 2038 1091 2080 meis,
1118 2038 1181 2073 Vir
1208 2037 1435 2074 Doctissime!
1461 2036 1563 2085 idque
1589 2049 1630 2075 ex

96 2102 224 2137 aemuli
257 2102 434 2137 cniusdam
474 2102 551 2143 mei,
577 2104 741 2148 quantum
769 2100 883 2139 audio,
909 2100 1145 2146 instigatione,
1171 2100 1242 2147 qui,
1271 2103 1309 2135 ut
1333 2099 1513 2135 dissidium
1540 2099 1629 2135 inter

97 2175 160 2197 nos
193 2165 333 2202 sereret,
369 2174 409 2198 ac
435 2161 514 2197 inde
540 2161 676 2196 demum
702 2161 794 2196 illius
823 2164 1004 2206 praetextu
1030 2172 1165 2196 omnem
1194 2160 1274 2195 mihi
1298 2161 1541 2196 auctoritatem
1568 2162 1627 2196 ab·

96 2226 246 2269 rogaret,
274 2222 457 2270 Evangelii
483 2234 521 2257 se
546 2221 741 2258 studiosum
769 2222 860 2268 apud
888 2227 920 2257 te
943 2221 1107 2268 fingebat,
1135 2222 1235 2257 homo
1260 2221 1391 2268 alioqui
1416 2234 1485 2258 non
1511 2221 1628 2259 indoc-

95 2289 164 2324 tus,
201 2282 260 2318 sed
295 2282 479 2330 Evangelii
514 2295 668 2318 summus
703 2286 737 2317 et
774 2282 856 2317 mire
883 2282 1028 2317 callidus
1055 2282 1286 2318 adversarius.
1336 2282 1483 2318 Causam
1511 2287 1624 2319 autem

94 2345 291 2380 offensionis
317 2356 391 2379 eam
417 2343 520 2379 fuisse
544 2343 715 2390 intelligo,
741 2342 833 2390 quod
859 2343 893 2378 in
919 2343 985 2378 illis
1013 2343 1106 2378 visus
1132 2343 1195 2378 tibi
1220 2343 1282 2378 sim
1309 2342 1460 2379 tribuere
1477 2344 1624 2380 salutem

92 2406 283 2442 infantibus
309 2405 462 2441 omnium
493 2404 733 2440 Ethnicorum.
784 2404 859 2450 Ego
893 2415 987 2444 vero,
1024 2404 1068 2439 mi
1095 2403 1273 2451 Philippei
1298 2404 1364 2440 etsi
1389 2417 1458 2441 non
1485 2417 1625 2451 prorsus

90 2479 223 2504 caream
257 2467 448 2513 scripturae
482 2466 702 2507 testimoniis,
735 2464 860 2512 quibus
893 2465 926 2500 id
962 2465 1044 2500 mihi
1078 2465 1167 2501 tucri
1201 2477 1301 2511 posse
1327 2464 1455 2506 videor,
1481 2470 1516 2502 et
1541 2471 1627 2513 puto

91 2528 125 2565 id
151 2528 196 2564 ad
220 2528 348 2564 Christi
373 2527 514 2574 gloriam
540 2526 705 2571 imprimis
731 2526 914 2572 pertinere,
942 2530 980 2560 ut
1007 2525 1098 2561 illius
1119 2526 1319 2562 beneficium
1337 2539 1439 2574 quam
1461 2527 1624 2563 latissime

93 2593 210 2636 patere
244 2601 285 2625 ex
319 2588 423 2623 verbo
455 2587 521 2622 Dei
553 2585 753 2627 doceamus,
793 2590 910 2621 tamen
944 2585 980 2621 in
1018 2597 1092 2621 mea
1116 2585 1160 2621 ad
1186 2589 1220 2621 te
1245 2586 1393 2633 epistola
1415 2587 1500 2622 nihil
1526 2588 1626 2624 huius

88 2651 261 2697 attingere
286 2648 455 2692 volebam,
481 2645 758 2696 quandoquidem
787 2646 820 2682 id
849 2647 912 2682 tibi
938 2659 997 2694 per
1023 2647 1208 2683 Albertum
1235 2651 1389 2684 nostrum
1415 2650 1628 2686 transmissis

90 2711 132 2746 ad
159 2717 192 2747 te
216 2711 351 2757 scriptis
375 2709 580 2757 quibusdam
607 2709 689 2744 meis
715 2708 966 2754 significaram.

138 2772 220 2813 Sed,
252 2783 328 2807 cnm
362 2772 397 2807 in
429 2770 494 2806 1108
526 2769 737 2816 potissimum
769 2773 888 2804 nostra
914 2771 1073 2804 versatur
1097 2767 1308 2814 disputatio:
1333 2770 1387 2804 An,
1407 2782 1471 2816 per
1497 2771 1620 2817 bapti-v-

88 2844 168 2867 ntum
187 2833 324 2878 proprie
347 2832 535 2866 inseramur
559 2832 591 2865 in
618 2830 797 2865 Ecclesiam
826 2830 985 2865 Christi?
1013 2849 1056 2855 -
1078 2827 1112 2863 id
1137 2828 1228 2876 quod
1245 2833 1281 2864 tu
1297 2829 1377 2866 milii
1396 2831 1553 2878 equidem
1568 2833 1616 2867 af·

87 2893 219 2929 firmare
239 2890 493 2941 quodammodo
519 2890 609 2926 velle
635 2891 729 2926 visus
753 2902 788 2926 es
816 2910 859 2916 -—
884 2902 948 2938 ego
972 2890 1014 2926 de
1041 2894 1251 2928 nostrorum.
1277 2890 1340 2926 hoe
1367 2895 1420 2926 est
1461 2890 1501 2927 de
1519 2893 1614 2928 Cin-i-

1365 2952 1434 2987 30³³
