1830 3147
804 167 872 205 725
1332 168 1398 215 [A.
1423 168 1467 205 D.
1491 168 1602 216 1556]

65 275 175 322 ipsam
212 287 309 311 suam
334 274 526 312 doctrinam
564 275 669 312 mihi
706 275 916 324 approbare:
954 289 1025 313 non
1050 280 1172 325 putare
1208 279 1325 314 autem
1351 289 1388 314 se
1413 277 1598 326 quicquam

64 336 100 372 in
138 335 203 373 hoc
238 339 443 383 argumento
478 338 732 373 controversiae
767 339 857 374 inter
883 350 945 374 nos
967 350 1051 381 esse,
1075 338 1142 374 nisi
1167 338 1209 374 de
1233 340 1386 386 corporis
1409 339 1539 375 Christi
1564 338 1601 375 in

63 398 137 442 ipso
171 409 282 445 pane
314 402 376 433 ant
401 396 468 433 sub
493 397 569 444 ipso
595 411 681 445 pane
708 411 835 435 coenae
861 400 945 435 reali
969 411 1010 436 ac
1032 400 1256 436 substantiali
1281 401 1489 447 praesentia,
1513 400 1599 436 hauc

65 458 181 505 itaque
199 457 263 494 sibi
290 457 500 505 probandam
524 471 613 494 esse.
640 460 696 495 Ad
723 461 796 495 eius
816 460 923 507 igitur
943 460 1182 507 probationem
1203 460 1273 497 duo
1291 460 1365 497 loca
1391 461 1434 496 D.
1460 461 1602 496 Bren-

63 518 157 554 tius
192 518 466 565 proferebat.
511 520 660 556 Primum
685 520 765 556 Joh.
792 521 821 557 1.
871 536 888 552 u
901 521 1053 558 Verbum
1078 534 1158 558 caro
1185 524 1313 559 factum
1340 526 1428 558 esr'.
1460 521 1595 557 Deinde

69 579 252 616 articulum
268 592 308 615 ex
330 580 493 627 Symbolo
521 581 756 618 “ascenditin
771 582 921 625 coelum,
937 582 1035 619 sedet
1053 583 1097 619 ad
1122 583 1277 619 dextram
1303 583 1453 619 Patris'’.
1479 584 1600 619 Ratio-

65 641 196 677 cinatio
229 646 380 677 autem
413 642 520 688 ipsius
553 645 773 690 expriore
808 643 889 681 hoc
927 645 1054 681 Ioan.
1092 645 1195 681 loco
1231 645 1437 681 collecta
1474 645 1600 681 eius-

64 702 180 739 modi
204 706 292 739 erat:
326 709 466 750 (eorpus
493 703 623 739 Christi
660 704 798 740 realiter
831 717 871 741 ae
895 705 1171 742 substantialiter
1196 709 1251 741 est
1276 705 1413 754 ubique,
1437 717 1519 753 ergo
1545 709 1598 740 est

63 762 179 803 etiam,
217 762 397 798 exhibetur
434 763 688 811 percipiturque
721 776 780 799 ore
819 764 951 800 carnali
986 765 1020 800 in
1051 777 1137 811 pane
1162 765 1236 800 sive
1261 766 1323 801 sub
1349 777 1433 811 pane
1458 776 1599 801 coenae.

65 823 123 859 Ad
150 823 362 871 probandum
389 836 490 870 porro
522 825 675 871 corporis
699 824 830 860 Christi
856 826 1084 873 ubiquitatem
1108 826 1182 868 hos,
1208 828 1247 862 ut
1270 826 1352 868 dixi,
1377 826 1471 862 locos
1497 825 1598 862 indu-

65 883 166 919 cebat
202 885 318 931 sieque
352 885 694 932 argumentabaturz)
744 886 934 932 personalis
971 886 1052 922 uuio
1088 886 1225 922 divinae
1265 889 1302 922 et
1334 886 1504 922 humanae
1538 900 1598 923 na-

70 948 166 980 turae
202 944 238 980 in
274 945 415 980 Christo
453 945 618 981 eiusmodi
657 949 711 981 est
734 946 831 982 iuxta
857 946 921 983 hoe
947 947 1112 983 Iohannis
1139 947 1386 989 testimonium,
1413 951 1450 983 ut
1475 951 1599 984 neutra

68 1016 184 1041 earum
221 1008 421 1041 naturarum
455 1005 529 1041 ullo
562 1005 757 1053 amplius
793 1010 854 1041 aut
891 1005 1043 1042 locorum
1081 1006 1275 1054 (deinceps)
1307 1010 1370 1042 aut
1405 1010 1597 1053 temporum

66 1066 252 1103 intervallo
289 1067 408 1103 divelli
441 1067 485 1103 ab
512 1067 659 1103 invicem
693 1078 833 1115 quoquo
870 1080 1010 1115 prorsus
1035 1067 1138 1104 modo
1164 1069 1296 1115 possit:
1328 1081 1410 1115 ergo
1434 1068 1597 1114 quemad-

68 1127 204 1163 modum
243 1128 417 1164 Divinitas
453 1128 496 1163 ab
533 1128 747 1164 humanitate
780 1129 816 1165 in
851 1129 989 1165 Christo
1025 1131 1176 1177 separari
1217 1141 1328 1177 neque
1369 1130 1454 1166 locis
1489 1142 1599 1178 neque

66 1190 278 1237 temporibus
294 1190 371 1226 ullis
390 1195 505 1237 potest
526 1195 665 1237 propter
689 1191 904 1238 personalem
931 1192 1164 1234 unionem,—
1189 1193 1239 1228 ita
1265 1204 1380 1239 neque
1404 1192 1599 1229 humanitas

65 1262 104 1287 ac
139 1251 280 1297 proinde
318 1263 462 1297 neque
503 1262 628 1296 corpus
669 1263 806 1299 quoque
840 1251 948 1298 ipsius
983 1265 1003 1288 a
1040 1252 1233 1288 Divinitate
1258 1253 1362 1289 etiam
1384 1252 1502 1289 divelli
1529 1254 1600 1289 ullo

65 1310 211 1357 amplius
248 1310 348 1346 modo
385 1314 500 1357 potest
553 1310 699 1347 Perinde
726 1311 818 1347 enim
844 1311 1034 1347 violaretur
1060 1312 1251 1358 personalis
1277 1313 1336 1348 illa
1360 1313 1540 1361 utriusque
1565 1314 1601 1350 in

66 1371 204 1407 Christo
239 1375 385 1406 naturae
413 1371 507 1412 unio,
535 1372 608 1406 sive
633 1371 858 1407 Divinitatem
884 1371 926 1407 ab
953 1372 1180 1414 humanitate,
1205 1373 1277 1409 sive
1303 1372 1554 1409 humanitatem
1579 1387 1599 1409 a

69 1431 260 1467 Divinitate
295 1442 433 1479 quoquo
472 1432 573 1467 modo
597 1444 793 1478 separemus
830 1435 893 1468 aut
918 1432 1138 1470 divellamus.
1186 1434 1301 1481 Igitur
1327 1434 1524 1482 ubicunque
1549 1439 1601 1471 est

75 1493 247 1528 Divinitas
281 1492 422 1532 Christi.
458 1493 504 1528 ibi
538 1493 640 1527 etiam
679 1492 929 1529 humanitatem
954 1493 1064 1540 ipsius
1089 1498 1124 1530 et
1150 1495 1293 1541 proinde
1317 1507 1454 1543 quoque
1479 1507 1603 1543 corpus

67 1553 168 1590 eius
194 1553 300 1589 statui
326 1557 514 1600 (oportere)
542 1553 786 1600 oportebit.
821 1554 1050 1591 Divinitatem
1066 1567 1166 1602 porro
1194 1555 1274 1591 Filii
1302 1556 1365 1592 Dei
1385 1568 1472 1598 esse,
1497 1569 1602 1604 ergo

66 1617 109 1650 et
144 1625 308 1660 corpus
346 1613 523 1649 Christi
564 1625 688 1655 esse,
728 1613 854 1662 ubique
878 1627 918 1651 ac
946 1615 1089 1662 proinde
1114 1616 1218 1651 etiam
1245 1616 1280 1652 in
1306 1628 1393 1663 pane
1417 1628 1475 1652 seu
1517 1618 1601 1652 sub

70 1686 180 1722 pane
216 1686 395 1711 coenae.
430 1673 722 1723 Dicebatque
757 1674 802 1711 D.
827 1675 1048 1712 Brentius
1082 1675 1163 1712 hoc
1187 1677 1336 1724 ipsius
1361 1681 1601 1725 argumentum

66 1747 179 1782 neque
214 1735 365 1780 potuisse
389 1734 555 1771 hactenus
582 1748 692 1783 neque
718 1748 817 1782 posse
842 1737 945 1772 etiam
972 1749 992 1772 a
1017 1748 1192 1784 quoquam
1218 1738 1361 1774 refutari
1386 1739 1461 1774 sine
1497 1739 1605 1775 viola-

68 1796 162 1832 tione
196 1796 384 1843 personalis
423 1796 569 1832 duarum
606 1797 642 1833 in
675 1797 814 1833 Christo
839 1801 1038 1834 naturarum
1066 1799 1215 1835 unionis.
1266 1799 1462 1836 Articulum
1487 1803 1603 1836 autem

66 1858 109 1894 dc
148 1857 358 1893 Ascensione
384 1860 419 1892 et
445 1856 575 1892 Dextra
603 1857 668 1893 Dei
693 1858 742 1894 ita
767 1859 914 1906 urgebat
939 1859 1228 1906 quemadmodum
1266 1860 1370 1896 olim
1412 1860 1605 1897 Divinus

69 1918 244 1953 Lutherus
281 1929 417 1964 quoque
455 1918 613 1954 faciebat.
664 1918 795 1955 Dextra
834 1919 900 1955 Dei
936 1924 989 1955 est
1014 1919 1153 1968 ubique,
1188 1921 1348 1957 Christus
1370 1933 1514 1968 corpore
1539 1934 1604 1958 suo

68 1978 224 2014 ascendit
262 1978 295 2015 in
336 1979 471 2014 eoelum
512 1984 546 2014 et
583 1979 741 2015 consedit
769 1979 812 2015 ad
851 1980 1016 2016 Dextram
1044 1981 1120 2021 Dei,
1147 1993 1228 2028 ergo
1252 1994 1374 2029 corpus
1399 1982 1529 2018 Christi
1552 1987 1605 2019 est

70 2038 208 2085 ubique.
261 2040 398 2086 Hicque
435 2041 608 2076 demum
643 2039 781 2076 volebat
818 2041 983 2076 Brentius
1010 2046 1049 2077 ut
1074 2042 1125 2077 illi
1149 2042 1192 2078 ad
1219 2043 1395 2089 praedicta
1419 2043 1528 2090 ipsius
1553 2055 1604 2079 ar-

65 2103 231 2145 gumenta
263 2099 511 2146 responderem.
561 2100 636 2147 Ego
662 2112 741 2136 vero
766 2101 819 2147 egi
860 2103 1003 2147 primum
1038 2102 1167 2149 gratias
1207 2102 1360 2149 Principi
1393 2103 1484 2150 apud
1511 2105 1604 2149 ipsos

67 2160 127 2207 qui
163 2159 307 2196 aderant
339 2161 573 2201 ConsiliariOS.
606 2162 700 2209 quod
739 2174 814 2198 mea
847 2174 951 2198 causa
985 2175 1063 2199 eum
1097 2167 1233 2200 coetum
1268 2164 1487 2200 instituisset.
1539 2165 1605 2212 Egi

69 2223 151 2258 item
188 2226 223 2257 et
247 2220 316 2258 illis
348 2222 506 2258 omnibus
533 2223 590 2269 qni
617 2223 771 2264 aderant,
801 2224 944 2269 gratias,
978 2224 1072 2271 quod
1104 2223 1149 2260 ad
1185 2225 1436 2262 instituendum
1473 2239 1602 2262 meeum

68 2282 278 2330 colloquium
303 2283 493 2323 venissent,
513 2283 660 2331 mihique
684 2284 916 2330 gratissimum
941 2285 1058 2328 fuisse,
1084 2285 1166 2321 haec
1190 2285 1238 2322 ita
1263 2297 1306 2322 ex
1333 2284 1484 2323 Domino
1500 2288 1606 2324 Bren-

70 2343 119 2378 tio
144 2343 330 2385 audivisse,
353 2344 412 2379 scd
438 2355 577 2379 causam
604 2344 668 2379 mci
695 2356 735 2380 eo
760 2356 838 2381 cum
865 2345 1024 2391 Principe
1048 2345 1219 2382 adventus
1238 2346 1340 2382 aliam
1364 2348 1482 2391 fuisse,
1504 2360 1606 2396 quam

67 2408 107 2439 ut
142 2408 298 2451 putarem
337 2415 389 2439 me
426 2403 560 2450 ingredi
597 2403 721 2439 debere
759 2404 864 2440 ullam
894 2405 1163 2451 disputationem
1198 2405 1240 2442 de
1280 2408 1514 2444 controversia
1540 2408 1604 2445 hac

69 2464 281 2511 praescntiae
305 2476 366 2500 seu
391 2463 647 2500 delitescentiae
672 2465 824 2511 corporis
851 2464 981 2500 Christi
1007 2465 1041 2501 in
1065 2478 1151 2513 pane
1176 2479 1236 2503 seu
1254 2467 1320 2502 sub
1342 2481 1429 2514 pane
1450 2468 1601 2512 Cocnae,

67 2537 188 2573 nempe
222 2529 273 2567 ut,
309 2529 444 2572 (quum)
483 2526 694 2572 quoniam
730 2526 895 2573 Princeps
930 2526 1001 2573 ipsc
1040 2527 1217 2563 existimat
1252 2528 1444 2577 [-arct],
1480 2543 1542 2566 nos
1567 2531 1602 2567 in

69 2586 228 2623 doctrina
265 2587 308 2622 de
345 2588 461 2622 Coena
496 2587 635 2622 Domini
669 2599 688 2622 a
720 2588 944 2623 Confessione
971 2588 1181 2635 Augustana
1205 2589 1400 2630 dissentire.
1425 2590 1501 2627 loca
1527 2591 1611 2628 mihi

67 2648 184 2695 aliqua
209 2649 244 2684 in
280 2650 354 2695 ipsa
389 2649 614 2684 Consessione
649 2650 854 2695 Augustana
879 2653 1196 2686 commonstrantur
1224 2651 1489 2699 [·arentur],
1516 2665 1605 2700 quae

68 2720 146 2744 cum
171 2709 329 2745 doctrina
354 2712 472 2744 nostra
498 2714 700 2756 pugnarent.
752 2709 830 2746 Hoc
857 2709 966 2757 igitur
992 2723 1044 2745 me
1069 2711 1225 2757 inprimis
1251 2717 1375 2758 petere,
1404 2714 1542 2749 tametsi
1570 2715 1607 2749 li-

70 2769 191 2805 benter
216 2771 400 2806 auditurus
426 2782 532 2806 essem
559 2771 684 2811 omnia,
709 2782 798 2818 quae
820 2772 863 2807 ab
892 2772 972 2818 ipsis
997 2772 1225 2809 adferrentur.

119 2830 175 2865 Ad
200 2830 284 2867 haec
323 2843 451 2878 porro
479 2831 641 2866 Bromius
667 2833 832 2878 (rursum)
859 2833 1051 2869 doctrinam
1077 2845 1172 2869 suam
1199 2838 1235 2870 et
1259 2846 1399 2870 suorum
1425 2847 1499 2871 esse
1524 2849 1603 2872 ean-

71 2890 148 2925 dem
183 2903 260 2927 cum
295 2891 517 2927 Confi-ssione
545 2893 752 2937 Augus-tana
777 2905 816 2929 ac
854 2892 993 2938 proinde
1020 2895 1149 2930 frustra
1182 2907 1243 2930 nos
1280 2895 1500 2942 praetendere
1527 2907 1607 2931 con-

71 2951 268 2987 sensionem
292 2963 369 2988 cum
400 2956 606 3000 Augustana
632 2954 870 2995 Confessimm,
897 2955 925 2989 si
951 2955 993 2989 ab
1019 2955 1146 3001 (illins)
1173 2955 1272 2991 illis
1305 2960 1340 2992 et
1362 2968 1502 2991 suorum
1529 2958 1605 2992 doc-
