1830 3147
186 103 248 151 [A.
275 103 319 140 D.
345 102 455 151 1548]
914 102 984 139 614

193 212 347 250 exhiberi
371 212 521 260 proprie,
546 210 606 248 sed
630 212 668 248 in
693 222 796 248 cruce
819 211 928 248 semel
945 223 1026 250 vere
1043 212 1238 249 exhibitum
1256 225 1332 251 esse
1349 214 1464 252 dicere
1479 213 1665 258 malumus,
1681 235 1729 246 —-

194 285 336 311 coenam
362 286 445 310 vero
470 273 591 317 fuisse,
618 275 704 310 tunc
728 285 810 310 cum
835 273 1098 319 institueretur,
1123 275 1292 312 instantis
1316 276 1385 313 iam
1409 275 1508 313 illius
1533 276 1644 324 ipsius
1670 288 1728 313 ex-

193 333 387 378 hibitionis,
412 346 508 371 nunc
530 347 615 371 vero
640 334 781 371 demum
807 334 1001 382 completae
1026 335 1182 383 sigillum
1215 339 1252 373 et
1277 337 1583 381 contestationem,
1609 350 1729 385 quem-

193 397 380 434 admodum
405 397 554 446 ipsemet
579 397 742 434 Christus
767 397 835 433 ait:
863 396 959 444 quod
984 409 1046 444 pro
1064 397 1164 434 vobis
1182 398 1348 443 traditur,
1367 420 1415 429 -
1430 411 1469 435 ac
1486 411 1643 435 rursum:
1662 398 1729 436 hoc

192 459 298 495 facite
322 459 358 495 in
383 458 452 495 mei
476 458 768 496 recordationem.
810 458 1009 502 Caeterum,
1035 458 1084 494 mi
1108 458 1273 496 Albarte!
1299 459 1465 496 assentiri
1489 472 1561 496 non
1584 472 1728 508 possum

192 520 245 557 1111
278 520 531 568 comparationi
563 524 647 557 tuae
681 519 724 556 de
757 519 930 564 columba,
962 518 1005 556 de
1037 519 1221 557 inflatione
1255 520 1388 557 Christi
1412 520 1451 557 in
1475 520 1667 568 Apostolos
1694 523 1731 558 et

194 583 330 632 Spiritu
362 583 503 620 Sancto.
551 582 619 619 Est
652 581 794 630 quidem
824 581 1008 628 ingeniosa
1040 581 1197 629 adeoque
1230 585 1267 619 et
1301 582 1468 631 speciosa,
1514 582 1639 627 fateor,
1664 596 1730 622 nec

192 645 317 691 ignoro
341 644 439 681 illam
463 644 689 681 vehementer
714 643 844 690 urgeri,
871 642 938 680 5015
963 655 984 679 a
1008 643 1149 690 quibus.
1175 643 1243 680 Sed
1268 657 1339 681 non
1364 643 1478 689 video,
1504 646 1546 680 ut
1571 656 1662 692 quae
1686 643 1730 682 de

192 706 321 754 spiritu
346 706 527 750 dicuntur,
553 705 597 742 ad
622 705 732 753 ipsam
757 704 863 741 etiam
888 704 1125 741 substantiam
1150 706 1306 752 corporis
1333 706 1467 742 Christi
1492 706 1616 743 referri
1634 707 1729 744 omni

192 780 235 804 ex
271 770 371 815 parte
395 767 545 815 possint.
595 766 749 814 Spiritus
774 765 877 802 iuxta
899 765 1013 813 ipsam
1037 765 1144 802 etiam
1169 766 1369 803 divinitatis
1394 779 1479 804 suae
1503 767 1728 804 existentiam

191 828 305 876 replet
330 828 464 872 omnia,
486 830 529 864 ut
552 827 632 865 scis.
658 827 713 864 De
739 827 894 875 corporis
920 827 1064 863 Domini
1089 827 1195 863 etiam
1219 827 1408 874 glorificati
1425 828 1624 864 substantia
1639 829 1729 866 nihil

191 890 295 926 huius
321 889 498 933 habemus,
523 889 594 925 imo
620 901 702 925 vero
729 888 859 924 diserte
884 888 1049 924 habemus
1077 901 1180 929 ,non
1205 891 1261 925 est
1279 889 1369 926 hic'’.
1395 889 1450 926 Ut
1467 889 1578 936 igitur
1594 889 1729 934 demus,

190 949 361 997 Spiritum
393 950 560 986 Sanctum
593 949 695 985 iuxta
726 947 961 985 substantiam
994 961 1093 985 suam
1122 948 1161 985 in
1200 948 1371 994 columba,
1397 949 1436 986 in
1459 950 1573 987 halitu
1598 951 1732 988 Christi

193 1011 337 1047 Domini
361 1010 528 1054 adfuisse,
554 1023 626 1047 non
650 1010 729 1047 ideo
755 1009 903 1046 efficitur
927 1009 1082 1054 interim,
1108 1014 1150 1047 ut
1167 1010 1323 1059 corporis
1342 1011 1476 1048 Christi
1494 1012 1729 1049 substantiam

192 1072 261 1108 iam
293 1073 330 1109 in
356 1084 464 1109 coena
488 1071 531 1108 ad
557 1071 705 1108 eundem
730 1071 873 1109 modum
897 1070 1017 1108 adesse
1042 1083 1105 1108 seu
1128 1071 1243 1109 inesse
1267 1072 1460 1110 credamus.
1509 1073 1648 1110 Omitto
1672 1073 1729 1110 hic

191 1133 374 1171 discrimen
408 1133 508 1178 iliud,
542 1132 638 1181 quod
664 1133 839 1170 Dominus
865 1133 938 1181 ipse
963 1132 1153 1170 constituit
1178 1132 1272 1170 inter
1298 1133 1470 1182 Spiritum
1495 1137 1532 1171 et
1556 1134 1626 1171 iam
1651 1134 1726 1181 glo-

193 1198 367 1234 rificatum
392 1209 520 1245 corpus
546 1209 663 1234 suum.

239 1260 319 1296 Hoc
349 1271 461 1295 unum
493 1258 628 1295 addam.
677 1258 713 1295 Si
747 1269 868 1293 verum
894 1258 960 1300 est,
986 1254 1280 1303 quemadmodum
1306 1266 1389 1291 sane
1413 1254 1635 1291 verissimum
1661 1258 1728 1300 est,

194 1321 238 1357 ad
262 1319 411 1357 eundem
436 1320 579 1356 modum
605 1331 670 1356 nos
695 1317 954 1355 communicare
978 1316 1118 1365 corpori
1142 1318 1179 1352 et
1204 1315 1367 1363 sanguini
1393 1315 1529 1352 Christi
1554 1316 1592 1352 in
1607 1328 1728 1362 coena,

193 1380 488 1430 quemadmodum
520 1380 694 1419 catholica
728 1379 883 1416 Ecclesia
918 1378 969 1414 1111
1001 1377 1274 1415 communicavit
1310 1377 1349 1413 111
1381 1376 1459 1413 aliis
1493 1378 1727 1415 Sacramentis

192 1449 265 1482 tam
291 1445 468 1482 veteribus
494 1456 600 1491 quam
625 1442 739 1486 novis,
764 1462 811 1471 —-
835 1442 931 1478 certe
956 1452 1037 1477 011111
1062 1440 1096 1476 111
1122 1442 1241 1476 vetere
1257 1438 1414 1476 Ecclesia
1431 1438 1550 1475 eadem
1566 1438 1730 1476 existerit

192 1507 349 1554 corporis
375 1510 411 1542 et
436 1504 617 1553 sanguinis
643 1503 776 1540 Christi
801 1500 1002 1538 communio
1027 1500 1065 1538 111
1088 1513 1158 1537 usu
1183 1499 1461 1537 circumcisionis
1487 1502 1525 1537 et
1549 1500 1643 1547 Agni
1659 1501 1726 1537 Pa-

191 1567 328 1611 schaliS,
354 1565 648 1614 quemadmodum
673 1564 708 1600 id
734 1575 896 1611 expresse
921 1561 1056 1598 Paulus
1081 1561 1197 1606 docet,
1222 1573 1262 1598 ac
1288 1560 1435 1598 dubium
1460 1573 1532 1598 non
1557 1561 1618 1606 sit,
1643 1561 1727 1599 sub-

192 1629 360 1666 stantiam
384 1627 540 1676 corporis
566 1626 699 1663 Christi
723 1625 793 1662 11115
819 1624 1052 1661 Sacramentis
1078 1623 1235 1660 nondum
1253 1627 1340 1661 111110
1357 1624 1408 1660 ita
1424 1624 1588 1669 adfuisse,
1607 1637 1727 1673 quem-

191 1691 379 1728 admodum
413 1690 566 1738 Spiritus
601 1689 752 1724 Sanctus
784 1686 965 1724 columbae
997 1688 1033 1722 et
1065 1685 1192 1722 halitui
1226 1685 1358 1721 Christi
1382 1685 1497 1722 adfuit
1523 1687 1610 1733 (11011
1635 1687 1727 1723 0111111

194 1755 280 1789 111110
314 1752 427 1788 adhuc
452 1750 524 1787 ulla
549 1749 706 1798 corporis
733 1748 865 1785 Christi
890 1747 1089 1783 substantia
1115 1746 1303 1793 exstabat),
1328 1766 1376 1775 -·
1399 1759 1444 1782 ne
1468 1758 1562 1783 nunc
1586 1746 1727 1794 quidem

196 1815 307 1851 facere
338 1813 472 1861 aliquid
504 1814 623 1860 potest
648 1809 842 1847 similitudo
867 1809 927 1845 illa
952 1808 995 1845 de
1019 1808 1191 1853 columba,
1217 1807 1331 1844 halitu
1356 1807 1487 1844 Christi
1513 1813 1549 1845 et
1574 1808 1729 1856 Spiritus

193 1876 313 1913 Sancti
346 1874 543 1923 praesentia
573 1872 618 1909 ad
650 1870 864 1921 probandam
901 1869 1003 1906 nobis
1034 1870 1072 1906 in
1102 1881 1211 1906 coena
1243 1868 1308 1906 sub
1333 1881 1421 1917 pane
1445 1871 1509 1906 aut
1533 1881 1612 1906 cum
1638 1882 1728 1918 pane

194 1937 427 1987 praesentiam
454 1934 674 1973 substantiae
699 1933 855 1980 corporis
882 1931 1025 1968 Christi.

241 1999 338 2036 Haec
362 1998 406 2035 ad
431 2001 505 2042 tua,
531 2001 567 2034 et
592 1996 690 2033 dabis
714 1995 855 2032 veniam
880 1999 1023 2031 nostrae
1046 1991 1215 2036 libertati,
1240 1991 1288 2028 mi
1313 1991 1480 2028 Albarte!
1507 2005 1528 2029 a
1548 1993 1672 2029 nostro
1690 1993 1727 2030 in

195 2065 231 2098 te
255 2073 372 2097 amore
396 2059 584 2108 profectae.
609 2057 763 2104 Reliqua
787 2068 878 2104 quae
901 2055 945 2091 ad
961 2067 1016 2091 me
1033 2053 1156 2091 scribis
1173 2052 1301 2090 curabo
1318 2052 1480 2097 fideliter,
1497 2052 1547 2089 mi
1562 2053 1728 2090 Albarte!

195 2123 262 2159 Sed
299 2122 435 2165 vellem,
472 2119 580 2157 semel
612 2121 788 2156 statueres
813 2118 920 2160 certe,
945 2114 1087 2152 ubinam
1114 2113 1248 2163 [sedem
1272 2114 1408 2150 fixurus
1433 2113 1511 2162 sis].
1559 2114 1652 2151 Nam
1676 2115 1728 2152 ita

195 2196 365 2232 suspenso
391 2181 507 2219 animo
533 2192 668 2228 semper
694 2192 780 2223 esse,
806 2191 877 2215 non
904 2176 1005 2214 video
1032 2175 1118 2224 quid
1145 2175 1282 2211 fructus
1307 2174 1453 2211 adferat.
1495 2174 1532 2210 Si
1557 2187 1598 2212 οο
1623 2174 1728 2223 plane

196 2260 233 2282 es
264 2245 379 2281 animo
413 2246 458 2280 ut
489 2243 537 2278 sis
569 2241 762 2284 nobiscum,
798 2239 896 2276 locus
931 2240 1075 2287 paratus
1101 2241 1167 2281 est,
1198 2235 1301 2273 modo
1326 2241 1369 2272 ut
1394 2235 1488 2272 dieas
1524 2235 1631 2276 ‘'Ja'&
1679 2235 1729 2272 Et

196 2306 322 2344 vellem
355 2307 398 2342 ut
430 2304 570 2348 faceres,
609 2302 639 2339 si
664 2315 720 2339 me
743 2300 876 2338 audias.
924 2299 1002 2346 Ego
1028 2311 1100 2335 non
1124 2298 1296 2345 resumpsi
1320 2297 1566 2341 ministerium,
1591 2296 1640 2332 mi
1664 2296 1726 2334 Al-

200 2368 314 2406 barte!
349 2367 411 2404 sed
437 2369 537 2403 extra
561 2377 692 2402 munus
716 2364 781 2401 hoc
806 2362 993 2400 ministerii
1017 2373 1157 2409 operam
1183 2372 1292 2397 meam
1317 2359 1476 2408 Principi
1501 2358 1626 2403 detuli,
1651 2361 1726 2395 tan-

202 2431 311 2478 tisper
346 2429 430 2466 dum
464 2427 519 2465 1110
554 2439 677 2464 maneo
718 2425 913 2473 rogavique
945 2427 988 2461 ut
1018 2423 1126 2461 alium
1159 2421 1237 2460 loco
1276 2434 1352 2459 meo
1377 2422 1415 2458 in
1440 2424 1597 2470 tempore
1621 2431 1727 2468 quae-

197 2494 288 2528 rant.
336 2490 441 2526 Nova
466 2488 575 2525 nulla.
625 2487 726 2524 Vale.

242 2552 290 2588 Et
315 2555 413 2587 tuam
439 2563 481 2587 ex
507 2549 608 2586 nobis
632 2549 686 2586 hic
711 2547 872 2585 omnibus
897 2545 1082 2594 diligenter
1108 2545 1235 2582 saluta.
1261 2544 1401 2581 Salutat
1425 2546 1462 2580 te
1486 2554 1571 2586 mea,
1596 2542 1725 2578 iterum

194 2615 282 2653 vale.
308 2614 482 2651 Haberem
507 2626 589 2651 sane
615 2624 705 2659 quae
729 2611 795 2648 tibi
819 2610 856 2646 in
881 2613 944 2646 tua
968 2610 1038 2646 ista
1062 2620 1167 2645 causa
1190 2607 1272 2644 usui
1297 2607 1415 2643 essent
1440 2603 1610 2641 fortassis.
1658 2602 1726 2639 Sed

198 2678 281 2712 haec
306 2676 342 2711 in
367 2675 497 2712 chartis
523 2674 575 2710 ita
599 2673 753 2721 dispersa
777 2674 872 2716 sunt,
898 2673 941 2707 ut
966 2682 1037 2707 non
1062 2669 1162 2706 facile
1179 2667 1299 2716 colligi
1314 2666 1463 2714 possint,
1479 2663 1593 2701 multo
1611 2663 1726 2700 minus

197 2742 315 2776 autem
341 2737 501 2774 describi.
531 2736 627 2783 Quin
653 2748 696 2772 ne
721 2734 757 2770 id
781 2733 922 2782 quidem
948 2732 1044 2780 quod
1069 2744 1163 2768 nunc
1188 2730 1300 2767 scribo
1327 2727 1474 2767 describi
1499 2728 1630 2774 potuit,
1656 2726 1725 2763 imo

207 2813 322 2847 neque
348 2799 468 2845 relegi.
502 2799 616 2845 laque
642 2798 814 2845 ignosces.
840 2795 960 2831 Tertio
986 2794 1074 2830 vale.
1111 2793 1160 2830 Et
1185 2793 1239 2829 fac
1263 2791 1406 2828 inducas
1430 2788 1585 2825 animum
1610 2790 1652 2824 ut
1677 2789 1725 2825 sis

199 2861 392 2900 nobiscum.
440 2859 637 2896 Meministi
666 2858 807 2895 illorum
841 2856 994 2894 militum
1027 2855 1089 2902 qui
1114 2867 1152 2891 se
1176 2855 1280 2890 finem
1304 2853 1340 2888 in
1364 2849 1604 2887 Alexandrum
1629 2850 1724 2886 inve-

200 2923 302 2962 hendi
328 2923 483 2960 facturos
507 2933 579 2958 non
603 2920 776 2964 dicebant,
801 2919 831 2955 si
855 2930 926 2955 non
950 2916 1029 2953 illos
1055 2916 1176 2953 vinum
1201 2913 1394 2952 defecisset.
1435 2911 1494 2950 Ita
1519 2923 1633 2958 neque
1658 2923 1723 2958 ego
