1830 3147
183 109 254 144 214

186 220 266 257 vult
305 220 457 266 bonum,
489 226 524 258 et
561 220 682 257 facere
714 219 752 257 id
791 219 891 271 quod
928 230 1005 258 non
1048 220 1126 257 vult
1161 220 1315 267 malum,
1341 221 1513 268 adactum
1546 221 1715 260 videlicet

184 298 250 335 per
276 285 530 322 membrorum
557 284 688 333 legem,
716 297 827 335 quam
855 285 895 322 in
917 297 1070 336 corpore
1092 298 1158 322 suo
1178 285 1349 335 agnoscit
1370 284 1412 333 ⁵).
1442 286 1622 337 Displicet
1641 286 1713 324 sibi

186 348 275 384 item
303 348 342 384 in
372 347 502 384 morbo
532 348 615 391 hoc,
642 348 823 398 illumque
851 361 926 385 non
956 352 1105 385 accusat
1134 349 1258 393 modo,
1285 349 1349 386 sed
1367 349 1476 386 etiam
1496 350 1714 397 gravissime

188 412 366 461 deplorat,
403 410 491 448 dum
530 412 601 449 ait:
656 411 818 449 Infoelix
856 425 938 461 egO,
973 433 1022 440 —
1051 425 1258 463 corpusque
1285 427 1394 450 suum
1423 402 1715 464 mortiscorpus

186 476 359 526 appellat.
416 476 574 512 Interim
612 489 698 513 vero
742 489 817 513 non
855 480 1058 520 aversatur,
1087 475 1146 513 sed
1178 477 1316 527 expetit
1343 481 1423 514 toto
1451 481 1600 527 pectore
1629 477 1716 514 mali

188 540 296 577 huius
323 540 540 584 remedium,
568 540 654 577 dum
691 541 763 578 ait:
804 540 902 578 Quis
929 553 987 577 me
1014 540 1217 578 liberabit?
1260 541 1509 592 Amplectitur
1537 542 1716 587 oblatum,

188 604 277 641 dum
306 604 377 641 ait:
430 604 579 642 Gratias
607 618 678 653 ago
707 604 785 641 Deo
813 617 877 655 per
904 605 1028 642 Iesum
1060 605 1263 644 Christum.
1319 607 1400 644 Nec
1430 606 1561 644 diffidit
1588 607 1716 645 oblato

187 669 226 706 in
265 669 415 707 Christo
452 669 630 715 remedio,
660 669 746 706 dum
775 682 812 707 se
839 670 921 719 lege
948 669 1078 707 saltem
1105 670 1241 708 mentis
1269 684 1355 721 suae
1380 672 1456 720 legi
1483 671 1553 709 Dei
1581 672 1718 710 servire

188 735 301 773 sentit
336 756 387 764 --
413 748 524 785 quam
564 735 701 771 bonam
738 734 880 784 alioqui
917 739 953 771 et
989 740 1155 772 sanctam
1190 748 1270 773 esse
1296 736 1468 785 agnoscit
1495 758 1544 765 —-
1572 737 1716 774 etiamsi

184 800 267 848 lege
302 800 552 837 membrorum
591 800 642 837 ita
671 812 709 836 56
737 812 957 849 oppressum
985 813 1064 837 6556
1093 800 1227 846 videat,
1253 804 1295 838 ut
1323 805 1476 852 peccato
1505 801 1593 839 velit
1620 802 1717 839 nolit

184 864 322 901 servire
357 864 498 901 invitus
534 868 701 912 cogatur.
758 863 978 900 Gratulatur
1017 868 1217 914 praeterea,
1252 878 1329 902 non
1366 865 1439 902 sibi
1464 869 1625 910 tantum,
1652 866 1714 903 sed

185 930 242 967 sui
278 930 463 967 similibus
494 929 688 985 omnibus,
724 928 768 966 de
806 929 935 966 oblato
962 930 1127 978 gratuito
1155 933 1262 967 tanto
1292 929 1485 976 beneficio,
1514 930 1601 967 dum
1630 930 1715 968 nul-

182 997 256 1034 lam
300 996 459 1047 amplius
499 995 852 1033 condemnationem
887 995 1068 1046 reliquam
1107 1009 1185 1033 esse
1222 995 1330 1033 docet
1366 995 1426 1041 iis,
1462 996 1527 1047 qui
1565 995 1714 1033 Christo

184 1061 348 1099 Domino
375 1061 480 1098 insiti
500 1065 622 1098 essent
641 1062 686 1108 ²).
715 1061 1044 1108 Postre-(381)mo
1066 1074 1229 1098 amorem
1251 1074 1359 1098 suum
1378 1074 1421 1098 ac
1441 1061 1609 1099 debitum
1629 1075 1716 1110 erga

182 1125 336 1163 remedii
374 1125 482 1163 11111115
520 1129 688 1162 autorem
718 1129 962 1170 contestatur,
992 1125 1080 1162 dum
1108 1125 1179 1163 ait:
1211 1126 1366 1176 Propter
1393 1129 1429 1163 te
1456 1126 1570 1164 morti
1596 1126 1714 1163 tradi-

184 1205 266 1229 mur
288 1197 366 1228 tota
396 1191 465 1235 die,
493 1194 578 1236 610.,
604 1212 654 1222 --
681 1194 729 1234 et,
758 1190 854 1228 Quis
884 1203 952 1228 nos
981 1191 1168 1241 separabit
1197 1204 1218 1228 a
1247 1191 1447 1228 dilectione
1473 1190 1567 1228 Dei?
1604 1191 1716 1228 Hanc

181 1271 266 1296 ecce
301 1256 530 1294 infirmitatis
559 1260 709 1293 nostrae
737 1255 940 1304 imaginem
969 1255 1037 1293 sub
1076 1255 1180 1293 Pauli
1208 1255 1376 1307 exemplo
1407 1255 1516 1293 nobis
1543 1256 1715 1306 proposi—

181 1327 256 1360 tam
294 1322 490 1364 habemus,
523 1334 603 1357 cum
643 1333 717 1370 quo
754 1320 824 1357 etsi
859 1319 962 1370 paria
999 1320 1121 1357 facere
1158 1332 1286 1357 omnes
1321 1333 1398 1357 non
1425 1320 1622 1370 possimus,
1652 1332 1714 1357 60-

183 1386 263 1423 dem
302 1390 425 1423 tamen
461 1385 546 1422 1000
595 1398 679 1422 011111
717 1384 832 1421 Paulo
873 1388 1033 1435 propter«
1074 1384 1265 1422 Christum
1305 1384 1469 1422 habendi
1506 1397 1648 1427 sumus,
1684 1384 1714 1422 si

183 1450 294 1487 niodo
333 1450 491 1487 similem
529 1448 701 1486 affectum
737 1449 776 1485 in
812 1448 923 1485 corde
959 1455 1089 1486 nostro
1132 1462 1211 1486 esse
1241 1449 1492 1486 conscientiae
1518 1448 1617 1486 intra
1646 1463 1715 1486 1105

182 1519 332 1552 nostrae
375 1513 592 1551 testimonio
633 1513 851 1557 sentiamus,
897 1526 1028 1563 nempe
1072 1518 1112 1550 ut
1162 1513 1217 1550 illi
1254 1513 1324 1550 hac
1360 1513 1400 1550 in
1435 1517 1540 1564 parte
1576 1513 1715 1551 similes

181 1592 261 1615 esse
298 1577 499 1628 cupiamus,
538 1577 684 1614 etiamsi
722 1590 790 1614 nos
827 1576 1046 1625 longissime
1083 1577 1130 1614 ab
1166 1577 1248 1628 ipso
1283 1577 1405 1615 adhuc
1431 1577 1561 1615 abesse
1589 1578 1714 1616 videa-

182 1657 276 1681 mus.
333 1644 472 1680 Contra
510 1655 596 1680 vero
633 1645 933 1693 contemptorum
970 1646 1037 1686 est,
1065 1655 1142 1680 non
1171 1643 1265 1680 velle
1291 1643 1330 1680 id
1359 1643 1459 1693 quod
1487 1643 1621 1694 possis,
1648 1657 1713 1681 ne-

184 1709 273 1746 dum
311 1712 349 1746 ut
386 1721 462 1745 11011
497 1707 630 1758 possis,
666 1707 780 1758 inque
808 1707 991 1745 eiusmodi
1018 1707 1195 1746 instituto
1223 1709 1364 1746 nullam
1393 1708 1543 1746 interim
1570 1709 1713 1760 peccati

184 1775 329 1825 culpam
375 1786 590 1822 agnoscere,
634 1773 724 1823 quin
766 1773 892 1823 potius
936 1773 974 1810 111
1007 1773 1072 1810 1110
1113 1773 1274 1810 blandiri
1312 1773 1384 1810 sibi
1420 1786 1462 1810 ac
1497 1774 1642 1825 placere
1679 1780 1714 1811 et

183 1839 340 1876 aliorum
380 1839 505 1888 lapsus
534 1851 770 1887 exaggerare,
799 1838 845 1875 ad
875 1838 933 1875 sui
960 1838 1103 1889 peccati
1131 1838 1434 1875 extenuationem
1462 1844 1572 1889 atque
1600 1851 1712 1876 excu-

184 1904 385 1942 sationem:
432 1903 592 1940 aversari
638 1903 763 1940 omnia
809 1903 953 1953 peccati
989 1902 1151 1940 remedia
1189 1903 1354 1953 adeoque
1390 1909 1426 1940 et
1462 1903 1602 1940 irritari
1639 1903 1713 1940 illis

183 1974 218 2006 et
258 1968 304 2005 ad
342 1981 384 2006 ea
429 1967 697 2004 obdurescere:
741 1967 896 2004 stultam
943 1967 1060 2005 videri
1106 1967 1247 2005 nudam
1283 1980 1326 2005 ac
1364 1967 1569 2019 simplicem
1612 1968 1714 2006 verbi

187 2033 315 2072 Divini
351 2032 617 2079 obedientiam,
643 2045 869 2083 prorsusque
896 2032 1107 2082 indignam,
1137 2032 1195 2070 cui
1224 2033 1382 2071 rationis
1411 2038 1561 2071 nostrae
1590 2033 1714 2071 consi-

184 2099 234 2136 lia
272 2099 398 2136 cedere
433 2098 591 2136 debeant
630 2098 704 2135 ullo
743 2097 873 2135 modo:
910 2098 1045 2143 odisse,
1080 2111 1157 2136 non
1186 2102 1260 2136 tam
1291 2112 1359 2136 nos
1388 2099 1489 2150 ipsos
1515 2099 1554 2136 in
1583 2103 1712 2137 nostro

184 2167 351 2216 peccato,
378 2177 487 2214 quam
519 2163 637 2201 Deum
665 2163 791 2214 potius
817 2163 940 2215 ipsum
965 2163 1005 2201 in
1033 2164 1126 2214 legis
1155 2168 1190 2201 et
1217 2164 1481 2213 iu-(382)dicii
1500 2165 1559 2202 sui
1576 2164 1713 2202 severi-

185 2232 273 2273 tate,
308 2232 418 2279 atque
451 2229 502 2266 ita
541 2228 690 2265 demum
728 2232 943 2279 contempta
977 2228 1102 2265 omnia
1141 2228 1282 2279 peccati
1318 2228 1479 2266 remedia
1517 2229 1616 2266 iusto
1644 2228 1713 2266 Dei

185 2293 323 2331 iudicio
353 2293 525 2344 opprimi,
553 2297 592 2330 ut
620 2293 665 2330 ad
694 2299 901 2331 extremum
928 2293 1072 2345 peccati
1100 2293 1158 2331 sui
1187 2293 1261 2330 vim
1289 2293 1401 2331 simul
1430 2306 1513 2331 cnm
1542 2293 1712 2344 despera-

186 2358 289 2395 tione
333 2357 509 2403 sentiant,
551 2358 589 2394 in
627 2370 701 2408 quo
736 2357 810 2395 sibi
841 2357 951 2395 initio
991 2358 1281 2396 blandiebantur
1318 2364 1353 2396 et
1387 2359 1596 2409 placebant.
1651 2358 1713 2395 Sic

187 2423 275 2460 Saul
303 2436 367 2461 rex
395 2422 546 2460 obedire
573 2422 708 2468 noluit,
736 2435 819 2460 cum
847 2428 985 2474 posset,
1011 2423 1187 2461 mandato
1217 2423 1288 2461 Dei
1315 2423 1359 2461 de
1377 2422 1628 2461 exscindendo
1647 2436 1712 2460 us-

186 2500 258 2538 que
292 2487 339 2524 ad
374 2487 668 2525 internecionem
705 2488 878 2525 universo
914 2501 1069 2538 prorsus
1097 2489 1252 2527 Amalec
1280 2489 1360 2526 sine
1389 2489 1463 2525 ulla
1491 2488 1711 2538 cuiusquam

186 2551 416 2603 exceptione,
458 2552 623 2603 adeoque
658 2552 730 2590 sibi
765 2553 806 2590 in
840 2553 1139 2603 transgressione
1176 2567 1241 2591 sua
1278 2553 1343 2590 illa
1378 2553 1529 2604 placuit,
1566 2556 1607 2589 ut
1634 2552 1711 2590 eius

187 2614 338 2652 nornine
373 2614 520 2652 laudem
557 2616 669 2654 etiam
698 2630 719 2653 a
746 2616 932 2667 Propheta
961 2630 1083 2654 coram
1111 2617 1288 2654 universo
1317 2628 1384 2653 suo
1413 2615 1550 2666 populo
1578 2629 1710 2666 expec-

185 2684 301 2718 taret:
343 2679 478 2716 nedum
515 2684 554 2717 ut
581 2680 622 2718 in
648 2681 712 2717 illa
742 2681 884 2731 culpam
915 2681 1057 2731 peccati
1085 2682 1200 2718 ullam
1229 2693 1377 2732 quoquo
1405 2680 1516 2717 modo
1546 2681 1711 2719 sentiret.

189 2745 379 2795 uImplevi
401 2744 589 2794 ninquit,''
609 2745 760 2783 verbum
782 2746 974 2785 Domini’'.
1005 2747 1163 2784 Stultarn
1184 2747 1271 2784 item
1294 2745 1431 2783 nudam
1446 2758 1489 2782 ac
1505 2746 1709 2797 simplicem

230 2872 253 2910 ¹)
277 2871 367 2901 Rom.
391 2869 419 2902 7.
546 2871 573 2910 Ξ)
598 2872 688 2903 Rom.
712 2873 740 2903 8.
