1830 3147
1518 140 1588 178 195

61 248 225 294 tandem,
253 252 291 287 ut
320 251 552 300 contemptor
578 248 641 286 ille
668 248 836 286 omnium
862 247 1077 286 istiusmodi
1103 249 1404 288 admonitionum
1430 262 1452 287 a
1480 252 1587 287 coetu

63 312 252 352 Ecclesiae
277 313 478 352 reiiciatur.

113 379 245 431 Neque
270 391 356 417 vero
384 379 464 416 sola
492 377 755 417 Ministrorum
781 392 825 417 ac
852 379 1050 417 Seniorum
1078 393 1152 417 una
1179 380 1351 419 omnium
1379 382 1445 428 (ne
1463 379 1585 418 dicam

59 443 172 482 unius
206 447 272 481 aut
306 442 458 480 alterius
496 441 680 492 Ministri)
713 444 912 481 autoritate
945 444 992 481 ab
1031 444 1198 482 Ecclesia
1233 445 1391 496 quisque
1427 445 1586 491 eiicitur,

61 506 126 547 sed
151 507 321 546 unanimi
347 507 464 545 totius
492 507 683 546 Ecclesiae
712 521 895 546 consensu
923 515 1034 559 atque
1061 509 1344 560 approbatione.
1399 509 1459 548 Ita
1487 509 1587 548 enim

59 572 195 611 Paulus
221 573 348 621 lugere
375 571 455 609 vult
482 575 598 610 totam
627 573 834 611 Ecclesiam
865 573 964 611 circa
991 573 1118 611 fratris
1146 574 1303 612 alicuius
1330 575 1587 612 excommuni-

59 637 212 681 tionem,
244 640 281 673 et
316 648 392 673 non
425 640 561 674 temere
603 637 774 687 spiritum
822 650 928 675 suum
964 638 1040 686 toti
1078 638 1360 676 Corinthiorum
1397 638 1587 677 Ecclesiae

61 700 256 748 coniungit
289 699 327 737 in
361 699 543 738 tradendo
579 701 739 739 Satanae
774 701 853 748 illo,
888 702 952 753 qui
989 714 1074 739 cum
1109 714 1268 740 noverca
1296 703 1374 740 illic
1402 716 1467 740 sua
1497 715 1587 740 con-

60 764 294 802 suetudinem
322 763 482 802 habebat
506 764 547 813 ¹).
601 765 700 816 Papa
728 765 879 816 quidem
906 766 1100 804 Romanus
1127 770 1163 804 et
1189 766 1301 804 iurati
1327 767 1384 804 illi
1412 766 1589 818 Episcopi

61 830 267 867 Ecclesiam
296 829 355 867 hic
384 843 460 867 non
488 834 693 875 morantur,
713 830 789 875 sed,
809 835 1022 882 contempto
1044 831 1145 870 illius
1161 831 1314 876 iudicio,
1335 832 1459 869 nescio
1478 845 1588 882 quam

62 895 134 933 sibi
170 894 467 933 iurisdictionem
503 900 737 943 arrogarunt,
770 895 820 932 ad
857 909 966 946 quam
996 896 1033 933 id
1062 909 1210 947 quoque
1235 897 1421 947 pertinere
1446 903 1591 948 putant,

60 967 101 999 ut
128 975 192 1013 per
216 962 302 999 illos
331 961 430 999 solos
458 961 792 999 excommunicatio
822 963 899 1000 fiat.
931 961 1016 999 Hac
1043 962 1102 1000 via
1132 962 1273 1000 scilicet
1298 963 1589 1014 perveniendum

60 1030 138 1064 erat
164 1026 210 1063 ad
239 1026 474 1076 premendam
503 1026 702 1075 tyrannide
731 1026 873 1063 Christi
901 1026 1120 1073 Ecclesiam,
1148 1027 1212 1077 qui
1238 1027 1371 1065 unicus
1398 1027 1439 1065 in
1467 1027 1589 1065 omni-

62 1090 132 1127 bus
158 1090 325 1140 ipsorum
359 1089 527 1126 conciliis
556 1102 691 1140 scopus
719 1090 834 1127 fuisse
864 1089 1019 1128 videtur.
1050 1092 1100 1127 At
1133 1104 1218 1128 vero
1247 1091 1395 1138 Paulus,
1425 1093 1488 1143 qui
1515 1105 1593 1130 non

64 1154 205 1191 minore
232 1154 373 1204 alioqui
401 1153 497 1204 apud
526 1153 743 1192 Corinthios
763 1153 960 1192 ministerii
980 1154 1035 1191 sui
1054 1154 1266 1207 autoritate,
1286 1169 1395 1206 quam
1408 1156 1591 1205 Pe-(334)

61 1227 140 1256 trus
177 1218 275 1269 apud
312 1218 504 1256 Romanos
540 1217 688 1256 valebat
725 1221 789 1266 (ne
826 1219 916 1269 quid
953 1219 1014 1256 hic
1043 1219 1087 1257 de
1113 1220 1212 1270 Papa
1241 1220 1412 1259 Romano
1441 1222 1594 1273 eiusque

64 1285 230 1323 cornutis
260 1284 456 1335 Episcopis
496 1283 694 1332 dicamus),
730 1287 878 1322 tantum
918 1284 990 1321 sibi
1025 1297 1102 1322 non
1131 1285 1243 1322 sumit
1269 1285 1433 1331 interim,
1460 1291 1503 1324 ut
1530 1300 1595 1324 sua

59 1349 138 1400 ipse
174 1348 372 1386 autoritate
409 1348 644 1386 Corinthium
678 1348 796 1394 illum,
834 1348 935 1386 thori
970 1349 1117 1400 paterni
1154 1349 1387 1396 violatorem,
1433 1351 1592 1388 Satanae

63 1411 200 1456 tradat,
227 1411 303 1457 sed,
331 1411 464 1448 absens
494 1424 576 1448 cum
604 1416 712 1457 esset,
740 1411 945 1449 Ecclesiam
976 1412 1147 1449 hortatur
1166 1413 1334 1463 exposita
1353 1414 1410 1451 illi
1430 1427 1495 1452 sua
1511 1428 1595 1452 sen-

61 1475 189 1521 tentia,
226 1480 267 1512 ut
303 1474 510 1524 flagitiosus
545 1475 609 1512 ille
641 1475 681 1512 in
718 1475 834 1513 totius
876 1475 1065 1514 Ecclesiae
1095 1482 1214 1524 coetu,
1241 1482 1419 1529 tanquam
1449 1492 1485 1516 se
1511 1480 1593 1530 ipso

64 1541 174 1578 etiam
204 1545 409 1591 praesente,
438 1541 597 1578 Satanae
626 1554 708 1578 cum
745 1541 897 1592 publico
924 1542 1027 1579 luctu
1058 1541 1247 1580 Ecclesiae
1273 1544 1452 1583 tradatur.
1507 1545 1595 1582 Hoc

64 1603 237 1641 nimirum
266 1603 443 1653 poscebat
471 1603 563 1641 fides
591 1603 789 1641 ministerii
820 1604 1040 1654 Apostolici‚
1067 1610 1108 1642 ut
1136 1618 1262 1642 curam
1289 1606 1436 1657 quidem
1460 1608 1594 1645 seriam

62 1680 104 1704 ac
132 1667 349 1716 diligentem
379 1680 466 1705 suae
493 1667 695 1714 Ecclesiae,
724 1668 930 1718 quamlibet
958 1669 1106 1715 absens,
1144 1670 1308 1715 haberet,
1342 1671 1520 1723 illamque
1549 1673 1594 1710 de

64 1745 129 1770 sua
165 1733 357 1770 voluntate
386 1733 580 1770 certiorem
608 1733 647 1770 in
676 1732 754 1770 eius
781 1733 1054 1782 gubernatione
1081 1735 1230 1780 faceret,
1257 1736 1423 1788 adeoque
1449 1734 1486 1775 et
1514 1739 1592 1775 offi-

62 1798 110 1835 cii
136 1798 240 1835 illam
268 1798 324 1835 sui
354 1798 398 1835 de
424 1798 680 1836 rescindendis
709 1798 905 1849 flagitiosis
932 1799 1146 1837 istiusmodi
1182 1801 1397 1840 hominibus
1430 1803 1594 1852 graviter

62 1862 292 1901 admoneret.
349 1863 420 1900 Sed
457 1863 530 1900 sibi
565 1863 644 1914 ipse
682 1877 758 1902 non
796 1865 921 1911 sumit,
952 1869 989 1902 ut
1017 1865 1055 1902 in
1092 1865 1244 1916 publico
1281 1867 1391 1905 etiam
1428 1868 1594 1906 facinore

62 1928 265 1978 quidquam
294 1928 446 1965 omnino
475 1941 540 1966 sua
568 1928 682 1966 solius
709 1929 910 1967 autoritate
937 1934 1034 1979 agat.
1081 1930 1276 1968 Caeterum
1303 1931 1495 1970 Ecclesiae
1521 1934 1594 1985 ipsi

64 2005 168 2030 suam
204 1993 441 2030 autoritatem
476 1992 670 2043 permittit,
704 1998 744 2031 ut
778 1993 858 2044 ipsa
894 1995 932 2031 in
970 1999 1077 2032 coetu
1106 2008 1172 2032 suo
1201 1995 1239 2033 id
1268 2002 1366 2046 agat,
1401 1998 1501 2048 quod
1530 1999 1593 2036 ille

63 2057 248 2106 agendum
286 2070 364 2094 esse
401 2058 553 2095 omnino
580 2058 749 2109 putabat.
805 2058 864 2096 Ita
893 2072 978 2097 vero
1007 2063 1043 2097 et
1069 2060 1107 2097 in
1137 2061 1276 2099 nostris
1306 2061 1485 2100 Ecclesiis
1513 2077 1591 2101 non

65 2123 185 2159 solum
223 2122 553 2172 SuperintendenS,
590 2123 653 2160 scd
681 2136 727 2161 ne
757 2123 924 2161 Ministri
952 2124 1101 2175 quidem
1129 2139 1172 2163 ac
1201 2126 1374 2164 Seniores
1405 2128 1591 2166 Ecclesiae

64 2200 137 2225 una
173 2199 301 2223 omnes
337 2187 659 2224 excommunicare
696 2201 907 2238 quenquam
946 2194 1103 2239 possunt
1139 2190 1178 2227 in
1218 2204 1282 2228 sua
1310 2191 1490 2238 Ecclesia,
1518 2193 1591 2231 nisi

63 2252 179 2290 totius
224 2251 335 2289 simul
380 2251 578 2289 Ecclesiae
612 2265 784 2289 assensus
828 2252 1002 2303 publicus
1057 2256 1168 2303 (335)
1219 2261 1329 2306 atque
1372 2258 1594 2308 approbatio

65 2315 228 2354 accedat.

117 2380 290 2419 Diximus
327 2385 461 2425 autem,
490 2393 562 2432 quo
592 2380 651 2418 die
678 2381 791 2418 frater
818 2381 951 2433 aliquis
979 2382 1126 2433 publice
1153 2388 1188 2422 et
1215 2385 1436 2425 nominatim
1465 2401 1590 2428 coram

66 2450 143 2484 tota
182 2445 347 2483 Ecclesia
388 2445 635 2483 denunciatur
662 2451 812 2496 propter
840 2451 1071 2498 contemptas
1098 2448 1239 2498 priores
1267 2463 1395 2489 omnes
1421 2452 1593 2491 admoni-

64 2511 198 2554 tiones,
235 2510 344 2548 simul
382 2523 529 2561 quoque
571 2510 666 2548 diem
704 2511 893 2558 constitui,
920 2525 994 2563 quo
1024 2513 1137 2550 frater
1164 2514 1238 2561 ille,
1264 2515 1316 2552 ita
1344 2517 1417 2555 iam
1446 2518 1590 2556 denun-

68 2575 195 2621 ciatus,
233 2575 302 2613 nisi
340 2575 479 2612 interea
508 2575 713 2625 resipiscat,
740 2577 1055 2614 excommunicari
1084 2577 1227 2625 debeat,
1255 2584 1289 2617 et
1315 2582 1459 2620 moneri
1486 2597 1591 2634 prae·

66 2644 163 2678 terea
199 2640 403 2677 Ecclesiam
432 2645 561 2685 totam,
589 2644 641 2685 ut,
668 2640 699 2677 si
726 2641 921 2692 quisquam
951 2642 1105 2680 nimium
1134 2644 1381 2695 praecipitari,
1408 2652 1472 2684 aut
1499 2648 1591 2686 alio-

67 2703 128 2754 qui
165 2716 295 2754 parum
330 2703 495 2752 legitime
530 2704 656 2754 peragi
691 2709 795 2755 putet
822 2706 1243 2745 excommunicationem
1269 2709 1386 2760 ipsam
1414 2712 1591 2751 adversus

67 2767 332 2805 denunciatum
369 2768 519 2805 fratrem
559 2767 677 2814 illum,
711 2768 809 2807 intra
837 2774 921 2807 octo
950 2774 1050 2808 totos
1080 2771 1156 2808 dies
1183 2777 1269 2811 ante
1295 2774 1413 2824 ipsam
1443 2789 1591 2814 excom-

112 2893 136 2930 1)
161 2892 175 2922 1
202 2891 275 2924 eor.
300 2893 328 2925 5.

1375 2956 1446 2993 13*
