1830 3147
182 79 243 128 [A.
269 79 315 114 D.
341 77 453 125 1556]
912 78 978 116 742

184 187 382 223 haeresibus
418 187 610 229 immersus,
643 187 794 222 aeternis
828 186 1006 233 gehennae
1039 187 1254 222 cruciatibus
1280 187 1317 223 in
1344 188 1419 225 Deo
1444 187 1575 224 iudicio
1599 189 1716 226 trada-

184 250 256 284 tur.
305 248 389 284 Non
423 247 514 283 enim
549 247 597 283 ibi
622 249 747 294 agetur
773 247 816 283 de
842 247 957 294 Papae
982 247 1136 294 primatu
1160 248 1382 296 approbando
1408 249 1522 297 deque
1546 249 1652 287 larvis
1677 264 1719 289 ac

185 310 288 357 pupis
322 309 592 357 praestigiisque
623 309 708 345 item
743 308 904 344 omnibus
940 309 1197 345 antichristiani
1223 310 1421 347 Sacerdotis
1445 312 1555 360 ipsius
1582 315 1618 349 et
1643 314 1720 351 eius

187 370 436 406 Creaturarum
471 370 640 413 omnium,
677 369 737 405 sed
773 371 898 416 agetur
929 369 971 405 de
997 369 1130 406 violata
1154 371 1431 419 conculcat-aque
1456 386 1516 420 per
1542 374 1657 422 Papas
1683 378 1719 413 et

183 443 324 477 gregem
358 431 515 478 ipsorum
549 432 642 466 omni
676 430 851 477 dignitate
882 434 990 477 atque
1022 431 1236 467 auctoritate
1270 433 1445 479 unigeniti
1480 433 1563 470 Filii
1588 435 1656 471 Dei
1681 438 1718 472 et

187 493 330 529 Domini
363 493 477 529 nostri
511 493 592 529 Iesu
630 493 772 536 Christi,
806 492 879 528 sive
913 505 1095 540 personam
1121 493 1241 541 ipsius,
1268 494 1342 530 sive
1368 495 1473 531 etiam
1501 496 1718 533 functionem

184 554 382 590 universam
408 554 445 590 in
471 555 545 591 eius
571 554 764 591 Ecclesiam
790 553 1059 590 consideremus.
1086 555 1182 590 Haec
1200 568 1282 591 sane
1299 556 1462 602 graviora
1478 557 1592 594 multo
1611 562 1717 595 erunt

184 629 300 653 coram
325 616 387 652 illo
413 617 537 660 iudice,
563 616 607 652 ad
632 616 732 652 cuius
758 615 927 651 Tribunal
953 615 1036 652 olim
1062 622 1098 652 et
1123 617 1235 664 Papas
1261 618 1355 665 ipsos
1381 621 1417 655 et
1435 619 1589 666 Legatos
1608 621 1717 668 ipsius

185 691 304 714 omnes
339 681 447 726 atque
480 678 566 714 adeo
593 691 712 714 omnes
738 677 881 713 illorum
905 681 1074 724 patronos
1101 683 1209 726 atque
1235 680 1382 716 asseclas
1409 684 1502 716 stare
1528 681 1718 729 oportebit.

184 740 315 776 Videat
339 740 452 786 igitur
477 739 694 786 Lipomanus
719 752 799 774 cum
825 739 897 774 suis
924 740 1136 787 symmystis,
1163 742 1205 775 ut
1231 753 1266 776 se
1290 740 1363 776 illic
1389 741 1562 789 expediat.

230 799 325 844 Quin
360 801 396 835 et
430 802 472 834 tu
506 811 649 846 quoque
683 799 812 841 videas,
840 798 918 834 Rex
943 798 1233 835 clementissime!
1261 813 1304 835 ne
1329 802 1365 836 te
1391 800 1516 836 talium
1541 801 1718 846 sodalitio,

182 875 327 898 assensu
352 861 619 909 patrocinioque
644 863 709 897 tuo
735 873 881 908 quoquo
907 860 1010 896 modo
1037 861 1218 908 adiungas.
1254 861 1354 897 Nihil
1380 861 1515 906 dubito,
1541 862 1655 899 multa
1680 865 1718 899 et

181 923 276 958 varia
307 923 350 959 ad
382 928 418 958 te
450 922 589 966 deferri,
616 935 706 969 quae
730 922 885 958 animum
911 925 1013 957 tuum
1041 922 1134 957 varie
1160 922 1266 957 etiam
1293 922 1463 959 afficiant:
1491 935 1562 959 non
1587 923 1713 960 dubito

181 985 266 1020 item
291 987 327 1020 te
353 984 480 1020 offendi
505 984 639 1028 multis,
667 996 757 1031 quae
782 986 819 1019 111
843 983 944 1019 1101115
970 983 1082 1019 adhuc
1109 983 1385 1030 conspiciuntur,
1404 996 1520 1031 neque
1538 983 1662 1020 dubito
1681 986 1718 1021 te

182 1045 369 1081 absterreri
394 1045 518 1080 multis
544 1057 634 1092 quae
660 1045 726 1080 tibi
752 1057 896 1091 quoque
920 1043 1119 1091 impendere
1147 1043 1325 1087 videntur,
1351 1044 1388 1080 in
1413 1043 1619 1081 utramlibet
1637 1057 1716 1093 par—

183 1110 254 1142 tem
280 1105 438 1142 inclines.
461 1106 527 1141 Sed
554 1107 589 1141 in
616 1105 778 1141 omnibus
803 1105 875 1141 illis
902 1111 937 1141 et
962 1105 1085 1140 multis
1112 1107 1147 1140 et
1173 1105 1278 1140 variis
1304 1105 1503 1141 meminisse
1520 1108 1557 1141 te
1577 1108 1717 1153 oportet

181 1167 339 1203 caelestis
371 1167 468 1203 illius
501 1166 542 1202 ab
577 1168 728 1213 ipsomet
763 1167 871 1202 Patre
897 1166 973 1202 Deo
998 1165 1131 1214 proditi
1157 1165 1289 1201 oraculi
1318 1188 1334 1205 a
1345 1165 1438 1202 1111110
1465 1166 1596 1210 audite,
1623 1167 1716 1203 hunc

182 1229 324 1265 audite''
350 1234 392 1265 ut
417 1229 454 1264 in
480 1228 610 1276 quibus
637 1228 768 1264 Christi
794 1227 938 1264 Domini
969 1239 1090 1264 vocem
1108 1240 1232 1263 sonare
1249 1228 1389 1263 omnino
1407 1228 1527 1264 audies
1545 1250 1592 1256 —-
1609 1241 1715 1275 quam

182 1295 219 1326 te
244 1303 350 1326 unam
375 1290 508 1337 alioqui
534 1302 638 1337 supra
663 1289 747 1326 alias
773 1303 892 1326 omnes
910 1289 1032 1325 audire
1050 1291 1211 1336 oporteat
1228 1310 1275 1316 —
1293 1301 1331 1325 ea
1349 1288 1414 1325 tibi
1432 1288 1623 1335 quamlibet
1641 1289 1714 1326 sint

184 1351 296 1387 multa
330 1354 365 1388 et
401 1351 507 1394 varia,
544 1351 697 1398 denique
731 1354 767 1387 et
804 1351 969 1398 speciosa,
1001 1349 1194 1386 abiicienda
1228 1349 1344 1386 omnia
1383 1363 1456 1386 esse
1490 1352 1637 1394 statuas,
1672 1355 1716 1387 ut

183 1414 361 1449 Christum
389 1413 581 1449 Dominum
615 1413 716 1448 iuxta
749 1412 897 1448 caeleste
918 1411 1011 1447 'illud
1038 1411 1156 1447 Patris
1183 1411 1250 1447 Dei
1276 1411 1456 1447 oraculum
1481 1411 1602 1448 audire
1636 1426 1714 1460 pos-

180 1473 241 1517 sis,
279 1485 358 1509 cum
396 1473 456 1509 ille
481 1473 577 1509 solus
602 1486 710 1510 verax
735 1474 782 1509 sit
807 1473 953 1521 ipsaque
978 1473 1063 1508 adeo
1089 1473 1230 1516 veritas,
1257 1473 1369 1508 omnis
1394 1477 1511 1508 autem
1538 1476 1717 1520 praeterea

179 1536 281 1571 1101110
315 1535 463 1573 mendax
495 1535 570 1571 sine
595 1535 669 1570 ulla
692 1537 755 1570 aut
781 1535 897 1582 Papae
922 1534 1031 1570 ullius
1057 1536 1120 1570 aut
1146 1534 1220 1570 eius
1247 1533 1547 1581 qualiumcunque
1572 1539 1710 1571 creatu·

177 1610 294 1633 rarum
320 1598 534 1643 exceptione.
561 1597 607 1632 In
632 1597 685 1632 his
711 1609 792 1633 vero
819 1609 909 1643 quae
936 1599 972 1631 te
998 1596 1035 1631 in
1061 1595 1161 1631 nobis
1189 1595 1281 1631 forte
1306 1595 1419 1631 adhuc
1445 1595 1641 1640 offendunt,
1659 1597 1712 1632 111-

179 1659 274 1694 tueri
300 1658 415 1701 debes,
440 1658 519 1694 Rex
553 1657 701 1705 optime!
730 1670 800 1693 non
826 1660 898 1692 tam
925 1670 988 1693 nos
1013 1657 1119 1704 ipsos,
1146 1657 1208 1703 qui
1233 1656 1389 1692 homines
1416 1669 1490 1692 esse
1516 1669 1585 1693 non
1613 1657 1715 1693 desii-

183 1735 272 1765 mus,
300 1724 347 1765 et,
374 1720 470 1768 quod
495 1720 531 1756 in
557 1720 657 1756 nobis
683 1722 747 1762 est,
774 1718 907 1766 peccati
932 1731 996 1754 nos
1014 1718 1185 1765 mancipia
1207 1717 1319 1753 adhuc
1345 1729 1420 1753 esse
1445 1730 1525 1753 cum
1551 1717 1715 1754 ultronea

180 1797 313 1831 semper
347 1783 460 1823 nostri
492 1782 716 1819 accusatione
750 1781 898 1817 libenter
933 1780 1150 1828 profitemur,
1186 1791 1290 1826 quam
1323 1779 1443 1827 potius
1475 1779 1714 1816 admirabilem

180 1844 304 1880 Divini
340 1844 402 1879 hac
435 1844 471 1879 in
504 1847 604 1891 parte
635 1842 772 1878 consilii
796 1841 1065 1889 providentiam,
1099 1853 1169 1887 qua
1203 1840 1274 1884 ille,
1309 1840 1447 1877 etiamsi
1479 1853 1543 1876 nos
1577 1840 1643 1876 sibi
1677 1841 1714 1876 in

179 1906 269 1942 filios
304 1918 387 1941 suos
420 1905 567 1941 dilectos
592 1917 653 1952 per
679 1917 775 1940 suam
802 1903 996 1950 gratuitam
1021 1901 1295 1938 misericordiam
1329 1902 1365 1937 in
1392 1901 1532 1938 Christo
1560 1901 1713 1939 Domino

178 1967 372 2014 adoptavit,
399 1965 581 2002 horribiles
607 1970 724 2001 tamen
749 1964 860 2000 adhuc
886 1965 1020 2011 peccati
1044 1963 1209 2010 reliquias
1227 1963 1344 1999 voluit
1361 1966 1493 2005 extare,
1511 1984 1558 1991 --
1576 1966 1653 1999 tum
1672 1966 1714 2000 ut

177 2029 364 2064 Tartareae
388 2028 485 2064 illius
511 2028 649 2075 viperae
676 2027 872 2075 superbiam
898 2026 934 2062 in
960 2029 1165 2062 nostrorum
1190 2025 1302 2061 adhuc
1328 2028 1550 2072 peccatorum
1568 2025 1711 2061 infirmi-

179 2093 289 2126 tatem
321 2090 364 2125 ad
397 2089 544 2137 gloriam
576 2089 726 2126 Divinae
759 2087 910 2124 nominis
942 2087 998 2124 sui
1030 2086 1199 2122 retundat
1223 2098 1284 2133 per
1317 2086 1491 2122 assiduam
1526 2098 1564 2122 ac
1590 2086 1713 2122 seriam

180 2151 294 2187 nostri
327 2151 484 2198 ipsorum
518 2151 610 2197 apud
643 2150 810 2185 thronum
845 2161 929 2184 suae
954 2148 1089 2195 gratiae
1114 2148 1371 2184 accusationem
1398 2153 1434 2183 et
1460 2147 1649 2194 supplicem
1675 2160 1715 2184 ac

178 2214 382 2259 perpetuam
415 2211 490 2258 opis
524 2223 606 2248 suae
639 2213 674 2246 et
699 2211 833 2257 gratiae
859 2209 997 2245 divinae
1022 2211 1166 2256 propter
1193 2208 1371 2244 Christ-um
1398 2207 1641 2255 placationem,
1666 2228 1714 2237 —-

179 2277 255 2309 tum
290 2278 331 2308 ut
365 2285 429 2308 nos
465 2273 570 2308 etiam
603 2284 665 2319 per
697 2272 832 2319 peccati
864 2270 976 2306 adhuc
1011 2270 1126 2305 nostri
1151 2270 1365 2316 agnitionem
1392 2269 1428 2304 in
1453 2274 1576 2305 nostro
1602 2269 1715 2315 gradu

178 2341 373 2381 nostroque
407 2335 516 2370 officio
550 2333 741 2376 contineat,
777 2346 820 2368 ne
846 2331 1012 2367 videlicet
1038 2331 1173 2378 gratiae
1198 2330 1298 2366 nobis
1325 2330 1461 2366 delatae
1488 2330 1630 2366 nomine
1655 2330 1713 2366 vel
1752 2326 1761 2329 ⁸

178 2397 245 2443 ipsi
271 2397 305 2431 in
332 2395 432 2431 nobis
458 2395 605 2430 nimium
630 2394 826 2442 placeamus
852 2393 1048 2440 animisque
1073 2393 1205 2428 nostris
1232 2392 1414 2428 efferamur
1440 2391 1496 2428 vel
1521 2391 1606 2427 alios
1633 2404 1716 2439 prae

177 2458 277 2494 nobis
303 2457 398 2505 ipsis,
425 2457 519 2504 quod
544 2457 581 2492 in
599 2456 698 2492 nobis
717 2456 857 2502 quidem
877 2459 941 2498 est,
959 2458 1233 2496 contemnamus,
1251 2474 1297 2481 —
1315 2453 1375 2488 sed
1392 2455 1434 2488 ut
1451 2452 1572 2499 agnita
1590 2465 1710 2488 omnes

176 2519 306 2566 pariter
332 2522 454 2554 nostra
479 2517 591 2553 adhuc
616 2517 823 2552 infirmitate
847 2516 885 2551 111
910 2515 1011 2551 1101115
1038 2527 1076 2550 00
1101 2514 1252 2558 miseria,
1279 2527 1348 2549 non
1376 2513 1538 2560 equidem
1554 2513 1614 2548 alii
1632 2512 1711 2548 aliis

176 2580 388 2615 insultemus
413 2579 545 2626 aliique
570 2578 720 2614 aliorum
745 2578 863 2624 lapsus
893 2577 935 2612 ad
954 2589 1077 2612 causae
1095 2576 1209 2612 totius
1228 2575 1405 2611 infamiam
1423 2575 1711 2621 detorqueamus,

177 2640 238 2676 sed
262 2643 305 2676 ut
331 2653 394 2676 nos
420 2640 550 2687 pariter
576 2640 681 2676 etiam
707 2651 825 2675 omnes
851 2639 970 2685 potius
996 2638 1061 2673 sub
1087 2640 1230 2685 potenti
1254 2650 1359 2673 manu
1394 2636 1460 2673 Dei
1484 2635 1710 2672 humiliemus

176 2701 350 2747 fidemque
383 2704 540 2736 nostram
565 2700 715 2736 assiduis
741 2711 876 2747 semper
901 2699 999 2734 verbi
1024 2698 1091 2734 Dei
1124 2698 1422 2745 admonitionibus
1456 2696 1709 2747 exhortationi-

177 2762 242 2798 bus
268 2775 306 2798 ac
333 2762 658 2809 reprehensionibus
683 2761 836 2797 invicem
861 2760 897 2795 111
924 2759 1122 2796 Christiana
1154 2759 1302 2795 lenitate
1324 2771 1362 2795 ac
1379 2757 1561 2801 modestia,
1578 2757 1708 2794 additis

176 2824 282 2860 etiam
316 2823 617 2859 consolationibus
652 2829 687 2858 et
722 2821 1025 2870 promissionibus,
1057 2833 1289 2857 exerceamus.
1338 2820 1452 2866 Quare
1478 2819 1561 2855 dum
1587 2819 1646 2855 alii
1672 2820 1708 2855 in

173 2885 250 2922 aliis
276 2884 493 2929 offendimur,
520 2885 598 2921 Rex
624 2883 859 2921 serenissime!
888 2895 959 2919 non
985 2882 1146 2929 equidem
1170 2882 1230 2918 alii
1254 2882 1404 2918 aliorum
1421 2880 1540 2929 lapsus
1557 2893 1596 2918 ac
1615 2881 1704 2918 vitia
