1830 3147
1560 76 1633 114 119

91 189 167 228 iam
205 190 351 228 demum
387 201 506 239 agnus
543 192 670 227 noster
705 189 769 226 ille
803 188 993 226 Paschalis
1032 187 1204 226 Christus
1241 187 1428 226 Dominus
1457 188 1517 233 sit,
1553 200 1619 239 pro

92 254 203 292 nobis
232 253 380 292 oblatus
400 255 442 301 ¹),
477 256 590 304 atque
626 252 665 290 in
701 252 826 290 cibum
861 251 1071 290 animarum
1109 256 1323 291 nostrarum
1361 253 1507 291 Coenae
1535 266 1623 291 suae

91 318 308 356 testimonio
343 317 571 369 propositus,
605 321 647 356 ut
684 317 750 354 illo
787 317 833 355 ad
869 316 986 355 vitam
1023 320 1212 355 aeternam
1250 331 1314 369 per
1351 317 1464 355 fidem
1491 331 1621 368 pasca-

93 395 186 426 mur,
213 380 526 434 quemadmodum
556 381 727 419 Christus
755 381 911 433 ipsemet
939 381 1038 432 apud
1066 381 1249 420 Ioannem
1278 382 1386 420 docet
1403 385 1448 431 ²).
1478 382 1527 420 Et
1556 396 1620 419 va·

92 461 182 486 num
218 447 256 485 id
293 452 482 498 praeterea
518 446 630 485 etiarn
669 446 789 485 videri
823 460 900 485 non
937 446 1059 492 debet,
1093 447 1195 498 quod
1229 447 1398 486 Christus
1435 447 1621 486 Dominus

89 511 195 561 regni
231 512 342 550 nobis
380 512 549 557 coelestis
585 512 644 550 sui
677 512 920 550 foelicitatem
956 511 1026 550 sub
1065 512 1227 550 convivii
1254 512 1418 562 imagine
1445 513 1621 564 quadam,

91 590 175 615 cum
201 577 304 624 alibi,
331 580 412 615 tum
440 590 526 616 vero
554 578 666 615 etiam
694 577 734 615 in
763 578 887 615 Coena
915 590 980 615 sua
1007 576 1231 615 adumbrare
1258 591 1296 615 se
1323 578 1433 616 nobis
1461 579 1623 617 voluisse

90 646 246 680 testatur
257 643 301 690 ³).
358 642 686 681 Quemadmodum
716 643 815 681 enim
842 643 882 680 in
912 644 1037 681 Coena
1065 656 1131 681 sua
1159 644 1352 694 Apostolis
1379 644 1427 681 ad
1454 658 1620 682 mensam

89 707 398 745 accumbentibus
424 721 558 759 panem
586 721 630 746 ao
655 708 832 759 poculum
861 708 1008 745 Coenae
1036 707 1324 755 administravit,
1350 708 1402 747 ita
1428 709 1503 747 illis
1532 710 1620 747 olim

86 773 210 819 etiam,
246 773 432 824 nobisque
467 773 538 811 sub
576 786 703 811 eorum
733 774 885 812 nomine
912 774 1101 817 omnibus,
1142 773 1450 812 accumbentibus
1478 775 1624 813 edenti-

88 837 157 876 bus
193 851 237 876 ac
266 838 484 877 bibentibus
512 839 552 876 in
581 838 735 877 coelesti
764 852 829 877 sua
858 852 987 877 mensa
1014 839 1313 877 ministraturum
1341 853 1379 877 se
1405 853 1484 878 esse
1511 840 1621 891 polli-

88 907 203 949 cetur,
246 907 289 942 ut
336 917 488 942 coenam
525 904 643 956 ipsius
681 904 741 941 hic
777 904 1028 953 vel-(149)uti
1064 909 1196 956 typum
1232 905 1418 955 quendam
1455 905 1501 942 ab
1538 906 1620 956 ipso

85 968 303 1007 institutum
337 981 416 1006 esse
451 969 709 1019 intelligamus
739 970 911 1007 coelestis
940 974 1092 1008 nostrae
1119 970 1210 1008 olim
1236 970 1392 1019 gloriae,
1419 970 1620 1008 adumbra-

86 1037 144 1071 tae
182 1033 293 1071 nobis
331 1033 400 1071 sub
439 1033 604 1071 convivii
641 1033 834 1072 cuiusdam
872 1034 1049 1084 imagine,
1075 1034 1115 1072 in
1144 1047 1218 1085 quo
1247 1034 1358 1072 nobis
1387 1047 1470 1072 cum
1499 1034 1623 1072 Abra-

86 1097 197 1135 hamo
233 1097 366 1135 Isaaco
403 1101 439 1136 et
467 1098 610 1136 Iacobo
639 1099 779 1149 pariter
805 1099 1118 1137 accumbentibus
1145 1103 1256 1150 atque
1285 1099 1521 1150 epulantibus
1549 1098 1621 1136 mi-

86 1163 333 1201 nistraturum
363 1176 400 1201 se
429 1177 508 1201 esse
534 1166 707 1203 testatur.
764 1164 890 1202 Quam
919 1177 1007 1202 sane
1034 1164 1250 1202 foelicitatis
1278 1167 1425 1202 nostrae
1452 1168 1622 1202 aeternae

82 1227 123 1266 in
153 1228 302 1266 coelesti
332 1229 421 1266 olim
449 1229 571 1277 gloria
598 1229 813 1279 imaginem,
841 1230 1061 1268 convivialis
1090 1243 1287 1268 consessus
1308 1229 1479 1280 symbolo
1511 1229 1620 1267 uobis

85 1293 132 1330 ab
170 1293 330 1344 ipsomet
359 1292 510 1332 Christo
539 1293 703 1332 Domino
733 1294 779 1331 ad
807 1294 1043 1332 indicibilem
1070 1294 1218 1346 piorum
1247 1295 1417 1333 omnium
1446 1295 1620 1332 consola-

82 1356 225 1394 tionem
254 1357 564 1403 commendatam,
591 1357 792 1395 obliterare
818 1358 859 1395 in
888 1357 1058 1395 Ecclesia
1088 1359 1194 1403 velle,
1222 1359 1372 1396 sublato
1393 1358 1500 1406 (dum
1529 1358 1619 1396 reti-

84 1420 163 1458 neri
188 1423 330 1472 potest)
357 1421 460 1460 illius
489 1422 674 1472 symbolo,
701 1422 872 1474 equidem
902 1423 1000 1461 haud
1030 1423 1119 1470 seio,
1149 1437 1197 1461 au
1224 1423 1262 1461 id
1292 1423 1503 1475 quisquam,
1530 1424 1615 1472 glo-

83 1486 161 1523 riae
197 1485 338 1524 Christi
374 1492 408 1524 et
436 1487 653 1526 foelicitatis
682 1492 854 1526 aeternae
881 1488 983 1526 illius
1013 1488 1216 1536 studiosus,
1243 1489 1281 1526 in
1310 1489 1478 1527 animum
1506 1502 1615 1527 suum

86 1549 264 1588 inducere
290 1550 423 1602 possit.

134 1615 328 1653 Postremo
369 1628 465 1662 vero,
503 1629 579 1654 non
612 1619 761 1655 tantum
797 1617 907 1655 nobis
946 1617 1228 1656 commendatur
1264 1631 1461 1657 consessus
1490 1622 1616 1656 noster

81 1681 121 1718 in
159 1681 304 1719 Coenae
338 1681 559 1720 Dominicae
594 1695 663 1721 usu
699 1683 871 1734 exemplo
909 1683 1051 1721 Christi
1084 1683 1241 1721 Domini
1275 1684 1517 1735 mysteriique
1545 1684 1616 1727 sui,

81 1744 217 1795 quietis
244 1741 398 1796 inquam
427 1749 578 1784 nostrae
605 1746 666 1783 hic
694 1746 733 1784 in
763 1746 927 1793 Christo,
955 1746 1228 1796 designatione,
1256 1755 1320 1785 aut
1348 1748 1495 1785 futurae
1523 1748 1614 1785 olim

82 1812 232 1847 nostrae
264 1808 304 1847 in
341 1823 456 1859 regno
490 1810 556 1848 Dei
582 1810 724 1860 gloriae
751 1811 878 1862 typica
905 1811 1067 1862 quadam
1093 1825 1158 1863 per
1185 1812 1435 1850 convivialem
1462 1812 1616 1850 accubi-

81 1877 162 1912 tum
206 1873 505 1918 adumbratione,
541 1875 606 1913 sed
640 1875 803 1926 praecipi
840 1875 950 1914 nobis
987 1876 1098 1914 etiam
1131 1877 1402 1928 propemodum
1435 1877 1614 1914 mandato

81 1938 147 1976 illo
179 1937 376 1976 Dominico
407 1939 572 1978 videtur:
604 1957 622 1974 n
637 1940 723 1978 Hoc
751 1941 904 1979 facite.''
932 1941 1065 1992 Neque
1093 1942 1192 1979 enim
1220 1943 1349 1991 negari
1376 1946 1510 1993 potest,
1539 1942 1610 1979 hoc

82 2003 260 2040 mandato
298 2004 562 2055 comprehendi
598 2005 638 2042 id
673 2009 806 2052 totum,
844 2006 945 2057 quod
984 2006 1156 2044 Christus
1184 2006 1505 2056 Domi-(150)uus
1533 2011 1612 2044 tum

83 2072 118 2105 et
147 2067 274 2105 docuit
300 2071 337 2106 et
365 2069 466 2108 fecit.
511 2070 679 2121 Cumque
707 2075 810 2109 extra
838 2084 986 2109 omnem
1014 2072 1307 2110 controversiam
1335 2073 1394 2118 sit,
1424 2073 1614 2110 Christum

82 2132 391 2170 accumbentibus
428 2133 505 2172 suis
542 2135 736 2185 Apostolis
774 2136 935 2174 Coenam
975 2150 1079 2174 suam
1114 2136 1334 2182 instituisse,
1370 2136 1499 2186 negari
1526 2150 1615 2174 sane

81 2196 194 2234 etiam
231 2210 309 2235 non
342 2201 478 2248 potest,
506 2199 721 2237 accubitum
747 2200 852 2237 illum
884 2213 948 2238 seu
977 2214 1194 2239 consessum
1221 2206 1363 2252 partem
1391 2201 1506 2240 fuisse
1533 2214 1613 2239 om-

84 2260 174 2299 nino
211 2261 371 2300 actionis
407 2262 447 2300 in
473 2263 554 2314 ipsa
584 2264 730 2302 Coenae
756 2264 1009 2312 institutione,
1043 2270 1079 2304 et
1106 2266 1264 2317 proinde
1291 2280 1311 2304 a
1339 2266 1515 2304 mandato
1544 2266 1608 2304 illo

87 2327 190 2365 nhoc
217 2327 355 2365 facite”
382 2328 531 2366 excludi
560 2329 824 2380 hauquaquam
851 2342 972 2380 posse.

134 2392 406 2430 Praetexuntur
442 2392 503 2430 hic
538 2392 689 2444 quidem
725 2394 840 2431 multa
876 2394 920 2432 ad
957 2394 1174 2432 elevandam
1209 2394 1377 2432 mandati
1405 2394 1515 2433 huius
1547 2395 1613 2433 hac

85 2457 122 2496 in
160 2461 263 2508 parte
290 2457 540 2504 autoritatem,
576 2462 618 2495 ut
646 2464 700 2496 est
728 2471 870 2510 semper
900 2458 1007 2497 valde
1033 2458 1228 2508 ingeniosa
1265 2459 1304 2497 in
1342 2459 1479 2498 divinis
1506 2474 1612 2498 man·

83 2522 178 2560 datis
212 2522 400 2561 elevandis
440 2526 568 2561 nostra
608 2523 715 2569 ratio,
753 2524 816 2562 sed
856 2538 931 2563 non
968 2539 1035 2563 suo
1063 2526 1147 2564 loco
1176 2526 1354 2566 dicuntur
1380 2528 1445 2566 illa
1473 2529 1612 2567 omnia.

84 2587 469 2625 Commemorabimus
497 2591 644 2625 tantum
673 2588 733 2625 hic
760 2590 959 2641 praecipua
987 2590 1169 2641 quaedam
1197 2596 1310 2643 atque
1337 2592 1465 2630 eadem
1484 2594 1614 2644 paucis

84 2651 195 2689 etiam
238 2652 462 2691 refellemus,
518 2653 750 2691 Praetexitur
793 2655 956 2706 primum
1001 2655 1170 2693 omnium
1216 2656 1386 2694 ciborum
1422 2657 1612 2695 Paschalis

86 2717 232 2756 Coenae
277 2718 368 2756 olim
413 2722 635 2769 apparatus,
668 2718 805 2769 pedum
840 2719 953 2766 lotio,
990 2721 1167 2772 temporis
1208 2721 1297 2759 item
1334 2721 1532 2772 vespertini
1579 2727 1613 2760 et

131 2848 156 2887 ¹)
180 2846 197 2878 1
220 2845 295 2880 Cor.
318 2847 347 2879 5.
598 2848 627 2887 ²)
649 2848 739 2882 loan.
763 2852 792 2881 6.
1050 2851 1076 2891 ³)
1102 2850 1177 2884 Luc.
1204 2852 1252 2890 12,
1279 2852 1327 2890 13,
1350 2851 1399 2883 22.
