1830 3147
64 694 150 727 Psal.
174 695 223 727 51.

63 738 155 770 Rom.
180 739 208 775 5,

64 780 141 811 Luc.
165 780 194 811 1.

64 822 162 853 Gene.
185 822 213 859 2,
240 822 268 853 5.

66 864 83 894 1
109 863 182 895 Cor.
207 864 256 895 15.

65 905 163 937 Phili.
187 906 216 937 3.

66 948 84 980 2
109 948 182 981 Cor.
205 949 235 980 4.

66 1603 165 1637 Hebr.
190 1604 220 1637 2.

65 1648 81 1678 1
106 1648 179 1678 Cor.
204 1647 233 1678 3.

63 1689 197 1731 Phillip.
220 1690 249 1723 2.

65 1731 156 1763 Ioan.
182 1731 233 1764 17.

64 1774 155 1806 Ioan.
178 1773 207 1804 3.

63 1815 154 1848 Ioan.
176 1814 225 1847 17,

63 1857 166 1900 Ephe.
187 1858 219 1888 4.

66 1900 82 1931 1
108 1900 197 1932 Ioan.
222 1900 250 1933 1.

68 2774 167 2807 I-Iebr.
191 2775 221 2808 2.

68 2819 157 2849 Ioan.
181 2818 211 2849 2.

67 2859 165 2892 Hebr.
189 2859 220 2891 2.

352 118 426 158 4:20
822 121 993 155 cA'rEcn„
1022 126 1129 155 Ech.
1159 122 1275 155 LoND.

351 231 432 271 sine
459 230 677 271 istiusmodi
705 232 789 270 ortu
816 231 1014 283 potuisset.

927 359 1066 398 Interr.
1095 360 1182 398 144.

401 423 605 464 Quomodo
641 423 765 476 potuit
803 436 889 462 caro
926 437 947 461 a
984 426 1115 461 nostra.
1153 435 1263 462 carne
1291 426 1327 462 et
1353 422 1467 461 homo
1496 421 1615 468 nasci,
1639 421 1692 460 ita
1720 424 1761 460 ut

349 503 428 529 non
456 490 567 528 simul
594 503 744 541 quoque
770 488 953 540 acceperit
979 501 1191 540 perversam
1221 488 1343 527 carnis
1365 491 1515 526 nostrae
1533 490 1762 538 naturaeque

350 555 534 593 humanae
561 555 754 594 indolem?

995 618 1107 669 Resp.

401 684 551 724 Quodsi
598 684 669 722 hoc
714 682 825 721 matri
862 682 984 728 datur,
1026 695 1108 720 eam
1143 681 1263 720 filium
1299 694 1407 719 suum
1443 693 1637 732 perversae
1671 693 1759 732 pra-

349 762 490 800 vaeque
526 752 681 786 naturae
718 747 904 785 humanae
938 746 1081 785 indolis
1118 746 1314 784 haeredem
1342 747 1463 784 facere
1490 758 1613 797 posse,
1639 744 1761 795 magis

350 815 462 852 etiam
483 814 554 851 hoc
582 812 832 863 omnipotenti
859 812 961 849 Patri
991 812 1274 849 concedendum
1301 815 1369 856 est,
1394 824 1478 849 eum
1507 810 1761 848 sanctificasse

349 880 525 925 fructum,
571 882 606 915 et
645 879 785 928 absque
822 877 926 914 omni
962 889 1098 928 pravae
1135 881 1290 914 naturae
1330 875 1651 914 contaminatione
1689 887 1761 924 pu-

349 957 430 981 rum
458 957 542 981 eum
572 955 738 980 servasse
765 944 875 992 atque
903 940 1146 979 continuisse.
1175 940 1379 978 Peccatum
1401 939 1513 985 enim,
1533 938 1638 987 (521³)
1659 937 1761 989 quod

349 1009 454 1046 carni
480 1011 630 1045 nostrae
658 1006 826 1044 inhaeret
856 1009 892 1043 et
921 1006 1085 1043 naturali
1113 1018 1184 1042 usu
1210 1006 1451 1049 transfertur,
1478 1006 1604 1055 potest
1632 1015 1720 1040 sane
1739 1016 1761 1040 a.

347 1074 458 1112 nobis
485 1072 668 1118 recedere,
693 1074 736 1109 ut
764 1070 1013 1108 nihilominus
1041 1076 1166 1107 tamen
1193 1073 1328 1107 natura
1352 1069 1514 1106 humana
1535 1067 1652 1119 probe
1670 1079 1759 1104 con-

348 1139 469 1184 sistat,
507 1135 822 1188 quemadmodum
859 1135 1045 1186 principio
1083 1134 1123 1172 in
1161 1133 1310 1172 Adamo
1339 1133 1413 1172 fuit
1440 1136 1476 1171 et
1502 1132 1543 1171 in
1569 1144 1760 1170 resurrec-

347 1202 451 1241 tione
478 1201 647 1239 omnium
675 1200 877 1238 electorum
906 1199 989 1238 erit.

926 1327 1066 1366 Interr.
1096 1328 1183 1365 145.

399 1396 558 1435 Nihilne
597 1397 787 1446 praeterea
823 1391 1091 1432 declarandum
1117 1391 1191 1431 tibi
1217 1395 1273 1431 est
1301 1390 1346 1430 de
1372 1389 1531 1439 ratione,
1557 1402 1632 1441 qua
1657 1388 1759 1427 filius

349 1462 419 1500 Dei
447 1461 711 1506 homofactus
740 1458 815 1497 sit?

991 1520 1103 1571 Resp.

400 1589 489 1628 Hoc
525 1601 640 1626 unum
674 1586 786 1625 etiam
824 1585 885 1623 hic
922 1585 1127 1623 tenendum
1163 1589 1231 1631 est,
1267 1584 1459 1623 hominem
1494 1599 1579 1624 eum
1615 1587 1756 1626 factum

350 1668 441 1699 esse,
491 1666 566 1692 non
611 1651 713 1704 quod
760 1650 996 1688 divinitatem
1043 1663 1148 1687 suam
1185 1648 1399 1700 deposuerit
1435 1650 1659 1699 amiseritve,
1695 1652 1760 1691 sed

350 1719 528 1757 humilem
565 1731 603 1756 se
637 1716 820 1768 praebens
863 1715 1066 1752 humanam
1094 1718 1266 1752 naturam
1295 1716 1354 1763 (ut
1383 1714 1525 1754 dictum
1553 1718 1627 1766 est)
1655 1719 1759 1766 (53³)

350 1783 565 1835 assumpsit,
609 1782 708 1819 idem
744 1779 991 1818 nihilominus
1031 1782 1156 1817 tamen
1196 1792 1404 1824 remanens,
1441 1780 1560 1831 qualis
1597 1786 1675 1820 erat
1711 1781 1759 1820 ab

351 1849 473 1895 initio,
507 1848 599 1886 adeo
638 1850 678 1884 ut
715 1850 871 1896 utraque
907 1845 999 1882 haec
1034 1848 1168 1882 natura
1196 1844 1236 1882 in
1265 1844 1413 1882 Christo
1443 1846 1523 1883 sine
1551 1846 1628 1884 ulla
1657 1859 1760 1885 com-

351 1913 535 1952 mixtione
570 1912 668 1949 inter
697 1923 776 1948 sese
805 1909 1001 1954 consistat,
1028 1907 1200 1959 quamvis
1229 1909 1465 1959 splendorem
1495 1923 1603 1948 suum
1631 1910 1693 1948 hic
1718 1911 1759 1949 in

352 1978 463 2016 terris
500 1975 782 2026 divinitatisque
821 1987 908 2011 suae
944 1973 1101 2023 gloriam
1141 1973 1324 2011 humanae
1360 1978 1515 2012 naturae
1543 1975 1760 2014 infirmitate

353 2045 580 2090 contegeret.
618 2039 723 2077 Hinc
750 2039 804 2084 fit,
834 2037 1027 2076 Christum
1056 2036 1218 2075 subinde
1245 2037 1284 2075 in
1313 2037 1506 2089 Scriptura
1534 2038 1578 2076 de
1599 2051 1636 2076 se
1654 2039 1761 2090 loqui

350 2107 457 2145 iuxta
494 2105 660 2143 divinam
699 2117 803 2142 suam
841 2107 1027 2147 naturam,
1062 2115 1174 2153 quam
1202 2102 1249 2140 ab
1277 2102 1387 2141 initio
1415 2103 1549 2141 mundi
1576 2103 1759 2150 habuerit,

352 2171 512 2211 subinde
546 2171 659 2209 etiam
686 2169 791 2208 iuxta
827 2168 1031 2206 humanam
1060 2171 1245 2216 naturam,
1272 2181 1383 2219 quam
1411 2182 1477 2207 suo
1504 2173 1672 2221 tempore
1699 2183 1759 2208 as-

353 2236 565 2287 sumpserit,
593 2238 704 2274 natus
732 2247 751 2272 e
781 2233 902 2271 Maria
932 2232 1088 2281 virgine.

929 2490 1066 2528 Interr.
1097 2491 1182 2527 146.

406 2559 510 2599 Quid
547 2558 619 2597 hoc
654 2556 764 2596 nobis
800 2555 964 2607 prodest,
998 2554 1117 2592 filium
1146 2553 1252 2602 (53¹³)
1288 2551 1358 2590 Dei
1394 2551 1577 2590 humanae
1604 2554 1758 2590 naturae

353 2621 608 2675 assumptione
635 2634 719 2660 vere
747 2619 936 2658 hominem
965 2620 1108 2656 factum
1137 2617 1244 2656 esse?

991 2683 1105 2734 Resp.

404 2753 508 2790 Hinc
543 2751 804 2801 intelligimus,
830 2762 914 2787 eum
941 2761 1020 2786 esse
1047 2748 1201 2785 fratrem
1227 2749 1399 2785 nostrum
1426 2756 1570 2795 nosque
1595 2743 1755 2782 invicem

354 2830 482 2855 omnes
521 2815 821 2853 communionem
859 2826 942 2850 cum
970 2812 1051 2862 ipso
1081 2810 1216 2848 habere
1244 2808 1354 2847 unius
1383 2807 1505 2846 carnis
1532 2812 1642 2859 atque
1670 2822 1756 2846 san-

350 2882 491 2936 guiniS‚
516 2886 552 2920 et
585 2893 699 2932 quum
726 2880 789 2917 ille
816 2879 855 2916 in
884 2882 1011 2915 nostra
1041 2889 1149 2914 carne
1178 2875 1381 2914 Sathanam
1411 2874 1557 2913 vincere
1586 2873 1757 2921 voluerst,
