1830 3147
46 435 144 469 Gene.
166 434 197 473 2,
220 433 249 466 3.

51 1096 128 1128 Luc.
153 1094 203 1126 12.

50 1138 154 1170 Math.
178 1138 206 1175 1,
230 1137 260 1168 ἱ).

51 1181 140 1212 Ioan.
164 1179 194 1211 1.

51 1223 128 1254 Luc.
152 1222 204 1253 21.

51 1266 150 1296 Gene.
174 1264 204 1296 3.

48 1307 127 1338 Exo.
152 1305 198 1338 H.

50 1349 151 1381 Hebr.
174 1348 203 1386 2,
226 1348 256 1379 4.

49 1391 152 1433 Ephe.
176 1391 204 1423 5.

54 2317 149 2359 Esay.
171 2318 201 2352 7.

55 2361 159 2393 Math.
183 2361 212 2393 1.

55 2402 131 2438 Luc.
156 2404 185 2436 1.

59 2574 140 2607 Luk.
165 2572 193 2604 1.

56 2618 150 2658 Esay.
176 2614 226 2650 53.

58 2660 139 2691 lere.
163 2659 212 2696 23,
236 2659 287 2691 33.

58 2702 75 2732 1
102 2702 189 2732 loan.
213 2701 242 2733 3.

58 2744 74 2774 l
98 2744 168 2775 Pet.
192 2743 222 2775 2.

57 2786 141 2818 Heb.
163 2786 193 2816 4.

323 116 397 154 418
805 113 980 148 CATECH.
1011 117 1120 145 nect.
1149 114 1266 145 Lonn.

909 222 1048 261 Interr.
1077 223 1164 261 141.

382 293 487 332 Cur?

978 353 1092 404 Resp.

381 422 576 461 Nimirum
616 418 880 459 condemnatio
917 421 954 456 et
992 416 1202 456 satisfactio
1241 415 1379 455 Adami
1417 414 1520 453 carni
1547 413 1745 466 impositae

329 493 452 528 erant.
506 487 671 532 Idcirco,
699 486 730 524 si
759 483 932 523 Christus
962 496 1112 521 carnem
1143 495 1248 519 suam
1277 481 1323 519 ab
1352 480 1502 519 Adamo
1531 493 1610 518 non
1637 492 1745 518 acce-

329 552 459 604 pisset,
486 550 609 590 nostri
637 550 744 599 (50¹2)
772 548 857 585 loco
885 546 960 597 legi
988 546 1206 584 satisfacere
1233 558 1309 582 non
1327 543 1523 596 potuisset,
1543 557 1663 595 neque
1683 555 1746 581 so-

330 617 478 656 lutione
523 629 590 654 sua
625 614 787 652 liberare
823 625 893 650 nos
929 611 976 650 ab
1015 611 1095 649 eius
1133 609 1461 655 condemnatione,
1497 622 1618 660 neque
1652 608 1746 659 legis

332 680 549 720 obedientia
579 678 689 718 nobis
718 680 910 716 aeternam
939 676 1055 715 vitam
1082 688 1314 726 recuperare.

910 806 1050 845 Interr.
1080 807 1166 844 142.

385 872 590 913 Quomodo
617 872 735 923 igitur
763 870 945 917 ostendis,
972 870 1100 908 Iesum
1128 881 1257 907 verum
1268 867 1470 918 ‚hominem
1488 881 1508 907 e
1529 866 1652 906 Maria
1672 867 1748 906 vir-

335 940 423 990 gine
449 942 583 978 natum
611 938 718 977 esse?

982 1001 1095 1052 Resp.

386 1070 588 1121 Propterea
629 1066 745 1119 quod,
780 1080 800 1104 a
838 1065 961 1104 Maria
989 1068 1172 1116 concepto
1200 1064 1281 1116 ipso
1310 1067 1346 1102 ct
1374 1077 1419 1102 ex
1444 1062 1526 1114 ipsa
1553 1065 1657 1107 nato,
1683 1061 1750 1100 illa

335 1137 468 1180 mater,
503 1133 583 1184 ipse
620 1130 784 1169 hominis
819 1130 930 1176 filius,
968 1129 1130 1167 feminae
1158 1142 1280 1166 semen
1311 1135 1422 1178 atque
1449 1127 1571 1164 foetus
1600 1125 1751 1171 dicitur,

337 1200 402 1251 qui
430 1203 582 1237 nostrae
611 1196 735 1234 carnis
763 1195 959 1246 nostrique
987 1194 1184 1244 sanguinis
1211 1193 1414 1245 particeps,
1440 1192 1488 1231 ad
1516 1191 1608 1229 haec
1628 1191 1751 1229 omni-

340 1264 410 1301 bus
446 1261 665 1300 hominibus
700 1261 742 1298 in
770 1260 945 1297 omnibus
975 1258 1107 1296 similis
1145 1259 1268 1296 factus
1296 1261 1366 1303 est,
1402 1259 1556 1307 excepto
1583 1258 1751 1306 peccato.

340 1328 381 1365 Si
415 1326 534 1376 igitur
568 1325 683 1364 verba
718 1324 810 1361 haec
850 1322 1020 1365 nfilius'',
1052 1321 1242 1367 umam-'3
1273 1320 1471 1365 asemen'',
1501 1319 1683 1357 ''foetus''
1711 1318 1752 1356 in

339 1395 443 1442 (51a)
473 1391 667 1442 Scriptura
695 1402 800 1428 saera
828 1388 926 1426 nihil
952 1387 1057 1425 aliud
1084 1383 1196 1438 quam
1223 1387 1264 1424 in
1291 1386 1375 1424 aliis
1404 1384 1566 1436 seriptis,
1582 1383 1752 1422 historiis

339 1462 374 1496 et
410 1456 551 1505 linguis
587 1454 784 1492 hominum
822 1452 1035 1502 significare
1069 1454 1242 1503 possunt,
1277 1450 1413 1488 merito
1450 1449 1539 1487 hinc
1565 1447 1753 1493 efficimus,

339 1522 409 1560 Dei
445 1521 577 1565 filium,
609 1520 737 1557 Iesum
767 1518 960 1556 Christum
989 1530 1137 1554 carnem
1167 1529 1187 1553 a
1217 1528 1328 1553 carne
1356 1518 1499 1560 nostra,
1526 1526 1655 1551 verum
1684 1513 1753 1550 ho·

336 1588 475 1626 minem
504 1587 645 1624 sactum
673 1598 752 1623 esse
780 1588 815 1622 et
841 1583 1049 1621 naturalem
1082 1582 1225 1620 Mariae
1251 1581 1370 1618 filium
1400 1580 1516 1619 fuisse
1547 1579 1652 1617 iuxta
1673 1591 1753 1616 car-

337 1666 435 1691 nem.
485 1650 665 1702 Alioquin
696 1649 726 1687 si
754 1648 856 1686 filius
883 1653 919 1685 et
948 1652 1081 1691 mater,
1109 1660 1234 1685 semen
1262 1650 1300 1684 et
1327 1647 1466 1692 foetus,
1495 1643 1692 1695 concipere
1719 1646 1754 1681 et

337 1731 478 1769 parcre,
513 1717 652 1754 laetere
688 1720 800 1765 atque
836 1713 1050 1751 adolescere
1089 1712 1130 1750 in
1168 1710 1326 1763 Scriptis
1368 1709 1606 1761 Propheticis
1642 1712 1755 1760 atque

338 1781 569 1834 Apostolicis
604 1779 707 1818 aliud
743 1778 835 1830 quid
872 1781 996 1815 essent
1032 1781 1068 1815 et
1096 1775 1367 1826 significarent,
1393 1788 1505 1826 quam
1532 1774 1571 1812 in
1599 1772 1755 1824 reliquis

337 1845 576 1885 sermonibus
612 1843 802 1888 omnibus,
837 1841 929 1893 quid
968 1841 1058 1879 certi
1094 1840 1318 1878 haberemus
1356 1842 1528 1890 essetque
1555 1838 1667 1876 nobis
1696 1837 1754 1875 di-

339 1911 497 1950 cendum
526 1909 571 1947 de
599 1921 722 1953 cruce,
746 1912 879 1951 morte,
907 1905 1198 1950 resurrectione,
1225 1905 1302 1943 vita
1330 1908 1442 1955 atque
1464 1903 1753 1951 condem-(5110)

339 1974 520 2012 natione?
557 1972 664 2011 Quin
691 1972 766 2009 imo
794 1974 874 2009 tota
904 1969 1112 2021 Scriptura,
1140 1981 1182 2006 os
1210 1967 1280 2006 Dei
1308 1971 1420 2019 atque
1449 1967 1589 2006 Divina
1617 1965 1753 2005 veritas

338 2039 482 2078 ineerta
510 2037 622 2076 nobis
650 2035 882 2075 redderetur.

916 2230 1059 2269 Interr.
1089 2230 1175 2268 143.

390 2298 519 2338 Quare
554 2296 720 2349 oportuit
758 2296 965 2340 Christum,
1000 2307 1079 2332 non
1115 2291 1277 2331 naturali
1306 2289 1431 2335 modo,
1468 2288 1529 2328 sed
1560 2301 1580 2327 a
1609 2287 1753 2341 virgine

341 2365 377 2403 vi
407 2364 537 2403 Sancti
565 2363 730 2415 Spiritus
761 2361 908 2412 concipi
936 2359 1116 2410 nascique
1139 2357 1354 2396 hominem?

988 2490 1102 2542 Resp.

394 2559 457 2596 Sic
485 2557 620 2603 decuit,
647 2559 688 2595 ut
714 2568 868 2608 prorsus
897 2558 1050 2592 sanetus
1078 2566 1121 2591 ac
1149 2551 1324 2596 mundus,
1352 2550 1432 2588 sine
1459 2549 1534 2587 ulla
1552 2547 1698 2586 macula
1715 2550 1753 2586 et

341 2626 508 2674 peccato,
544 2635 622 2660 non
659 2621 780 2659 solum
816 2619 855 2657 in
891 2619 966 2656 vita
1006 2631 1084 2664 sua,
1121 2617 1184 2655 sed
1222 2617 1336 2654 etiam
1363 2616 1404 2652 in
1432 2616 1615 2664 conceptu
1642 2616 1754 2663 atque

343 2691 427 2724 ortu
465 2700 545 2733 suo,
581 2686 688 2724 iuxta
723 2683 1003 2722 ordinationem
1039 2685 1216 2732 paternae
1254 2677 1546 2723 misericordiae,
1583 2677 1752 2714 omnium

342 2750 546 2787 electorum
585 2748 774 2787 carnalem
813 2745 1174 2785 contaminationem
1202 2747 1238 2782 et
1280 2741 1457 2794 quicquid
1487 2740 1641 2791 insuper
1666 2753 1753 2791 pra-

344 2827 428 2852 vum
457 2814 497 2851 in
524 2813 571 2851 iis
599 2817 708 2858 esset,
736 2813 911 2857 auferret,
940 2809 1151 2855 mundaret,
1180 2809 1429 2858 compesceret
1457 2817 1657 2856 veramque
1684 2817 1753 2842 no-

343 2878 402 2917 bis
438 2878 707 2929 adipisceretur
743 2878 847 2926 (522)
884 2875 1080 2921 iustitiam,
1122 2873 1223 2924 quod
1259 2884 1381 2923 neque
1415 2870 1502 2921 ipsi,
1536 2882 1656 2922 neque
1690 2869 1754 2907 ille
