1830 3147
820 113 888 148 569
1340 114 1405 159 [A.
1430 113 1476 149 D.
1503 114 1616 160 1541]

87 222 228 263 docent,
254 221 420 269 quicquid
444 220 636 259 docendum
661 223 900 268 susceperunt.
926 221 1044 259 Quare
1070 234 1150 257 eum
1177 223 1211 257 te
1231 232 1370 268 quoque
1395 222 1443 257 ita
1458 223 1618 259 affectum

87 295 161 319 esse
195 283 339 324 videam,
370 286 410 317 ιιι
444 294 546 328 quam
577 281 829 328 simplicissime
866 284 1013 318 tractare
1047 283 1181 318 coneris
1207 283 1333 324 omnia,
1361 294 1450 329 quae
1475 284 1539 319 tibi
1565 295 1619 318 ex·

89 344 247 390 plicanda
276 342 484 383 desumsisti,
519 355 588 378 non
625 354 765 388 possum
801 347 898 380 tuum
930 342 994 378 hoc
1026 342 1180 379 studium
1207 356 1276 379 non
1302 343 1521 379 vehementer
1545 357 1621 390 pro-

91 405 183 445 bare,
210 409 314 452 atque
338 404 424 439 adeo
451 410 484 439 te
510 405 621 450 ipsum
650 416 719 439 non
746 416 952 451 magnopere
978 405 1082 439 etiam
1109 404 1173 440 hoc
1198 405 1336 441 nomine
1360 417 1486 441 amare.

138 465 226 501 Eum
260 477 359 512 porro
392 465 544 500 animum
576 476 657 511 erga
685 469 717 499 te
745 476 854 499 meum
882 463 1054 500 declarare
1082 463 1146 499 tibi
1172 464 1266 500 volui
1293 477 1352 511 per
1376 465 1493 500 literas
1517 464 1621 500 hasce

91 538 192 566 ineas,
228 530 267 561 ιιι
301 525 381 561 mihi
412 526 545 560 aditum
580 524 752 571 quendam
788 537 940 570 pararem
980 524 1118 560 liberius
1153 527 1269 560 tecum
1302 526 1427 572 agendi
1459 526 1620 572 deinceps

88 586 132 621 de
163 586 334 626 omnihus,
369 597 457 632 quae
489 597 524 620 se
557 586 646 621 sorte
679 587 855 628 offerrent,
888 587 918 621 si
951 585 986 622 id
1021 586 1083 621 tibi
1117 590 1257 633 gratum
1294 587 1366 622 fore
1391 588 1620 635 intelligerem

90 659 151 693 pro
186 646 400 682 humanitate
431 650 491 681 tua
525 658 653 694 proque
679 647 824 682 caritate
851 647 1059 684 Christiana.
1108 647 1233 683 Habeo
1257 647 1346 683 enim
1374 649 1557 694 quaedam,
1586 649 1623 684 in

88 707 213 754 quibus
247 706 328 742 mihi
359 707 499 755 quidem
536 707 610 754 ipse
649 707 840 748 satisfacio,
876 707 970 754 quod
1002 707 1046 743 ad
1073 720 1182 743 meam
1209 709 1458 744 conscientiam
1485 709 1624 751 attinet,

90 771 145 811 (ut
170 769 238 804 fere
264 767 362 803 nobis
387 768 487 804 facile
513 769 548 803 in
573 768 702 803 nostris
728 769 960 804 satisfacimus
984 769 1066 815 ipsi)
1093 769 1154 804 sed
1180 782 1250 804 non
1276 769 1360 810 scio,
1385 783 1430 805 an
1455 771 1531 805 aliis
1550 783 1624 816 per-

90 828 171 865 inde
196 830 258 864 sim
286 829 527 865 satisfacturus
554 829 668 869 etiam,
693 829 722 863 si
748 841 786 864 ea
812 829 1040 876 invulgarcm.
1074 829 1165 865 Sunt
1191 830 1280 865 enim
1308 830 1462 866 nonnihil
1489 831 1625 866 diversa

88 903 109 925 a
145 894 283 936 recepta
316 889 442 935 passim
482 889 642 924 doctrina
668 890 836 936 populari,
860 889 920 924 sed
946 901 1034 936 quac
1060 903 1122 926 nos
1148 894 1265 926 tamen
1290 890 1334 926 ad
1359 891 1564 938 penitiorem
1591 897 1627 928 et

91 950 210 986 Divini
250 950 405 985 beneficii
433 954 469 984 et
495 951 605 984 nostri
631 949 782 995 ipsorum
809 950 1057 996 cognitionem.
1083 952 1149 986 nisi
1172 963 1235 998 ego
1261 963 1402 997 prorsus
1428 952 1542 993 fallor,
1566 951 1626 988 ad-

90 1009 238 1044 ducunt.
289 1008 483 1043 Versantur
509 1013 624 1043 autem
651 1010 743 1043 circa
766 1009 853 1055 lapsi
878 1021 918 1044 ac
945 1010 1100 1044 restituti
1127 1022 1262 1045 rursum
1297 1010 1443 1045 hominis
1469 1011 1627 1046 conside·

91 1071 271 1111 rationem,
292 1069 351 1104 sed
375 1082 445 1105 non
470 1069 539 1105 alio
563 1073 722 1116 spectant
749 1073 877 1112 tamen,
902 1082 1004 1117 quam
1040 1070 1083 1105 ad
1110 1070 1351 1106 illustrandam
1379 1073 1488 1119 magis
1513 1071 1627 1107 adhuc

92 1130 204 1165 meriti
229 1130 356 1165 Christi
379 1130 522 1175 gloriam
548 1142 587 1166 ac
614 1131 791 1172 virtutem,
818 1131 875 1166 cui
901 1131 966 1166 soli
992 1130 1157 1166 debemus
1182 1145 1320 1167 omnem
1349 1137 1503 1168 nostram
1530 1133 1630 1168 resti·

91 1191 273 1226 tutionem.
300 1190 368 1225 Sed
395 1194 428 1225 te
453 1202 547 1226 nunc
572 1189 719 1225 obruere
745 1191 821 1226 istis
848 1191 942 1226 nolo.
971 1191 1063 1226 Satis
1090 1197 1154 1233 est,
1181 1204 1292 1227 mcum
1319 1204 1400 1240 erga
1426 1198 1459 1228 te
1474 1194 1628 1228 animum

91 1251 153 1288 hac
178 1251 324 1298 epistola
349 1250 552 1292 declarasse,
577 1250 670 1297 quod
699 1256 732 1286 te
759 1250 982 1286 vehementer
1007 1264 1116 1287 amem
1143 1256 1179 1287 et
1205 1253 1347 1298 proinde
1373 1254 1506 1300 cupiam
1523 1254 1625 1289 etiam

91 1311 154 1347 tibi
181 1311 317 1358 probari
342 1323 414 1346 mea
439 1311 564 1351 omnia,
591 1312 727 1346 etiamsi
754 1314 788 1346 te
815 1324 884 1347 non
909 1313 1032 1347 norim.
1059 1312 1132 1348 Iam
1160 1313 1187 1348 si
1213 1314 1302 1349 scire
1325 1315 1453 1361 cupias,
1472 1316 1629 1360 quisnam

91 1373 166 1414 sim,
200 1371 297 1406 facile
333 1371 366 1406 id
402 1383 444 1406 ex
478 1371 610 1407 Erasmi
646 1370 874 1407 Roterodami
906 1373 1045 1419 scriptis
1082 1385 1272 1419 cognosces
1310 1395 1356 1400 —
1391 1380 1514 1410 extant
1539 1377 1630 1411 enim

92 1432 226 1478 aliquot
249 1431 340 1467 illius
366 1432 409 1466 ad
435 1444 486 1467 me
512 1432 678 1478 epistolae
701 1453 748 1460 -
773 1433 832 1480 qui
867 1434 971 1469 ctiam
999 1434 1080 1469 mihi
1106 1439 1209 1470 autor
1236 1436 1315 1477 fuit,
1342 1440 1382 1472 ut
1407 1438 1560 1473 animum
1586 1438 1630 1474 ad

94 1505 192 1529 sacra
217 1493 413 1534 adjicerem,
440 1494 509 1528 imo
535 1506 617 1528 vero
643 1493 700 1529 ille
728 1495 857 1540 primus
885 1507 937 1530 me
965 1495 999 1530 in
1026 1508 1104 1530 vera
1119 1496 1284 1544 religione
1302 1498 1487 1534 instituere
1501 1501 1629 1547 coepit.

94 1554 261 1595 Breviter,
295 1559 335 1589 ut
369 1554 463 1601 apud
499 1558 532 1590 te
567 1566 706 1601 quoque
733 1556 927 1602 praedicem
953 1557 1085 1592 Christi
1112 1557 1255 1593 Domini
1281 1559 1316 1594 in
1343 1572 1395 1594 me
1424 1561 1630 1596 beneficium

91 1628 131 1652 ac
157 1617 332 1657 virtutem,
357 1628 448 1651 eram
476 1615 606 1662 pridem
633 1617 775 1663 insignis
803 1616 1023 1658 Pharisaeus,
1052 1617 1170 1654 multis
1196 1626 1339 1654 ornatus
1361 1621 1485 1663 titulis,
1510 1622 1630 1658 multis

92 1684 125 1712 et
161 1677 334 1723 opulentis
370 1677 571 1712 sacerdotiis
606 1689 624 1711 a
663 1689 769 1723 puero
793 1678 906 1713 adhuc
933 1678 1073 1724 pulchre
1101 1680 1359 1723 suffarcinatus,
1384 1694 1476 1717 nune
1502 1690 1632 1725 antem,

92 1739 220 1775 relictis
251 1738 345 1773 ultro
384 1750 444 1784 per
484 1738 549 1773 Dei
585 1738 732 1784 gratiam
766 1738 860 1773 hisce
897 1739 1072 1780 omnibus,
1114 1740 1234 1776 relicta
1270 1742 1351 1776 item
1391 1743 1500 1789 patria
1526 1747 1630 1789 atque

92 1799 222 1841 amicis,
258 1798 349 1834 inter
382 1809 468 1844 qnos
508 1810 559 1832 me
594 1798 790 1833 Christiane
824 1799 1042 1850 viver-enon
1077 1813 1178 1846 posse
1215 1801 1384 1843 videbam,
1412 1804 1525 1839 nudus
1552 1818 1628 1840 suin

93 1859 182 1894 inter
206 1862 366 1893 externos
390 1859 472 1892 nudi
498 1858 629 1893 Christi
656 1857 795 1893 Domini
821 1870 881 1905 pro
907 1871 959 1893 me
985 1860 1140 1896 crucifixi
1166 1873 1300 1903 servus,
1326 1863 1542 1898 constitutus
1567 1877 1630 1900 nu-

95 1931 153 1965 per
190 1919 242 1955 hic
268 1919 498 1954 Ecclesiarum
526 1919 681 1954 minister
708 1920 741 1954 iu
766 1919 998 1966 Evangelicae
1023 1921 1202 1956 doctrinae
1227 1923 1504 1965 annuntiatione,
1533 1925 1631 1960 iuxta

94 1980 309 2015 voluntatem
347 1979 452 2017 illius.
488 1979 547 2026 qui
583 1991 636 2014 me
671 1992 688 2014 e
714 1980 821 2015 caulis
850 1980 1112 2017 Pharisaeorum
1139 1982 1181 2017 ad
1208 1984 1299 2018 ovile
1326 1995 1424 2019 snum
1452 1997 1511 2031 per
1533 1997 1630 2020 suani

97 2038 361 2074 misericordiam
390 2041 561 2074 evocavit.
614 2040 730 2075 Habes
768 2053 860 2076 meas
886 2042 1048 2083 rationes,
1074 2047 1172 2078 tuum
1201 2045 1266 2078 erit
1291 2044 1370 2086 iam,
1400 2049 1441 2080 nt
1468 2058 1519 2080 me
1545 2047 1631 2081 rcci-

96 2100 168 2146 pias
194 2101 227 2134 in
254 2106 346 2134 tuam
373 2101 558 2135 amicitiam
586 2104 619 2135 ct
648 2113 708 2144 pro
733 2102 837 2136 fratre
863 2101 1024 2149 deinceps
1049 2103 1186 2140 habeas.
1243 2103 1339 2140 Vale.
1381 2106 1536 2141 Aenidae
1562 2116 1630 2142 xlv

97 2161 219 2196 Martii
246 2162 350 2196 1544.

659 2223 754 2258 Tuus
779 2237 818 2259 ex
845 2224 970 2265 animo.
997 2225 1162 2261 IOANNES
1186 2225 1207 2261 a
1232 2227 1366 2262 Lnsco.
1394 2240 1436 2263 m.
1463 2241 1514 2275 pr.

146 2284 206 2329 [ln
246 2284 348 2319 dorso
394 2283 546 2330 Bulling.
579 2283 779 2331 adscripsit:
818 2286 991 2319 “Ioannes
1026 2285 1048 2320 ὰ
1082 2288 1184 2321 Lasco
1217 2287 1435 2322 nobilissinms
1471 2290 1631 2327 Polom'ae

97 2346 231 2384 '‘Bm-0,
265 2345 426 2391 quondam
466 2345 638 2378 Gnesansis
670 2347 890 2388 praepositus,
917 2347 1099 2392 sinqulari's
1130 2348 1174 2381 D.
1211 2348 1244 2382 Ε
1246 2349 1346 2382 raa-mi
1381 2350 1463 2383 Rae.
1496 2352 1632 2392 amicus,

97 2406 229 2452 nlt'eyis
255 2405 415 2440 Polom'ae
440 2404 583 2451 loqutus.
615 2404 719 2439 Cuius
739 2408 895 2449 palmus,
919 2409 952 2440 et
976 2407 1044 2451 ipse
1069 2409 1214 2442 loannes
1239 2406 1260 2441 ὰ
1285 2409 1386 2444 Lusco
1411 2411 1534 2452 dictus,
1550 2413 1630 2457 suit

95 2467 397 2511 uAmlu'epe‘scopas
427 2466 602 2500 Gnesensis
626 2467 660 2499 in
685 2465 893 2511 Sarmatz·a..]

138 2602 162 2639 ¹)
193 2600 244 2631 Sc.
272 2600 477 2631 Hei-mannus
512 2600 670 2638 Brassius,
706 2601 758 2642 qui
789 2602 895 2633 medio
931 2613 981 2634 an.
1019 2603 1098 2634 1543
1136 2602 1172 2633 V.
1196 2602 1234 2634 D.
1266 2603 1480 2635 ministerium
1511 2606 1633 2638 Enulae

93 2660 286 2699 susceperat.
311 2657 361 2687 Cf.
387 2656 425 2687 U.
450 2657 599 2687 Emnus.
623 2667 653 2698 p.
679 2657 755 2689 916.
