1830 3147
146 111 193 148 64

514 229 565 256 Du
595 228 694 255 Rl'ru
722 228 810 256 Ipso
838 227 1033 256 ELIGENDI
1064 227 1296 257 M1le'rnos.

192 351 369 391 RITUM
412 349 656 403 praeficiendi
701 349 901 388 Ministros
928 348 1127 386 rEcclesiis
1176 349 1276 387 varie
1312 348 1552 386 observatum
1588 361 1684 396 esse,

142 431 226 455 cum
261 416 359 467 apud
395 419 548 459 veteres,
581 417 665 453 tum
702 414 801 466 apud
837 417 1056 452 nostrorum
1091 414 1205 452 etiam
1239 417 1453 465 temporum
1489 413 1679 452 Ecclesias
1730 426 1733 428 ·

138 482 319 527 videmus,
346 494 415 532 pro
443 494 485 518 eo
514 493 558 518 ac
586 479 777 517 Ecclesiae
806 478 985 530 cuiusque
1014 479 1178 516 rationes
1206 478 1360 530 ipsaque
1391 479 1482 516 adeo
1511 482 1681 530 tempora

138 548 176 585 id
215 546 439 584 videbantur
465 546 666 597 postulare.
722 544 823 582 Olim
852 544 893 582 in
921 547 1044 581 vetere
1069 547 1156 595 post
1184 544 1388 594 Apostolos
1418 542 1586 581 Ecclesia
1616 543 1679 581 de-

141 611 390 662 signabantur
418 611 586 650 Ministri
613 611 732 649 totius
758 610 889 662 populi
918 609 1117 658 suffragiis,
1143 609 1246 647 iuxta
1276 609 1483 661 exemplum
1513 609 1680 660 Aposto-

138 678 262 715 lorum
300 677 397 714 circa
425 675 683 714 Diaconorum
713 675 933 712 electionem
956 675 998 722 ¹),
1035 677 1147 724 atque
1174 673 1275 711 hunc
1303 687 1440 712 morem
1472 674 1681 725 Cyprianus

140 742 216 781 suis
251 755 401 794 quoque
438 741 669 793 temporibus
709 740 946 778 observatum
976 752 1056 777 esse
1084 739 1205 777 docet.
1262 739 1334 776 Sed
1364 752 1448 777 cum
1475 740 1594 791 pietas
1622 753 1680 777 re-

138 808 339 857 frigescere
372 806 512 858 passim
548 819 636 844 mox
669 808 798 857 postea
835 804 1016 855 coepisset
1054 816 1096 841 ac
1132 802 1239 855 plebs
1275 803 1355 855 ipsa
1382 803 1575 842 Ecclesiae
1604 804 1681 842 dis-

139 872 235 910 sidia
271 871 451 923 quaedam
487 871 587 908 intcr
624 883 702 908 sese
729 868 861 916 ale-(D
890 869 1004 917 8¹³)re‚
1031 881 1166 919 resque
1192 873 1270 906 tota
1298 867 1346 905 ad
1369 868 1499 906 turbas
1526 868 1679 919 potissi-

138 951 240 976 mum
270 937 550 987 simultatesque
577 936 615 973 in
643 935 857 973 istiusmodi
886 933 1136 972 electionibus
1165 937 1331 985 spectare
1350 933 1551 980 videretur,
1568 937 1681 984 atque

138 1002 294 1055 privatis
320 1003 398 1040 fere
425 1000 619 1039 affectibus
648 1000 773 1037 omnia
802 1001 1077 1049 agerentur‚—
1095 999 1277 1036 autoritas
1307 998 1455 1035 demum
1472 1001 1552 1036 tota
1572 1011 1680 1049 prae-

138 1068 290 1106 ficiendi
320 1067 517 1105 Ministros
544 1066 583 1104 in
613 1065 791 1103 Ecclesiis
819 1065 867 1103 ad
897 1064 1164 1114 Magistratum
1194 1063 1383 1115 (publicae
1411 1063 1552 1115 alioqui
1574 1067 1678 1101 tran-

139 1133 339 1185 quillitatis
374 1138 484 1184 atque
521 1131 665 1170 ordinis
701 1130 847 1182 politici
884 1130 1072 1168 retinendi
1109 1131 1147 1167 in
1177 1129 1345 1167 Ecclesia
1375 1129 1585 1177 custodem)
1616 1129 1680 1167 de-

139 1200 266 1237 voluta
294 1202 370 1244 est,
399 1198 567 1248 exemplo
596 1196 772 1235 nimirum
800 1195 933 1233 veteris
960 1195 1029 1233 sub
1062 1194 1169 1233 Mose
1196 1194 1398 1240 Ecclesiae,
1424 1194 1463 1232 in
1492 1207 1564 1246 qua
1595 1193 1680 1232 Ma·

138 1266 319 1314 gistratus
356 1276 522 1302 summos
562 1262 758 1300 Ministros
796 1261 926 1312 templi
963 1274 1092 1298 omnes
1128 1260 1394 1298 constituebat.
1449 1260 1502 1297 At
1530 1272 1615 1297 vero
1645 1263 1680 1297 et

139 1330 201 1367 hic
228 1329 380 1379 gravius
408 1328 530 1366 adhuc
558 1327 697 1365 malum
726 1325 999 1376 subsequutum
1028 1330 1095 1368 est,
1125 1338 1229 1363 versa
1257 1325 1297 1362 in
1325 1324 1566 1374 tyrannidem
1595 1323 1680 1362 Ma-

138 1395 320 1445 gistratus
356 1394 556 1432 autoritate
593 1397 640 1438 et,
677 1392 797 1429 auctis
835 1391 939 1429 brevi
967 1390 1078 1429 rebus
1106 1390 1319 1434 Ecclesiae,
1345 1389 1448 1428 tituli
1478 1389 1683 1427 Ministerii

141 1459 412 1498 Ecclesiasticii
448 1458 654 1496 aulicorum
693 1456 898 1494 officiorum
934 1456 1075 1507 premia
1112 1469 1191 1493 esse
1234 1458 1436 1506 coeperunt
1472 1454 1681 1492 Ecclesiae-

140 1540 211 1578 que
249 1538 315 1563 suo
344 1523 617 1563 fraudabantur
648 1522 875 1566 Ministerio,
905 1521 993 1559 dum
1021 1521 1133 1559 aulici
1163 1521 1347 1566 homines,
1375 1520 1421 1558 ad
1448 1520 1532 1557 loca
1560 1533 1603 1558 ac
1630 1521 1679 1559 ti-

138 1591 239 1631 tulos
268 1590 530 1628 Ministrorum
558 1587 710 1631 admoti,
738 1600 858 1638 neque
885 1586 958 1638 ipsi
986 1600 1053 1624 suo
1081 1586 1290 1624 ministerio
1321 1599 1403 1628 vere
1424 1585 1684 1634 fungerentur,

140 1670 260 1708 neque
295 1659 338 1693 ut
371 1655 435 1693 alii
473 1655 718 1703 fungerentur
754 1653 969 1704 permittere
997 1653 1146 1691 vellent.
1200 1652 1371 1690 Accessit
1398 1650 1446 1689 ad
1474 1656 1680 1689 extremum

139 1723 261 1773 Papae
297 1720 460 1758 Romani
496 1719 667 1769 tyrannis
705 1719 814 1769 plane
842 1717 1144 1761 antichristiana‚
1179 1730 1242 1768 per
1271 1731 1382 1768 quam
1411 1717 1484 1755 sibi
1512 1717 1574 1754 ille
1612 1717 1680 1754 do-

140 1786 297 1824 minium
336 1784 461 1823 nescio
499 1783 601 1834 quod
638 1783 806 1821 omnium
844 1782 998 1820 omnino
1036 1786 1116 1820 toto
1153 1787 1338 1819 terrarum
1372 1781 1462 1819 orbe
1491 1781 1681 1819 Ecclesia-

140 1865 223 1890 rum
260 1864 333 1902 quo
368 1849 449 1887 iure
485 1862 630 1901 quaque
664 1847 802 1886 iniuria
838 1847 890 1885 ita
927 1846 1139 1896 arrogavit,
1177 1851 1217 1885 ut
1252 1847 1411 1898 abipso
1439 1847 1678 1898 potissimum

140 1917 347 1967 iuratisque
374 1915 496 1964 Regni
525 1915 581 1951 sui
610 1913 836 1951 satellitibus
866 1913 1048 1950 duntaxat
1077 1911 1242 1949 omnium
1273 1911 1321 1958 (E
1354 1914 1408 1955 1²¹)
1437 1912 1578 1963 ubique
1603 1912 1680 1950 Mi·

142 1982 347 2020 nistrorum
383 1978 737 2017 Ecclesiasticorum
764 1977 955 2021 institutio
984 1981 1063 2015 tota
1090 1976 1280 2028 penderet.
1338 1979 1539 2015 Contracta
1566 1977 1683 2026 igitur

141 2046 331 2099 popularis
369 2044 560 2083 electionis
596 2043 642 2081 ad
682 2043 949 2091 Magistratum
987 2042 1188 2079 autoritate
1222 2054 1265 2079 ac
1294 2041 1441 2079 demum
1469 2041 1517 2079 ad
1542 2042 1682 2093 Papam

140 2112 264 2164 ipsum
299 2111 515 2161 iuratosque
550 2108 666 2160 ipsius
706 2107 883 2145 satellites
921 2107 1116 2152 devoluta,
1152 2107 1310 2158 perierat
1343 2108 1614 2159 propemodum
1642 2109 1683 2146 in

145 2176 320 2215 omnibus
348 2174 526 2212 Ecclesiis
555 2186 689 2224 purum
717 2185 759 2209 ac
785 2171 996 2220 legitimum
1024 2184 1150 2209 earum
1180 2171 1442 2218 ministerium,
1461 2171 1561 2223 quod
1582 2185 1683 2210 nunc

145 2240 327 2291 singulari
354 2241 466 2292 plane
493 2238 563 2276 Dei
592 2237 773 2275 beneficio
802 2236 929 2274 multis
958 2241 1107 2274 rursum
1135 2236 1228 2274 locis
1256 2235 1470 2274 restitutum
1488 2236 1683 2288 indiesque

145 2306 264 2355 magis
301 2318 344 2342 ac
380 2304 501 2353 magis
537 2302 660 2340 adhuc
695 2301 843 2340 restitui
872 2301 1052 2340 videmus.
1107 2302 1225 2340 Porro
1256 2314 1339 2339 cum
1367 2302 1606 2352 perspicuum
1634 2302 1683 2340 sit

144 2384 221 2409 rem
240 2371 389 2422 plenam
418 2381 561 2419 semper
587 2367 746 2420 periculi
775 2367 972 2418 utrobique
1000 2367 1128 2412 fuisse,
1156 2366 1193 2404 et
1220 2367 1257 2404 in
1287 2366 1459 2418 populari
1485 2366 1549 2403 illa
1578 2366 1682 2404 vide-

144 2438 232 2475 lieet
267 2435 419 2488 publica
454 2434 718 2472 Ministrorum
751 2432 942 2470 Ecclesiae
980 2432 1183 2474 electione,
1220 2431 1258 2470 et
1290 2432 1330 2470 in
1365 2431 1445 2469 eius
1472 2431 1604 2469 iterum
1634 2432 1681 2469 ad

146 2513 263 2538 unum
299 2498 511 2550 quempiam
547 2510 733 2548 paucosve
761 2496 854 2534 alios
884 2494 1066 2546 quosdam
1096 2495 1327 2541 astrictione,
1354 2516 1405 2523 —-
1432 2508 1514 2532 eum
1545 2507 1614 2532 nos
1640 2495 1681 2533 in

147 2569 276 2605 nostra
313 2563 481 2601 Ecclesia
519 2562 717 2601 Ministros
756 2560 919 2610 eligendi
958 2560 1109 2598 modum
1150 2560 1259 2599 nobis
1285 2561 1523 2612 potissimum
1553 2560 1682 2598 obser-

146 2630 312 2670 vandum
339 2642 418 2666 esse
444 2628 670 2679 putavimus,
697 2627 759 2678 qui
788 2630 824 2664 et
853 2625 965 2664 verbo
994 2625 1065 2663 Dei
1094 2630 1367 2664 consentaneus
1398 2624 1552 2663 omnino
1572 2629 1681 2672 esset,

147 2702 182 2736 et
210 2694 433 2734 tumultibus
460 2693 611 2731 interim
639 2705 682 2730 ac
711 2691 876 2729 dissidiis
903 2691 1148 2742 popularibus
1176 2691 1286 2729 viam*
1302 2694 1493 2742 utcunque
1511 2690 1680 2742 praeclu-

148 2763 270 2806 deret,
306 2759 553 2798 nihilominus
589 2762 713 2796 tamen
752 2757 863 2795 etiam
902 2757 1116 2803 servitutem
1145 2769 1293 2794 omnem
1331 2756 1377 2794 ab
1416 2756 1583 2795 Ecclesia
1620 2770 1680 2794 ar-

193 2890 217 2931 ¹)
241 2890 310 2921 Act.
334 2888 362 2919 6.
387 2886 436 2919 14.
