1830 3147
171 89 232 140 [A.
259 86 303 126 n.
330 86 441 136 1556]
901 86 969 126 718

171 211 242 234 non
273 197 401 233 offendi
434 208 535 244 spero
568 195 830 240 iactationibus,
868 196 983 232 exiliis
1009 198 1118 243 atque
1142 196 1242 240 odiis,
1269 208 1359 243 quae
1384 196 1459 232 eius
1484 195 1592 243 ipsius
1617 195 1697 232 fidei

171 258 310 294 nomine
342 257 439 293 ultro
472 269 511 293 ac
542 260 667 304 sponte
699 269 760 304 per
795 257 861 293 Dei
886 257 1035 303 gratiam
1061 257 1295 301 sustinentur,
1321 260 1363 293 ut
1388 257 1471 293 haec
1496 257 1611 293 omnia
1634 269 1698 303 pro

170 319 384 356 ornamentis
418 318 500 355 olim
533 318 665 354 nostris
694 318 732 354 in
766 317 822 354 die
855 318 999 354 Domini
1032 318 1187 354 habenda
1220 331 1294 355 esse
1319 318 1450 362 credas,
1482 330 1521 354 ac
1552 318 1699 365 proinde

170 383 310 417 tantum
335 380 444 423 abest,
470 382 513 415 ut
538 380 621 415 haec
645 379 861 422 obstiterint,
887 379 1077 426 quominus
1102 382 1244 416 nostrae
1277 380 1341 415 tibi
1368 379 1617 426 gratulationis
1635 392 1698 426 per

170 441 272 478 hasce
297 454 389 478 meas
413 441 535 477 literas
561 440 728 476 indicium
755 440 1000 487 qualecunque
1028 440 1186 484 facerem,
1211 444 1264 484 ut,
1291 454 1362 488 quo
1388 441 1497 487 magis
1527 452 1567 476 ea
1584 440 1699 480 omnia

172 503 294 539 mundi
320 502 424 538 huius
457 502 588 538 iudicio
621 502 734 538 invisa
775 501 951 549 plerisque
977 505 1208 549 suspectaque
1233 515 1306 538 esse
1331 502 1478 546 soleant,
1504 502 1568 538 hoc
1592 503 1698 538 maio-

170 578 244 601 rem
278 564 369 612 apud
404 568 440 600 te
473 564 621 611 gratiam
659 563 820 599 habitura
854 576 928 599 esse
961 563 1142 600 confidam.
1191 564 1382 601 Infantiam
1416 577 1454 600 ac
1491 565 1701 601 tenuitatem

171 638 280 661 meam
306 625 456 662 libenter
480 638 631 672 agnosco
657 628 792 672 tuaque
819 624 1038 660 Celsitudine
1063 624 1242 671 indignam
1268 638 1341 661 esse
1366 626 1490 662 fateor.
1517 625 1584 662 Sed
1609 625 1700 661 solet

172 686 347 723 Dominus
389 698 460 722 11011
502 686 698 722 infantibus
741 685 842 721 modo
883 697 922 721 ac
964 685 1065 721 nihili
1106 685 1313 729 hominibus,
1355 686 1413 723 sed
1455 686 1570 722 brutis
1595 688 1699 723 etiam

172 747 409 784 animantibus
443 746 512 783 vim
548 747 767 795 gratiamque
800 759 898 782 suam
933 746 1057 783 addere
1091 747 1313 794 quandoque,
1345 751 1387 783 ut
1418 748 1523 784 etiam
1564 752 1702 796 praeter

172 812 334 845 naturam
375 808 418 844 ad
461 808 536 844 eius
577 808 724 854 gloriam
766 807 972 855 loquantur.
1021 808 1138 853 Quare
1178 822 1221 845 ne
1262 809 1410 845 infantia
1447 809 1588 856 quidem
1627 822 1701 846 mea

172 884 211 907 ac
244 870 401 906 tenuitas
437 869 576 905 obstare
601 869 685 904 mihi
711 869 842 917 potuit,
868 869 1058 916 quominus
1083 869 1126 905 ad
1152 873 1199 913 te,
1227 870 1445 916 benignitate
1478 874 1541 907 tua
1573 871 1698 914 fretus,

170 931 367 974 scriberem,
406 930 436 966 si
468 931 561 966 sorte
597 930 695 966 Deus
727 930 832 966 addat
867 931 1026 977 gratiam,
1060 934 1103 966 ut
1136 930 1180 966 ad
1205 943 1346 967 cursum
1373 935 1476 967 tuum
1501 931 1537 967 in
1562 944 1697 980 promo·

197 993 286 1030 enda
310 993 531 1040 potissimum
558 1004 641 1028 vera
665 991 834 1038 religione
859 991 1022 1028 stimulos
1047 991 1184 1038 aliquos
1208 991 1334 1028 addere
1360 1005 1496 1038 queam.

220 1054 322 1100 Quod
348 1053 439 1089 enim
463 1052 507 1089 ad
532 1052 761 1100 Reipublicae
786 1052 1034 1100 politicamque
1059 1052 1350 1099 gubernationem
1374 1054 1516 1097 attinet,
1542 1054 1617 1090 eius
1640 1066 1698 1091 011-

172 1127 244 1150 ram
278 1114 379 1150 nobis
412 1127 481 1150 non
516 1113 686 1149 sumimus
711 1126 963 1161 speramusque
997 1113 1062 1149 tibi
1092 1126 1161 1150 non
1189 1126 1262 1150 esse
1287 1114 1484 1158 defuturos,
1510 1115 1573 1162 qui
1597 1127 1699 1151 suum

173 1176 236 1212 hae
270 1176 306 1211 in
337 1178 436 1222 parte
467 1175 560 1221 apud
593 1178 629 1211 te
655 1175 803 1211 officium
830 1174 971 1211 faciant.
1022 1174 1087 1211 Sed
1122 1187 1201 1211 eum
1234 1175 1490 1222 promovendae
1520 1176 1698 1222 religionis

173 1249 277 1272 causa
311 1237 354 1272 ad
387 1240 549 1272 nostrum
581 1236 739 1283 inprimis
775 1236 1009 1272 ministerium
1042 1237 1227 1284 pertineat,
1260 1249 1411 1284 aequum
1438 1250 1513 1273 esse
1536 1237 1699 1281 arbitror,

174 1303 216 1334 ut
241 1298 284 1334 ad
310 1311 384 1335 eam
409 1298 652 1341 adiuvandam,
679 1298 816 1334 etiamsi
843 1297 942 1345 plura
964 1298 1064 1334 nobis
1082 1298 1214 1334 talenta
1231 1299 1358 1343 desint,
1376 1299 1432 1335 vel
1452 1312 1560 1335 unum
1577 1300 1699 1336 saltem

174 1359 387 1396 minutulum
430 1361 593 1396 nostrum
633 1359 758 1395 viduae
800 1359 1033 1406 Evangelicae
1070 1359 1228 1407 exemplo
1269 1373 1331 1407 pro
1365 1364 1486 1397 nostra
1522 1362 1700 1398 tenuitate

173 1422 404 1459 conferamus.
448 1421 491 1457 Id
517 1434 599 1458 vero
625 1424 678 1457 est
704 1421 885 1464 eiusmodi,
911 1424 953 1456 ut
978 1421 1014 1457 111
1041 1421 1261 1468 approbando
1293 1422 1435 1469 pietatis
1468 1426 1550 1458 tuae
1576 1423 1698 1459 studii-

174 1496 244 1530 que
275 1483 331 1518 tui
365 1495 446 1529 erga
484 1482 617 1518 Christi
643 1482 832 1518 Ecclesiam
859 1482 1028 1518 instituto
1054 1482 1208 1517 animum
1235 1485 1338 1517 tuum
1363 1482 1520 1530 inprimis
1557 1482 1700 1519 adiicias

172 1545 215 1581 ad
249 1544 472 1581 dissidiorum
507 1543 687 1579 doctrinae
720 1543 756 1578 in
790 1542 967 1586 Ecclesiis‚
1005 1542 1236 1589 Evangeliuin
1274 1543 1406 1579 Christi
1440 1543 1699 1590 profitentibus,

174 1607 455 1644 conciliationem
492 1605 797 1651 Ecclesiarumque
838 1605 1103 1640 reformatarum
1148 1606 1303 1640 omnium
1335 1605 1622 1652 pacificationem,
1664 1608 1701 1641 et

175 1669 316 1716 quidem
349 1672 391 1704 ut
422 1667 458 1703 id
491 1667 603 1714 primo
637 1679 780 1714 quoque
815 1668 973 1714 tempore
999 1666 1104 1702 facias
1137 1666 1201 1701 sub
1234 1666 1297 1702 hac
1331 1666 1515 1713 dignitatis
1539 1670 1622 1702 tuae
1646 1679 1699 1702 ac-

174 1729 340 1772 cessione,
372 1729 402 1764 si
432 1740 503 1775 quo
535 1728 638 1764 modo
671 1728 744 1764 fieri
777 1728 900 1775 possit,
933 1733 975 1763 ut
1009 1727 1245 1763 Ecelesiarum
1279 1730 1314 1764 te
1348 1732 1472 1764 autore
1505 1727 1700 1776 pacificatio

175 1792 222 1828 sit
248 1790 433 1838 dignitatis
459 1790 563 1826 huius
590 1794 671 1825 tuae
701 1789 813 1825 veluti
839 1789 1007 1836 quaedam
1033 1789 1270 1835 inauguratio.

222 1853 349 1899 Neque
380 1864 434 1887 res
467 1853 539 1887 tam
573 1855 627 1887 est
652 1850 761 1886 ardua
786 1862 825 1886 ac
854 1850 1014 1893 difficilis,
1040 1862 1144 1896 quam
1171 1850 1261 1886 forte
1285 1849 1463 1897 plerisque
1488 1850 1639 1894 videtur,
1666 1853 1702 1886 et

171 1915 227 1950 est
253 1913 354 1960 plane
378 1912 584 1955 necessaria,
610 1911 641 1947 si
666 1908 946 1947 adversariorum
973 1910 1236 1947 multitudinem
1263 1911 1456 1958 potentiam
1481 1923 1521 1947 ac
1554 1916 1700 1947 conatus

172 1974 317 2022 propius
350 1974 562 2010 intueamur.
613 1973 690 2008 Imo
726 1985 819 2015 vero,
854 1971 989 2008 etiamsi
1020 1971 1108 2007 nihil
1142 1972 1245 2007 huius
1272 1974 1375 2014 esset,
1402 1971 1474 2019 ipsa
1501 1972 1567 2008 Dei
1591 1972 1703 2019 gloria

173 2037 334 2082 flagitare
371 2036 434 2071 hoc
466 2034 509 2070 ab
542 2034 704 2070 omnibus
738 2034 891 2076 videtur,
924 2046 1028 2080 quam
1064 2033 1197 2080 alioqui
1231 2033 1429 2070 domesticis
1466 2033 1701 2070 Ecclesiarum

174 2098 329 2135 dissidiis
353 2096 555 2133 labefactari
593 2109 695 2132 nemo
719 2096 799 2143 pius
825 2108 951 2143 negare
978 2098 1108 2142 potest.
1157 2094 1212 2131 Ad
1239 2108 1311 2131 eam
1338 2107 1440 2142 porro
1466 2107 1549 2140 rem,
1575 2096 1605 2131 si
1630 2109 1700 2143 qua

175 2173 218 2197 ex
242 2163 342 2208 parte
368 2163 450 2195 tuae
477 2158 688 2194 Celsitudini
713 2171 788 2194 mea
813 2157 970 2193 tenuitas
995 2157 1077 2193 usui
1103 2170 1178 2194 esse
1203 2160 1322 2204 queat,
1348 2157 1434 2193 hanc
1460 2157 1510 2192 illi
1542 2170 1701 2194 reveren·

174 2226 228 2259 ter
254 2222 384 2265 defero,
410 2221 472 2268 qui
496 2221 563 2257 iam
589 2220 723 2268 pridem
756 2219 890 2266 alioqui
915 2223 951 2255 te
976 2220 1164 2256 convenire
1189 2221 1393 2263 statueram,
1420 2219 1449 2255 si
1474 2218 1509 2255 id
1535 2219 1701 2256 valetudo

175 2296 249 2320 mea
273 2283 498 2331 permisisset.

221 2346 330 2382 Forte
362 2347 482 2380 autem
514 2343 548 2379 id
581 2344 642 2379 fiet
676 2342 784 2386 brevi,
818 2343 847 2378 si
883 2343 979 2379 Deus
1014 2342 1122 2386 volet,
1149 2346 1185 2379 et
1212 2348 1288 2378 tum
1314 2342 1481 2378 niinutuli
1507 2342 1610 2378 huius
1635 2342 1702 2378 mei

174 2408 328 2443 rationes
362 2418 482 2443 omnes
516 2408 598 2441 tuae
633 2403 843 2440 Celsitudini
870 2417 1050 2451 exponam.
1099 2404 1207 2440 Nunc
1232 2403 1354 2440 literae
1379 2405 1468 2440 istae
1506 2416 1599 2440 meae
1624 2416 1701 2451 pro-

174 2469 285 2505 dromi
324 2468 398 2504 vice
440 2469 555 2510 erunt,
598 2478 684 2513 quas
729 2469 770 2501 ut
813 2465 962 2512 benigne
1002 2478 1041 2502 ac
1074 2465 1263 2502 clementer
1294 2465 1441 2513 accipias
1476 2477 1548 2508 oro,
1582 2467 1617 2500 et
1648 2476 1701 2499 me

174 2541 307 2565 Summa
341 2541 423 2565 cum
457 2527 681 2563 observantia
715 2528 798 2563 tuae
831 2526 1041 2562 Celsitudini
1080 2526 1296 2563 commendo.
1344 2525 1569 2562 Francosurti
1603 2527 1701 2561 sexta

175 2590 262 2626 Maii
287 2592 391 2626 Anno
420 2589 522 2625 1556.

219 2772 245 2811 ¹)
272 2770 345 2802 Otto
374 2771 543 2809 Hem-icus,
574 2770 629 2813 qui
652 2782 694 2803 m.
717 2770 829 2802 Martii
853 2782 879 2802 a.
906 2770 985 2802 1556
1009 2762 1179 2802 Frederico
1203 2770 1237 2802 11
1260 2741 1464 2802 successerat.
1509 2769 1535 2809 2)
1559 2768 1704 2811 Respicit

177 2837 257 2868 quae
280 2825 319 2856 ad
343 2827 605 2857 reformationem
628 2826 880 2868 promovendam
903 2826 936 2857 in
959 2826 1143 2868 principatu
1166 2837 1222 2858 suo
1247 2824 1466 2866 Neoburgensi
1489 2824 1704 2856 inchoaverat.

176 2882 204 2924 ³)
228 2882 277 2914 Ob
308 2881 448 2914 studium
471 2881 639 2924 Euangelii
663 2881 707 2914 a0.
732 2882 812 2913 1548
836 2881 1021 2924 principatu
1044 2892 1102 2913 suo
1125 2882 1275 2924 expulsus
1298 2883 1346 2912 est
1360 2883 1391 2912 et
1406 2880 1452 2913 a0.
1470 2880 1548 2912 1552
1572 2891 1588 2911 e
1610 2882 1704 2923 pacto
