1830 3147
816 130 882 165 (393
1339 131 1403 177 [A.
1429 131 1473 168 D.
1500 131 1610 178 1553]

87 251 154 274 non
191 238 334 274 obscure
370 239 590 278 testarentur,
631 238 948 273 condemnationem
987 237 1094 272 nostri
1119 238 1209 273 illam
1236 237 1327 284 apud
1353 244 1387 274 te
1412 240 1537 275 factam
1565 251 1606 274 eo

84 297 176 346 apud
201 302 234 334 te
260 299 336 335 loco
360 310 428 334 non
453 298 570 337 fuisse,
599 302 635 333 ut
662 311 722 334 nos
748 297 867 334 eodem
893 299 993 346 plane
1014 299 1090 335 loeo
1116 312 1191 335 cum
1216 299 1404 346 deploratis
1430 300 1498 336 illis
1525 301 1601 336 hae·

82 359 198 394 reticis
235 370 388 406 poneres,
424 357 547 405 quibus
585 362 698 394 tamen
734 357 1060 395 adnumerabamur:
1095 371 1180 407 quos
1214 360 1344 408 alioqui
1368 361 1601 397 munificentia

86 423 146 454 tua
170 419 243 455 sine
268 419 402 466 piaculo
427 419 543 454 iuvare
569 431 637 454 non
665 420 852 466 potuisses.

129 479 235 517 Quod
260 479 365 526 igitur
390 479 622 514 munificentia
658 484 716 514 tna
739 480 772 516 in
798 492 859 516 nos
884 480 929 516 sis
955 493 1034 516 usus
1056 481 1218 528 quodque
1243 485 1336 518 tuam
1363 493 1441 529 erga
1467 494 1519 517 mc
1549 494 1603 528 pc-

83 539 258 576 culiariler
297 540 553 585 propensionem
587 539 760 575 declarare
797 540 957 580 volueris.
990 541 1025 576 id
1062 553 1144 577 sane
1177 554 1218 577 cx
1253 545 1313 577 tua
1338 543 1445 588 ipsius
1478 541 1605 577 adnata

85 600 255 646 probitate
288 603 324 635 et
350 600 531 636 clementia
565 601 694 636 sactum
728 612 802 636 esse
829 613 896 636 non
922 601 1132 644 dubitamus,
1158 606 1306 652 tuaeque
1333 604 1510 641 Maiestati
1536 605 1605 640 Re-

83 661 159 707 giae
193 660 257 696 hoc
290 661 426 696 nomine
458 673 590 697 summa
615 673 692 697 cum
718 662 937 698 observantia
962 664 1104 709 gratiam
1130 664 1294 700 habemus
1327 677 1528 712 oramusque
1567 668 1607 700 ut

85 732 126 757 eo
151 733 215 757 nos
239 722 353 757 animo
378 723 560 769 complecti
585 722 686 757 etiam
715 726 849 769 pergat.
895 724 1002 761 Quod
1028 737 1108 760 vero
1143 738 1205 761 nos
1239 726 1331 773 apud
1357 730 1390 762 te
1415 739 1534 774 passus
1559 727 1606 763 sis

86 781 258 828 proscindi
283 793 323 817 ac
348 781 579 823 condemnari,
604 783 695 830 qnod
719 783 800 818 item
827 795 888 819 nos
910 787 1110 832 nostrasque
1134 785 1309 821 Ecclesias
1325 797 1488 822 censurae
1514 785 1606 822 illius

85 842 223 877 nomine
247 843 282 878 in
307 854 411 890 regno
437 846 497 878 tuo
523 843 679 879 ferendas
703 857 771 879 non
798 856 872 880 esse
905 845 1120 886 indicaveris,
1145 846 1179 882 id
1208 859 1290 882 sane
1313 849 1425 882 totum
1453 847 1605 883 censoris

85 904 137 940 tui
161 904 250 940 illius
275 905 506 951 impudentiae
531 909 567 940 et
590 906 643 940 sui
669 906 829 941 similium
855 907 998 942 maxima
1024 919 1067 942 ex
1093 911 1188 954 parte
1208 911 1388 955 acceptum
1411 908 1598 948 referimus.

87 966 222 1001 etiamsi
254 968 289 1001 te
328 966 383 1001 hic
419 977 555 1014 quoqne
581 978 731 1013 prorsus,
760 968 799 1001 ut
823 965 953 1002 dietum
980 970 1042 1008 est,
1074 979 1143 1002 non
1168 979 1389 1004 excusamus:
1424 970 1602 1015 peccatum

86 1028 173 1062 enim
199 1027 336 1072 gravius
361 1029 415 1062 est
439 1039 539 1074 quam
566 1029 604 1061 nt
629 1027 786 1062 excusari
812 1026 883 1061 ullo
908 1025 1008 1062 modo
1033 1030 1094 1062 aut
1121 1027 1245 1063 debeat
1269 1030 1331 1063 ant
1355 1028 1472 1074 possit.

132 1086 284 1133 Quoquo
317 1087 406 1122 enim
441 1086 541 1122 modo
574 1098 733 1122 assensus
759 1099 795 1122 es
820 1087 871 1122 illi
895 1087 1182 1130 condemnationi,
1207 1101 1275 1124 non
1301 1089 1336 1124 in
1359 1090 1496 1124 nostras
1523 1099 1605 1123 sane

82 1147 254 1183 Ecclesins
280 1150 426 1187 tantum.
451 1146 510 1182 sed
536 1147 569 1182 in
594 1147 795 1183 catholicam
820 1147 906 1182 adeo
923 1147 1031 1194 ipsam
1048 1148 1177 1183 Christi
1193 1147 1383 1184 Ecclesiam
1412 1151 1446 1182 et
1464 1146 1604 1194 proinde

82 1208 117 1243 in
153 1208 264 1254 ipsum
297 1219 429 1255 quoque
465 1207 595 1243 Christi
630 1208 768 1243 Domini
800 1220 922 1253 corpus
948 1211 983 1243 et
1007 1209 1206 1255 sanguinem
1231 1209 1392 1255 peccasti,
1424 1208 1496 1243 sive
1519 1207 1602 1243 dum

83 1281 145 1304 nos
173 1281 192 1304 a
216 1268 385 1304 catholica
418 1269 509 1304 illius
541 1269 696 1304 Ecclesia
719 1281 788 1304 non
813 1269 885 1304 sine
910 1269 1001 1305 illius
1037 1270 1162 1316 pariter
1186 1281 1225 1306 ac
1259 1270 1370 1306 nostri
1402 1269 1526 1305 iniuria
1553 1280 1603 1304 re-

83 1329 212 1366 scindis
227 1341 285 1376 per
310 1329 457 1365 censoris
485 1329 577 1365 illius
603 1329 653 1366 tui
679 1330 1008 1372 condemnationem,
1030 1332 1102 1367 sive
1125 1331 1205 1367 dum
1232 1332 1325 1368 illam
1348 1331 1525 1370 nobiscnm
1547 1345 1602 1380 pa-

84 1391 167 1425 riter
192 1390 264 1425 eins
290 1390 467 1426 doctrinae
493 1391 629 1426 nomine
654 1391 873 1432 condemnas,
898 1404 999 1439 quam
1025 1391 1076 1428 illi
1090 1391 1269 1428 nobiscum
1294 1404 1508 1430 communem
1525 1405 1603 1429 esse

85 1454 250 1498 perpetuo
274 1455 377 1498 atque
400 1452 554 1487 unanimi
578 1452 652 1487 eius
678 1463 846 1488 consensu
873 1452 1069 1488 indubitato
1094 1457 1243 1490 constat.

131 1511 243 1546 Video
277 1523 329 1546 me
366 1511 585 1557 prolixiorem
621 1523 707 1551 esse.
739 1524 840 1559 qnam
865 1513 963 1548 initio
988 1513 1155 1549 volebam.
1195 1515 1315 1550 Finem
1338 1514 1459 1550 faciam
1486 1515 1602 1560 igitur.

82 1571 233 1607 Tantum
258 1574 292 1605 te
316 1583 389 1610 oro,
416 1572 493 1607 Rex
518 1572 798 1608 clementissime!
824 1573 958 1608 intuere
982 1574 1120 1620 propius
1146 1574 1274 1610 factum
1298 1576 1409 1617 tuum,
1433 1587 1502 1623 quo
1525 1587 1604 1611 nos-

84 1635 154 1668 tras
179 1631 352 1668 Ecclesias
387 1636 520 1676 praeter
554 1633 710 1668 meritum
745 1632 880 1667 illarum
915 1637 1115 1681 praeterque
1141 1633 1332 1671 doctrinam
1357 1636 1600 1683 Euangelicam

80 1695 116 1728 et
142 1696 276 1739 praeter
300 1692 407 1738 legem
433 1692 536 1727 etiam
562 1692 738 1728 charitatis
763 1692 977 1729 Christianae
1000 1695 1150 1730 censoris
1171 1695 1229 1731 illa
1247 1696 1298 1731 tui
1316 1696 1599 1733 condemnatione

82 1757 118 1788 et
154 1758 214 1788 tua
255 1753 473 1799 propulsione
506 1752 688 1793 insufflasti,
720 1757 755 1788 ct
788 1752 865 1788 vide
901 1756 994 1789 tuam
1038 1755 1296 1797 conscientiam,
1331 1759 1371 1792 ut
1402 1756 1495 1792 illam
1531 1769 1600 1793 non

81 1813 210 1849 mundo
236 1813 324 1854 huic,
349 1825 458 1860 neque
483 1813 565 1848 item
590 1813 658 1848 tuis
683 1812 893 1855 censoribus,
917 1815 976 1861 qui
1001 1817 1036 1849 et
1059 1815 1124 1861 ipsi
1150 1815 1224 1851 salli
1248 1827 1288 1851 ac
1304 1816 1421 1853 fallere
1440 1820 1598 1864 possunt,

79 1874 141 1909 sed
168 1874 315 1908 Domino
340 1873 414 1909 Deo
441 1877 499 1908 tuo
524 1873 559 1909 in
583 1871 694 1908 cordis
722 1873 773 1908 tui
799 1873 1030 1919 penetralibus
1055 1874 1243 1921 approbare
1268 1875 1390 1922 possis.

128 1934 234 1972 Quod
269 1937 385 1975 restat,
423 1935 534 1969 Deum
560 1945 630 1973 oro,
665 1937 703 1969 ut
727 1933 817 1969 dona
842 1935 877 1969 in
902 1938 938 1969 te
962 1947 1024 1970 sua
1047 1938 1172 1982 augeat
1195 1935 1321 1984 illaque
1347 1948 1405 1982 per
1440 1937 1599 1984 spiritum

82 1997 239 2030 sanctum
278 2007 376 2030 snum
413 1997 509 2041 regat
541 1997 575 2029 et
607 1997 706 2030 ornet
737 1995 779 2030 ad
819 1995 1036 2030 dissidiorum
1061 1996 1094 2031 in
1119 2009 1180 2032 sua
1204 1997 1358 2033 Ecclesia
1381 1998 1600 2044 compositio-

82 2067 159 2090 nem
192 2057 227 2089 et·
257 2054 298 2089 ad
325 2057 418 2089 tuam
443 2055 549 2100 ipsius
574 2054 733 2091 salutem.
773 2056 898 2091 Amen.
947 2056 1074 2103 B‘quue
1098 2062 1133 2092 et
1157 2069 1266 2093 meam
1290 2058 1496 2094 tenuitatem
1520 2062 1600 2094 tuae

81 2115 260 2150 maiestati
291 2127 424 2150 summa
457 2127 533 2150 cum
560 2116 778 2151 observantia
802 2117 1016 2152 commende.
1067 2117 1203 2155 Quodsi
1237 2117 1318 2165 quid
1355 2118 1435 2154 mihi
1460 2131 1601 2165 respon·

79 2174 157 2209 dere
181 2174 386 2220 dignaberis,
411 2174 444 2210 id
470 2187 528 2220 per
552 2175 596 2210 D.
622 2176 808 2211 Henricum
835 2177 1110 2212 concionatorem
1135 2181 1232 2213 tunm
1261 2183 1286 2222 ¹)
1314 2178 1376 2214 tibi
1401 2178 1530 2219 licebit,
1556 2180 1598 2215 ad

79 2246 179 2281 quem
217 2236 318 2269 etiam
356 2247 395 2269 ca
431 2233 473 2269 de
507 2247 541 2270 re
574 2235 708 2281 scripsi,
747 2239 781 2269 et
818 2248 884 2271 non
917 2235 1040 2271 dubito
1065 2237 1168 2272 talem
1193 2249 1279 2278 esse,
1303 2238 1359 2273 eui
1382 2238 1482 2274 facilc
1507 2237 1599 2274 credi

81 2296 200 2342 possit.
249 2294 414 2336 Aenidae,
443 2295 622 2330 undecima
646 2295 856 2337 Decembris,
881 2308 971 2331 anno
997 2297 1100 2331 1553.

684 2354 804 2390 Sacrae
831 2355 1006 2390 Maiestati
1032 2357 1111 2390 tuae
1135 2355 1266 2400 Regiae
1288 2355 1552 2397 addictissimus.

979 2416 1033 2451 Io.
1059 2415 1080 2450 a
1106 2416 1224 2451 lmsco
1249 2429 1294 2451 m.
1320 2428 1368 2464 pr.

117 2539 143 2577 ¹)
167 2538 266 2570 Henr.
289 2538 556 2575 Buscmlonensis,
581 2540 620 2571 ad
645 2551 738 2581 quem
761 2540 854 2571 simul
880 2541 1047 2582 epistolam
1071 2540 1169 2578 dedit,
1200 2543 1234 2571 ut
1265 2541 1357 2572 docet
1388 2552 1443 2573 uon
1467 2542 1533 2574 eius
1556 2543 1594 2574 ad

81 2593 244 2626 Hardenb.
266 2594 324 2636 Ep.
349 2594 403 2627 ΝΟ.
428 2594 477 2632 96,
502 2606 531 2636 p.
555 2595 626 2626 694.

1411 2663 1434 2676 χ
