1830 3147
216 121 292 159 162

275 251 293 269 n
306 232 530 277 Audivistis,
549 231 622 269 viri
642 231 795 269 fratres!
817 234 1001 282 quantum
1020 230 1179 282 periculi
1199 243 1325 268 secum
1342 229 1470 268 trahat
1488 229 1649 279 indigna
1658 229 1767 281 panis

221 313 266 338 ac
312 298 440 349 poculi
479 297 625 335 Coenae
663 297 774 335 huius
811 297 1065 348 participatio.
1119 296 1401 347 Nem-(249)pe
1439 295 1541 346 quod
1576 308 1647 333 nos
1682 308 1768 334 reos

221 364 339 403 faciat
379 362 547 414 corporis
584 365 620 400 et
659 362 855 411 sanguinis
893 361 1048 407 Christi,
1084 364 1120 399 et
1157 361 1256 412 quod
1295 373 1364 399 nos
1400 360 1550 411 ipsimet
1577 363 1765 398 aeternam

220 430 333 469 nobis
383 427 733 466 condemnationem
776 440 842 478 per
879 427 977 464 hano
1006 426 1119 464 talem
1155 425 1482 477 participationem
1520 438 1766 465 accersamus,

223 492 438 533 Audivistis
474 492 576 538 item,
613 506 685 543 qua
723 491 762 530 in
791 505 828 529 re
855 491 979 543 posita
1008 491 1056 528 sit
1085 491 1192 542 culpa
1220 490 1398 539 indignae
1424 490 1534 528 istius
1561 490 1766 541 participa-

219 560 349 606 tionis,
385 572 517 609 nempe
552 558 592 595 in
629 558 799 607 neglecta
828 556 995 607 corporis
1023 555 1215 593 Dominiei
1243 555 1524 593 diiudicatione.
1579 555 1628 592 Et
1657 554 1764 592 audi-

218 626 328 663 vistis
365 625 403 662 in
440 624 574 662 iisdem
610 623 720 661 Pauli
756 622 932 673 Apostoli
959 621 1097 667 verbis,
1124 634 1202 658 eam
1231 621 1352 671 ipsam
1381 619 1688 658 diiudicationem
1718 632 1763 657 ex

220 690 319 728 seria
346 703 390 727 ac
419 689 592 739 diligenti
620 688 740 726 nostri
767 688 936 738 ipsorum
961 685 1187 737 probatione
1214 685 1376 723 maxima
1401 698 1446 723 ex
1466 688 1571 736 parte
1588 683 1767 735 pendere.

221 754 375 792 Etenim
404 754 434 792 si
463 755 527 805 qui
556 767 691 805 corpus
717 752 872 790 Domini
900 766 977 789 non
1006 751 1228 796 diiudicant,
1254 750 1411 802 perinde
1438 750 1595 799 indigne
1615 750 1763 788 Coenae

219 820 445 858 Dominicae
471 819 699 871 participant
727 826 839 869 atque
866 818 938 864 illi,
964 817 1030 868 qui
1059 830 1097 855 se
1124 817 1227 867 ipsos
1255 829 1333 853 non
1360 815 1537 867 probant.
1594 818 1648 852 Ac
1677 828 1763 852 rur-

219 899 303 924 sum
332 886 364 923 si
391 899 506 936 aeque
534 885 648 934 digne
674 884 917 935 participant,
944 883 1009 934 qui
1038 882 1262 928 diiudicant,
1288 886 1401 932 atque
1428 881 1486 917 illi
1514 880 1672 926 faciunt,
1699 879 1766 931 qui

220 965 260 989 se
285 952 388 1002 ipsos
414 951 590 1001 probant,
616 950 855 1001 perspicuum
883 953 949 994 est,
979 947 1288 1000 diiudicationem
1319 946 1485 997 corporis
1513 945 1706 983 Dominici
1722 945 1763 982 in

220 1017 322 1055 hisce
359 1017 466 1054 Pauli
503 1016 626 1054 verbis
661 1016 822 1067 positam
860 1027 940 1052 esse
973 1013 1212 1068 potissimum
1249 1010 1289 1049 in
1326 1025 1412 1049 vera
1450 1025 1493 1049 ac
1522 1010 1616 1048 seria
1643 1009 1766 1048 nostri

218 1082 388 1132 ipsorum
417 1080 653 1131 probatione.
706 1079 788 1116 Iam
818 1092 906 1116 vero
935 1079 1049 1116 etiam
1077 1077 1292 1121 audivistis,
1321 1076 1460 1127 quibus
1486 1075 1525 1113 in
1554 1075 1666 1113 rebus
1695 1074 1765 1113 sita.

219 1145 268 1181 sit
304 1144 543 1195 potissimum
571 1143 693 1181 nostri
719 1143 907 1194 probatio,
962 1142 1108 1192 Nempe
1135 1141 1175 1178 in
1204 1154 1289 1178 vera
1318 1140 1388 1178 Dei
1416 1144 1451 1178 et
1480 1140 1602 1178 nostri
1631 1139 1761 1189 cogni-

220 1209 336 1253 tione,
364 1223 460 1260 quae
488 1222 557 1247 nos
585 1209 632 1246 ad
660 1208 938 1258 agnoscendam
966 1207 1192 1245 Divin‘orum
1222 1219 1309 1255 erga
1337 1219 1407 1243 nos
1435 1206 1704 1243 beneficiorum
1723 1205 1762 1242 in

223 1274 375 1312 Christo
409 1274 711 1323 magnitudinem
739 1272 1018 1324 quodammodo
1047 1270 1419 1320 1na-(250)nuducit‚
1447 1275 1482 1308 et
1510 1275 1661 1308 nostrae
1680 1283 1765 1307 cum

222 1339 371 1377 Christo
406 1339 570 1376 Domino
610 1338 888 1376 communionis
915 1338 955 1374 in
984 1350 1139 1388 corpore
1168 1342 1202 1374 et
1231 1336 1413 1385 sanguine
1442 1349 1509 1373 suo
1538 1335 1761 1385 dignitatem

219 1405 334 1442 nobis
376 1405 532 1442 mirifice
572 1404 821 1450 commendat,
857 1403 1021 1454 facitque
1057 1407 1111 1448 ut,
1148 1402 1276 1452 agnita
1314 1415 1355 1439 ea
1392 1401 1577 1450 dignitate
1613 1404 1763 1438 nostrae

221 1483 306 1507 cum
340 1470 491 1508 Christo
531 1470 694 1508 Domino
733 1469 1024 1514 communionis,
1050 1468 1253 1518 mysticum
1282 1467 1431 1504 Coenae
1458 1465 1680 1503 Dominieae
1709 1466 1763 1502 ei-

222 1535 312 1572 bum
349 1548 392 1573 ac
426 1541 556 1586 potum
599 1549 620 1572 a
648 1534 804 1585 reliquis
834 1534 929 1571 cibis
958 1546 1000 1570 ac
1027 1532 1174 1584 poculis
1202 1531 1380 1569 omnibus
1409 1544 1553 1568 summa
1583 1543 1665 1568 cum
1694 1530 1763 1567 ob-

220 1601 407 1638 servantia
435 1600 701 1645 discernamus,
729 1604 764 1637 ct
791 1599 948 1650 proinde
977 1611 1111 1648 corpus
1140 1597 1296 1635 Domini
1323 1596 1436 1634 etiam
1456 1597 1495 1633 in
1517 1596 1662 1633 Coenae
1682 1608 1764 1642 usu,

220 1670 390 1717 reputata
434 1666 633 1704 nobiseum
680 1666 718 1703 in
766 1665 832 1702 illo
872 1664 1137 1702 communione
1175 1676 1259 1700 cum
1298 1662 1463 1706 Christo,
1501 1660 1763 1699 diiudicemuS.

219 1731 414 1769 Postremo
458 1731 665 1777 audivistis,
703 1730 749 1768 ad
783 1743 894 1781 quem
930 1729 1085 1766 modum
1119 1728 1363 1765 adumbretur
1399 1740 1442 1764 ac
1480 1725 1762 1763 commendetur

220 1797 291 1834 toti
318 1797 509 1835 Ecclesiae
537 1796 604 1834 sub
635 1796 742 1845 signo
773 1796 921 1833 Coenae
948 1793 1171 1831 Dominicae
1198 1793 1237 1830 in
1268 1792 1429 1841 singulis
1451 1791 1571 1842 ipsius
1591 1789 1763 1841 partibus

221 1862 312 1899 haee
347 1862 428 1913 ipsa
464 1866 593 1899 nostra
623 1874 706 1898 cum
736 1860 886 1898 Christo
915 1859 955 1897 in
985 1871 1140 1909 corpore
1166 1862 1203 1895 et
1231 1857 1416 1906 sanguine
1442 1856 1561 1907 ipsius
1591 1868 1761 1892 commu-

221 1926 295 1972 nio,
341 1926 454 1977 idque
498 1926 628 1963 multis
665 1924 884 1963 nominibus
922 1936 965 1961 ac
1002 1920 1383 1967 considerationibus,
1419 1934 1513 1972 quae
1549 1919 1660 1957 nobis
1698 1932 1764 1970 per

220 1991 387 2041 singulas
433 1992 472 2028 in
510 1991 635 2028 Coena
676 1990 777 2039 signi
811 1993 936 2040 partes
970 1988 1072 2026 velut
1109 1987 1157 2024 ob
1196 1986 1326 2023 oculos
1363 1982 1516 2023 nostros
1553 1987 1761 2035 ponuntur.

222 2056 328 2094 Haec
362 2055 479 2106 igitur
515 2056 642 2093 omnia
670 2055 863 2092 vobiscum
892 2053 965 2104 ipsi
993 2052 1065 2090 iam
1095 2055 1263 2103 reputate
1290 2055 1401 2101 atque
1428 2051 1553 2088 animo
1583 2048 1764 2086 revolvite

220 2125 255 2158 et
294 2120 407 2158 corda
444 2125 567 2159 vestra
597 2133 743 2158 sursum
772 2132 841 2170 ope
870 2118 1033 2169 Spiritus
1062 2117 1183 2155 sancti
1211 2117 1412 2167 implorata
1441 2114 1573 2164 erigite
1601 2113 1647 2151 ad
1677 2126 1761 2150 sen-

217 2185 384 2228 tiendam
432 2184 507 2222 vim
552 2184 752 2223 efficaciam
800 2196 842 2221 ac
885 2183 1107 2232 dignitatem
1154 2186 1305 2219 nostrae
1342 2180 1453 2218 huius
1489 2192 1573 2216 cum
1609 2177 1762 2217 Christo

221 2250 385 2288 Domino
415 2251 545 2288 beatae
570 2263 725 2301 prorsus
754 2262 875 2300 neque
903 2261 1067 2299 unquam
1096 2248 1208 2295 (251)
1236 2243 1565 2296 interrumpendae
1594 2256 1761 2281 commu·

220 2314 344 2352 nionis
389 2314 428 2351 in
468 2318 706 2351 sacrosancto
746 2325 901 2363 corpore
936 2316 972 2349 et
1010 2310 1194 2360 sanguine
1231 2309 1363 2359 ipsius.
1416 2307 1463 2345 Id
1500 2320 1612 2358 porro
1651 2306 1763 2343 nobis

221 2378 396 2417 omnibus
432 2379 614 2428 largiatur
641 2378 749 2415 Pater
777 2381 905 2414 noster
935 2375 1106 2413 coelestis
1134 2387 1199 2425 per
1228 2373 1410 2424 Spiritum
1441 2376 1611 2409 sanctum
1640 2384 1763 2413 suum,

221 2456 305 2480 cum
333 2457 407 2494 quo
434 2456 583 2494 unaque
611 2447 646 2480 et
674 2454 742 2479 suo
771 2441 908 2478 dilecto
935 2440 1013 2477 filio
1041 2439 1133 2477 vivit
1160 2441 1196 2476 et
1223 2442 1354 2488 regnat
1381 2449 1491 2474 verus
1525 2447 1622 2472 unus
1649 2437 1762 2485 atque

222 2514 394 2545 aeternus
423 2508 523 2545 Deus
550 2505 762 2545 laudandus
790 2505 830 2543 in
859 2504 1019 2543 saecula.
1051 2502 1214 2542 Amen.'’

268 2639 359 2677 Post
386 2638 596 2676 absolutam
617 2637 714 2675 hanc
731 2634 1027 2674 admonitionem
1044 2633 1237 2671 descendit
1257 2645 1275 2670 e
1295 2633 1475 2681 suggestu
1500 2628 1760 2676 Ecclesiastes,

218 2704 438 2743 considente
473 2704 596 2754 quiete
630 2707 710 2740 tota
745 2699 930 2745 Ecclesia,
967 2699 1142 2750 venitque
1178 2699 1224 2736 ad
1252 2697 1416 2747 reliquos
1447 2694 1662 2740 Ministros,
1691 2694 1759 2731 Se-

214 2764 345 2808 ‘niores
380 2781 423 2805 ae
451 2767 642 2805 Diaconos
671 2770 757 2804 ante
783 2777 952 2803 mensam
978 2763 1202 2801 instructam
1237 2762 1277 2800 in
1303 2761 1420 2799 totius
1447 2759 1642 2797 Ecclesiae
1669 2770 1759 2809 pro-

219 2838 398 2885 spectum,
435 2836 476 2870 ut
512 2835 620 2869 antea
657 2831 797 2868 dictum
835 2833 904 2876 est,
936 2827 1065 2879 ibique
1100 2827 1140 2866 in
1176 2826 1298 2864 medio
1328 2824 1594 2862 Ministrorum
1633 2822 1759 2861 consi-

221 2898 327 2946 dens,
352 2897 497 2943 recitat,
524 2909 651 2935 versus
679 2896 726 2933 ad
753 2895 948 2946 populum,
962 2894 1102 2931 laetum
1120 2891 1215 2930 illud
1234 2904 1277 2929 ac
1298 2887 1458 2928 salutare
1478 2888 1549 2927 toti
1570 2887 1762 2927 Ecclesiae
