1830 3147
834 95 903 131 655
1360 93 1422 142 [A.
1449 93 1496 130 D.
1521 92 1634 140 1551]

101 218 223 250 essem,
248 216 406 243 curarem
432 206 473 240 ut
499 206 536 240 et
561 204 730 239 viaticum
756 202 826 239 illis
860 202 1004 239 daretur
1029 204 1066 238 et
1091 201 1273 238 honestam
1299 200 1440 238 demum
1466 201 1521 238 hic
1554 212 1634 237 con-

100 268 271 304 ditionem
297 267 473 304 haberent.
523 266 696 313 Cuperem
723 277 787 301 nos
812 264 982 312 plurimos
1007 277 1082 300 esse
1107 265 1169 311 qui
1196 263 1286 300 idem
1311 263 1348 299 in
1375 263 1528 299 Domino
1559 274 1635 299 sen·

102 331 249 367 tiremus
275 332 311 365 et
342 329 556 365 doceremus.
608 327 761 363 Domino
786 327 807 362 a
833 326 957 370 Breda,
985 327 1086 362 fratri
1111 326 1156 363 D.
1182 325 1335 369 Fallesii,
1361 324 1441 361 dedi
1465 325 1636 372 quaedam

101 392 138 428 in
170 390 345 427 mandatis
377 389 422 426 ad.
452 394 489 425 te
523 391 560 425 et
595 388 638 424 ad
679 388 725 424 D.
768 387 967 431 Calvinum,
994 387 1114 424 credes
1141 387 1250 434 igitur
1274 389 1339 423 aut
1363 385 1468 422 alteri
1493 385 1636 422 illorum

103 456 167 490 aut
208 452 364 500 utrique.
413 450 515 494 Vale,
543 450 652 486 frater
685 449 721 485 111
755 449 909 485 Domino
943 448 1187 485 dilectissime!
1224 451 1261 485 et
1294 460 1349 484 me
1381 459 1513 495 quaeso
1545 446 1638 494 apud

104 514 243 558 fratres,
275 512 372 561 quod
403 525 475 549 non
508 511 658 559 singulis
693 510 853 554 scribam,
886 510 1056 558 imprimis
1090 523 1173 547 vero
1198 510 1291 558 apud
1315 512 1450 558 patrem
1476 511 1637 546 nostrum

103 576 150 612 D.
182 575 401 612 Pellicanum
443 575 623 610 excusato.
682 572 780 608 Deus
821 571 908 619 Opt.
943 571 1039 607 Max.
1073 573 1189 607 servet
1223 575 1258 607 et
1292 570 1468 618 gubernet
1501 571 1638 606 vestras

102 636 278 674 Ecclesias
317 638 542 682 vestramque
582 634 688 670 istam
728 634 889 669 mutuam
931 632 1194 669 consensionem
1236 644 1296 679 per
1329 630 1501 679 Spiritum
1535 643 1638 666 suum

102 697 342 746 provehatet
374 696 579 733 corroboret
611 694 655 731 ad
687 693 839 730 nominis
871 693 926 729 sui
960 692 1084 729 Divini
1116 692 1263 740 gloriam
1287 693 1412 729 Amen.
1463 691 1639 728 Dominus

103 762 225 796 noster
265 759 431 807 Hoperus
469 761 613 794 strenue
654 768 719 793 suo
752 767 896 792 munere
931 755 1107 801 fungitur.
1165 755 1300 790 Nostra
1340 755 1445 790 etiam
1484 752 1641 789 Ecclesia

103 821 219 867 gratia
238 820 332 857 Deo!
358 819 627 868 multiplicatur,
646 830 716 854 non
735 819 852 853 tamen
870 816 946 853 sine
964 828 1087 864 magna
1100 816 1381 852 Pharisaicorum
1394 814 1641 852 reluctatione.

104 882 240 919 Iterum
268 881 355 920 vale.
405 880 561 918 Londini
589 890 642 916 vn
669 878 772 916 Junii
799 878 903 914 1551.

1174 937 1274 974 Tuus
1292 939 1449 984 quantus
1467 939 1523 974 est

1157 999 1322 1036 lomnes
1356 1000 1378 1035 ὲ,
1414 999 1547 1036 Lisco.

152 1112 178 1151 ¹)
200 1111 258 1143 Dr.
281 1111 394 1142 Bruno
418 1111 687 1142 commemoratur
709 1109 893 1147 Latmum«,
920 1107 1018 1150 Kmssf.
1042 1107 1088 1139 M.
1111 1119 1139 1140 υ.
1163 1108 1236 1140 Sat.
1259 1109 1286 1141 Ι.
1309 1109 1380 1140 469.
1411 1110 1438 1148 ²)
1463 1107 1513 1140 Cf.
1538 1118 1575 1150 ep
1600 1107 1640 1142 75

104 1177 135 1200 n.
158 1167 187 1200 3.
233 1167 259 1207 3)
284 1167 335 1199 Cf.
358 1166 396 1198 de
418 1167 596 1209 impostore
619 1166 675 1198 illo
700 1177 749 1207 ep.
775 1166 812 1196 51
837 1167 869 1196 et
892 1164 942 1199 75.
987 1165 1015 1205 ⁴)
1039 1164 1225 1196 Etiamnum
1248 1165 1326 1197 haec
1349 1166 1522 1207 supersunt
1545 1167 1577 1195 et
1598 1174 1643 1197 m.

102 1233 128 1254 s.
151 1225 357 1254 asservantur
379 1223 412 1254 in
436 1223 532 1264 Corp.
556 1222 628 1254 Chi.
652 1221 735 1253 Coll.
759 1221 888 1253 Cambr.
912 1220 984 1253 113.
1008 1221 1031 1253 f.
1054 1220 1231 1259 391—407‚
1254 1232 1391 1262 quorum
1414 1221 1447 1252 in
1464 1221 1532 1252 vita
1548 1220 1642 1251 Lasci

103 1277 283 1319 fragmenta
305 1278 461 1319 quaedam
484 1278 641 1310 dabimus.
672 1279 699 1318 5)
724 1277 812 1309 Coel.
836 1277 905 1309 Sec.
929 1276 1027 1308 Curio
1053 1277 1288 1317 (1503—1569)
1312 1279 1389 1308 tunc
1414 1276 1558 1308 Basileae
1581 1276 1643 1307 elo-

103 1334 269 1375 quentiam
292 1333 438 1367 docebat.
462 1333 513 1366 cf.
536 1334 680 1365 Pmuzmz
703 1333 774 1366 Soc.
799 1343 827 1365 ο,
851 1332 873 1365 l.
897 1343 928 1374 p.
952 1331 1003 1371 85,
1027 1332 1098 1366 595.

106 1552 171 1591 N⁰.
197 1554 254 1593 79.
864 1555 1038 1602 [Gabbam.
1055 1568 1078 1592 o.
1093 1557 1111 1593 1,
1127 1558 1173 1589 500
1188 1568 1227 1600 sq.
1250 1558 1371 1592 Gerdes.
1387 1569 1411 1594 ο.
1428 1558 1445 1593 l.
1460 1558 1505 1591 nb.
1521 1558 1568 1591 656
1584 1556 1640 1603 sq.]

703 1677 761 1712 Ad
788 1679 1047 1714 CRANMERUM.

153 1799 226 1836 Oro
260 1801 297 1835 te
331 1811 393 1848 per
425 1798 618 1843 Christum,
653 1798 961 1836 Reverendissime
986 1799 1157 1836 Domine!
1184 1812 1228 1836 ne
1252 1799 1436 1837 offendaris
1461 1812 1538 1837 mea
1563 1800 1643 1844 ista,

105 1872 178 1897 non
212 1872 295 1897 sane
329 1860 540 1904 temeritate,
572 1859 608 1895 id
640 1860 743 1896 novit
774 1860 949 1897 Dominus
982 1861 1019 1896 111
1053 1861 1154 1897 cuius
1188 1864 1379 1909 conspeetu
1412 1874 1545 1904 sumuS,
1582 1860 1643 1897 sed

107 1921 228 1969 potius
253 1920 445 1958 sedulitate
470 1920 621 1967 quadam
646 1921 817 1969 probandi
842 1921 910 1958 tibi
934 1924 1055 1958 nostra
1080 1922 1207 1966 omnia,
1239 1922 1283 1958 ad
1308 1935 1413 1969 quam
1437 1935 1492 1958 me
1509 1922 1643 1969 alioqui

104 1987 141 2019 et
181 1982 311 2018 candor
351 1985 438 2018 tuus
463 1985 598 2029 tuaque
637 1994 714 2018 rara
749 1982 841 2019 haud
866 1982 973 2020 dubio
999 1983 1198 2020 humanitas
1223 1983 1356 2020 invitat
1381 1988 1417 2021 et
1443 1983 1510 2020 mei
1535 1983 1641 2020 etiam

110 2044 296 2081 ministerii
321 2044 406 2081 fides
431 2044 534 2092 plane
559 2044 751 2092 compellit.

154 2105 296 2142 Nollem
323 2106 481 2154 profecto
507 2105 668 2153 pertinax
693 2105 817 2149 videri,
842 2117 887 2141 ne
910 2104 1021 2141 dicam
1048 2105 1256 2142 temerarius
1281 2107 1344 2142 aut
1368 2106 1556 2154 capitosus,
1582 2106 1641 2143 sed

107 2168 194 2205 nihil
227 2167 352 2205 dubito
379 2168 466 2215 quin
493 2168 622 2212 videas,
656 2167 759 2204 fidem
784 2167 852 2203 mei
877 2167 1062 2204 ministerii
1086 2168 1151 2204 hoc
1176 2167 1318 2205 omnino
1342 2168 1512 2215 flagitare,
1537 2171 1581 2204 ut
1605 2169 1643 2205 in

108 2232 231 2267 nostra
256 2230 319 2266 hac
344 2229 502 2266 Ecclesia
527 2229 643 2276 pleno,
670 2242 740 2266 non
764 2231 884 2265 autem
909 2229 1039 2266 mutilo
1077 2229 1273 2267 ministerio
1299 2229 1367 2266 iam
1393 2229 1535 2266 tandem
1562 2230 1642 2266 fuu-

107 2303 242 2337 gamur,
268 2293 348 2338 post
375 2303 450 2326 eam
476 2290 682 2338 praesertim
717 2290 861 2326 Domini
887 2303 993 2337 quam
1019 2303 1130 2338 nuper
1157 2291 1328 2327 sensimus
1353 2290 1642 2329 admonitionem.

155 2352 192 2387 Si
217 2351 303 2399 quid
329 2354 529 2399 peteremus
554 2351 598 2387 ad
624 2353 781 2387 nostram
807 2352 968 2398 gratiam,
1002 2353 1096 2388 esset
1122 2352 1213 2388 forte
1244 2363 1307 2388 cur
1331 2364 1403 2388 nou
1428 2352 1642 2396 audiremur,

107 2413 169 2450 sed
209 2412 292 2448 dum
336 2412 372 2448 id
413 2413 567 2460 petimus
594 2412 691 2459 quod
716 2413 830 2448 nostri
856 2412 1040 2449 ministerii
1065 2412 1149 2450 fides
1175 2412 1212 2449 in
1238 2412 1337 2449 nobis
1353 2413 1506 2460 requirit
1530 2414 1641 2461 quod-

106 2487 177 2523 que
210 2488 231 2512 a
264 2474 322 2522 pio
356 2476 392 2510 et
428 2473 629 2510 Christiano
664 2473 882 2520 Magistratu
915 2472 1035 2520 negari
1070 2473 1171 2510 nobis
1202 2485 1274 2510 non
1307 2473 1432 2511 debere
1462 2477 1642 2523 putamus,

106 2537 269 2586 equidem
307 2535 393 2572 nihil
428 2534 530 2571 nobis
564 2537 694 2571 temere
724 2534 884 2571 videmur
924 2534 1116 2582 postulare.
1165 2535 1243 2572 Imo
1279 2547 1362 2572 vero
1387 2535 1451 2572 hoc
1477 2536 1552 2573 solo
1577 2536 1641 2572 im-

105 2599 241 2647 primus
266 2597 407 2635 nomine
431 2600 566 2644 gratam
593 2595 693 2633 vobis
718 2595 842 2633 debere
868 2609 942 2633 esse
967 2596 1209 2633 existimamus
1238 2599 1396 2634 nostram
1412 2598 1501 2636 hanc
1518 2602 1640 2647 postu-

105 2662 286 2705 lationem,
319 2659 416 2708 quod
451 2659 487 2695 in
532 2671 571 2695 ea
602 2657 699 2694 aliud
734 2657 821 2694 nihil
855 2658 1020 2706 petimus,
1061 2671 1167 2706 quam
1202 2659 1298 2706 quod
1332 2659 1465 2696 Christi
1498 2660 1642 2697 Domini

105 2723 253 2771 eiusque
283 2721 538 2770 Apostolorum
572 2719 733 2756 doctrina
767 2719 997 2757 institutione
1028 2722 1064 2756 et
1097 2720 1255 2768 exemplo
1297 2720 1482 2758 manifeste
1515 2734 1640 2770 appro-

106 2783 180 2820 bari
216 2784 342 2832 possit,
383 2795 463 2819 cum
495 2782 532 2817 in
566 2781 765 2818 istiusmodi
798 2782 972 2830 petitione
1005 2781 1151 2817 dubium
1183 2794 1255 2818 11011
1280 2781 1339 2827 sit,
1376 2795 1447 2819 non
1479 2786 1551 2819 tam
1577 2796 1641 2821 nos

106 2848 334 2894 nostramque
359 2844 553 2882 Ecclesiam
579 2843 637 2880 vel
660 2843 776 2880 audiri
801 2843 857 2880 vel
883 2843 991 2888 reiici,
1016 2855 1122 2891 quam
1146 2843 1337 2891 ipsummet
1361 2845 1542 2881 Christum
1568 2846 1640 2882 Do-

104 2907 237 2945 minum
270 2907 402 2956 potius,
438 2919 542 2955 quem
577 2918 642 2942 nos
675 2905 898 2954 potissimum
931 2906 1031 2954 sequi
1058 2908 1222 2955 optamus
1246 2907 1283 2943 in
1310 2919 1372 2944 sua
1397 2907 1557 2946 doctrina
1581 2920 1639 2952 ex·
