1830 3147
88 221 167 255 Luc.
190 223 240 255 24.

87 264 180 296 Rom.
203 265 232 302 3,
255 267 285 297 4.

87 307 256 348 Ephesios.
279 307 309 339 2.

86 349 152 382 Tit.
175 350 204 381 3.

86 392 228 423 Ioannis.
252 392 279 423 5.

87 433 104 465 1
129 433 276 466 Corinth.
300 434 328 465 1.

84 649 219 681 Roman.
243 650 292 681 10.

87 692 231 723 loannis.
256 692 285 724 3.

83 735 186 766 Marc.
210 734 239 765 6.

84 776 184 808 Hebr.
208 776 258 807 11.

82 818 219 850 Roman.
244 818 293 849 14.

81 860 177 893 Rom.
199 861 228 898 3,
251 861 282 892 6.

84 903 102 934 1
126 902 269 935 Timoth.
291 902 317 934 I.

83 944 202 977 Matth.
225 945 255 976 6.

83 987 103 1019 2
125 987 224 1020 Petri.
247 988 276 1019 2.

80 1145 181 1177 I-lebr.
205 1145 255 1177 11.

81 1187 218 1220 Roman.
241 1189 271 1219 4.

80 1229 215 1261 Roman.
239 1230 289 1260 10.

82 1271 99 1301 1
124 1271 272 1302 Corinth.
295 1271 324 1303 2.

80 1313 172 1345 Ioan.
184 1313 232 1351 14,
242 1313 345 1351 15‚16.

79 1355 216 1387 Roman.
239 1356 268 1387 8.

78 1396 170 1428 Ioan.
194 1398 243 1430 14.

80 1439 217 1472 Roman.
240 1441 269 1478 5,
293 1440 321 1472 8.

81 1895 98 1926 1
122 1894 268 1928 Corinth.
290 1895 321 1928 3.

80 1937 185 1969 Galat.
209 1938 236 1970 5.

80 1979 247 2020 Ephesios.
269 1979 320 2011 20.

379 93 450 128 512
902 102 991 131 cAT.
1023 103 1130 131 acon.
1161 103 1259 131 mn).

376 208 412 241 et
440 203 567 249 vitam,
594 203 707 241 nullis
734 207 874 250 tamen,
901 205 974 242 nisi
1002 206 1061 252 iis,
1080 206 1144 257 qui
1164 219 1202 244 se
1222 206 1360 256 dignos
1377 206 1631 256 praebuerint.
1652 207 1781 246 Euan*

375 267 516 316 gelium
545 271 670 305 autem
698 280 828 306 omnes
857 281 927 306 nos
954 269 1135 318 indignos
1163 283 1243 308 csse
1271 270 1380 308 docet
1407 274 1443 308 et
1469 270 1668 321 pollicetur
1693 284 1782 322 poe-

375 330 599 375 nitentibus,
636 331 669 369 si
695 332 809 369 modo
840 332 1080 378 crediderint,
1107 334 1226 382 gratis
1253 337 1406 384 propter
1432 334 1561 372 Iesum
1590 334 1782 373 Christum

372 395 634 433 remissionem
662 400 914 446 peccatorum,
942 396 1232 448 imputationem
1260 397 1440 443 iustitiae,
1463 397 1645 448 Spiritum
1663 399 1781 436 Sanc-

371 462 453 497 tum
480 462 516 497 et
543 459 659 497 vitam
688 463 894 498 aeternam.

1008 524 1059 563 Q.
1089 527 1151 563 26.

424 587 589 625 Necesse
626 587 743 636 igitur
777 591 833 625 est
870 591 912 625 ut
945 591 1091 638 praeter
1121 588 1335 626 doctrinam
1363 588 1477 638 Legis
1506 589 1688 628 hactenus
1715 602 1780 627 ex-

370 651 562 702 plicatam,
588 651 702 689 etiam
730 651 770 688 in
797 651 927 689 Iesum
956 652 1150 690 Christum
1181 652 1406 690 credamus?

1050 716 1096 755 R.

423 779 603 818 Maxime.
651 778 739 817 Sine
766 779 840 817 fide
866 779 970 817 enim
999 780 1237 831 impossibile
1264 784 1320 819 est
1347 782 1492 832 placere
1520 781 1615 820 Deo.
1653 784 1778 832 Atque

370 843 459 882 inde
494 844 646 895 quidem
673 856 772 881 nova
800 846 932 894 (quam
959 846 1119 893 vocant)
1148 844 1366 883 obedientia
1393 845 1582 884 bonorum
1610 858 1778 896 operum,

369 909 412 947 in
447 908 536 946 filiis
563 907 635 946 Dei
662 908 804 953 existit,
833 908 894 946 cui
921 908 1161 947 inchoandae
1188 908 1236 947 ad
1265 909 1448 948 honorem
1476 909 1569 955 eius,
1595 909 1778 960 proximi-

370 986 442 1024 que
471 973 672 1012 utilitatem
700 972 853 1010 assiduo
883 973 1010 1011 studio
1038 976 1286 1024 occupantur.

1006 1036 1056 1076 Q.
1086 1039 1148 1077 27.

420 1099 525 1139 Quid
553 1103 609 1139 est
637 1113 723 1138 vera
750 1100 871 1138 fides?

1047 1164 1095 1202 R.

419 1228 545 1266 Firma
589 1229 831 1279 [confidentia
867 1228 929 1276 ae]
976 1227 1115 1265 fiducia
1152 1240 1196 1265 ex
1232 1227 1347 1265 verbo
1384 1227 1456 1265 Dei
1491 1241 1556 1278 per
1591 1227 1774 1278 Spiritum

369 1292 549 1330 Sanctum
577 1292 617 1329 in
646 1291 823 1329 cordibus
853 1291 995 1329 nostris
1022 1291 1199 1336 excitata,
1228 1291 1273 1329 de
1301 1291 1401 1329 bona
1421 1295 1457 1329 et
1477 1291 1633 1329 salutari
1651 1291 1773 1329 Patris

367 1356 540 1395 coelestis
569 1369 655 1405 erga
684 1368 752 1394 nos
782 1356 1044 1394 benevolentia
1072 1369 1137 1406 per
1164 1356 1299 1393 merita
1328 1356 1429 1394 unici
1458 1355 1676 1393 mediatoris
1704 1368 1773 1393 no-

366 1420 434 1459 stri
462 1421 550 1458 Iesu
580 1419 723 1458 Christi
752 1419 952 1470 acquisita.

842 1557 895 1583 DE
924 1556 1142 1583 AR'HCULIS
1170 1555 1299 1584 FIDEI.

999 1674 1052 1714 Q..
1082 1677 1144 1713 28.

415 1740 522 1780 Quid
550 1739 776 1778 credendum
804 1743 861 1778 est
888 1738 1029 1777 nobis?

1047 1802 1095 1841 R.

415 1868 547 1919 Ipsum
573 1868 682 1913 illud,
709 1867 811 1919 quod
840 1865 1057 1905 summatim
1086 1879 1132 1904 ex
1162 1866 1288 1904 Sacris
1314 1864 1468 1910 Literis‚
1496 1877 1569 1915 qua
1596 1864 1677 1902 fieri
1704 1877 1772 1915 po-

363 1933 436 1972 tuit
473 1932 752 1983 perspicuitate,
780 1931 1129 1982 compraehensum,
1157 1929 1359 1968 duodecim
1386 1929 1560 1967 articulis
1587 1928 1675 1966 fidei
1701 1941 1769 1966 no-

364 2002 462 2036 strae
489 1998 715 2035 continetur.

1002 2060 1053 2098 Q..
1084 2062 1147 2097 29.

416 2127 496 2166 Qui
523 2130 613 2165 sunt
639 2126 698 2164 illi
725 2125 902 2180 articuli?

1040 2188 1086 2226 R.

416 2258 451 2294 1.
510 2254 631 2293 Credo
669 2255 709 2292 in
746 2254 881 2301 Deum,
916 2253 1066 2291 Patrem
1095 2252 1407 2302 omnipotentem,
1436 2250 1650 2288 Creatorem
1679 2248 1771 2286 coeli

363 2324 400 2358 et
425 2323 561 2358 terrae.

415 2452 452 2488 2.
506 2447 662 2498 [Credo]
700 2446 787 2496 (Et)
813 2446 854 2483 in
882 2445 1008 2483 Iesum
1037 2444 1229 2482 Christum
1256 2442 1376 2481 filium
1404 2442 1483 2480 eius
1511 2441 1663 2479 unicum
1688 2440 1769 2479 Do-

362 2512 509 2551 minum
534 2516 719 2550 nostrum.

415 2580 451 2615 3.
508 2576 588 2615 Qui
633 2578 838 2626 conceptus
880 2578 936 2612 est
980 2588 999 2611 e
1045 2572 1188 2624 Spiritu
1226 2573 1381 2617 Sancto,
1420 2573 1529 2608 natus
1565 2582 1610 2607 cx
1647 2568 1771 2606 Maria

364 2641 524 2691 virgine.

416 2771 452 2806 4.
506 2768 643 2806 Passus
672 2767 742 2805 sub
771 2766 909 2805 Pontio
936 2766 1072 2812 Pilato,
1101 2765 1312 2811 crucifixus,
1343 2766 1512 2800 mortuus
1540 2765 1575 2799 ct
1603 2761 1771 2811 sepultus

366 2833 575 2881 [descendit
603 2833 654 2871 ad
679 2833 855 2881 inferos}
