1830 3147
742 122 807 157 631
1260 121 1326 166 [A.
1350 121 1397 157 D.
1423 121 1535 168 1549]

12 231 146 273 iuditio,
169 231 263 279 quod
286 231 318 266 ci
341 228 517 276 apostolus
541 228 664 272 desert,
689 228 776 266 illud
802 230 915 277 ipsum
938 228 1004 264 sibi
1027 241 1105 266 cnm
1130 228 1203 265 suis
1222 227 1404 264 dumtaxat
1415 227 1536 265 aulicis

12 291 217 328 consiliariis
256 293 376 328 contra
411 289 603 327 doctrinam
641 290 881 337 Apostolicam
923 290 1041 332 sumit,
1079 289 1274 337 servarique
1306 288 1350 325 ab
1381 288 1539 326 Ecclesia

12 353 179 401 praecipit
215 352 310 388 velut
345 350 484 387 domina
521 351 699 388 Ecclesiae
729 350 823 399 quod
847 363 1023 398 nunquam
1046 353 1150 387 antea
1174 350 1354 387 Ecclesiae
1377 350 1413 386 in
1436 353 1539 387 coetu

13 414 154 461 publico
197 412 454 449 diiudicandum
502 413 753 460 proposuisset,
797 411 1087 460 quemadmodum
1123 411 1159 448 id
1196 412 1329 448 Paulus
1366 411 1540 448 observari

14 476 126 513 iussit.
174 475 311 511 Horum
344 486 382 509 se
418 474 527 522 igitur
559 474 711 510 omnium
743 474 955 520 intelligeret
980 473 1232 521 poenitentiam
1257 485 1359 520 agere
1383 475 1542 519 oportere

14 546 128 573 coram
152 536 239 578 Deo,
264 538 368 584 atque
392 535 496 571 etiam
521 546 596 571 sese
620 534 796 571 Ecclesiae
819 534 1054 576 reconciliare,
1086 533 1116 570 si
1140 547 1160 570 a
1184 533 1336 570 Domino
1361 534 1439 570 Deo
1466 545 1541 569 rur-

14 608 91 632 sum
123 596 160 632 in
190 596 338 643 gratiam
369 595 475 642 recipi
510 595 605 632 velit.
665 594 708 631 Id
745 595 775 630 si
807 595 1027 637 detrectaret,
1060 597 1211 630 testatus
1245 607 1321 630 sum
1355 594 1541 630 Dominum

16 657 130 693 Deum
167 668 279 692 meum
311 660 346 692 et
378 668 496 692 omnes
521 655 677 703 Angelos
702 656 820 703 ipsius,
841 668 894 692 me
918 655 984 703 ipsi
1008 655 1212 692 anunciassc
1239 667 1299 702 pro
1327 656 1461 692 ratione
1478 657 1545 692 mci

16 718 194 754 ministerii
225 721 405 765 peccatum
441 718 550 764 ipsius
583 711 706 765 meque
740 728 904 754 accusare
937 717 1030 753 illam
1057 728 1173 753 coram
1198 717 1366 754 tribunali
1390 717 1466 759 Dei,
1499 717 1543 753 ad.

14 779 106 827 quod
140 778 280 814 tandem
312 779 476 815 sistemur
509 790 638 820 omues,
671 778 804 819 horum,
838 789 927 825 quae
953 778 1118 820 recensui,
1143 781 1365 825 pcccatorum
1391 778 1543 814 omnium

15 840 172 882 nomine,¹
208 843 247 874 ut
289 851 326 874 se
358 851 379 874 a
411 839 490 874 Deo
521 838 601 874 olim
634 838 773 874 illorum
805 839 943 874 nomine
975 837 1194 874 iudicandam
1232 850 1308 875 esse
1340 838 1441 874 sciat.
1500 839 1550 875 Et

17 898 160 945 proinde
194 910 248 934 me
279 910 349 934 non
381 909 483 945 posse
514 896 678 944 deinceps
703 897 809 933 etiam
838 908 914 932 esse
939 897 1138 933 ministrum
1162 897 1284 943 ipsius,
1307 898 1401 944 quod
1425 896 1471 933 ad
1495 896 1547 933 di-

16 959 97 995 vina
129 958 309 1001 attineret,
348 958 459 994 donec
495 957 578 993 mihi
603 961 737 993 certum
761 956 902 1005 aliquod
926 957 1183 1004 resipiscentiae
1207 970 1289 994 suae
1314 958 1475 994 inditium
1500 959 1549 994 fa-

16 1021 97 1062 ciat,
131 1032 175 1057 ne
206 1019 378 1067 quomodo
411 1018 529 1055 videar
561 1018 815 1056 communicare
850 1021 994 1065 peccato
1026 1019 1149 1065 ipsius.
1200 1018 1269 1054 Sed
1304 1018 1369 1054 etsi
1392 1018 1549 1055 minister

17 1081 126 1128 ipsius
150 1092 226 1116 esse
250 1080 412 1126 deinceps
436 1079 471 1115 in
495 1078 634 1121 divinis,
669 1090 782 1126 neque
808 1079 948 1125 possim,
971 1089 1082 1126 neque
1107 1078 1222 1120 velim,
1246 1077 1357 1114 donec
1381 1078 1481 1126 signa
1498 1090 1549 1115 re-

16 1141 235 1188 sipiscentiae
276 1140 422 1181 videam,
469 1142 584 1174 tamen
621 1151 691 1175 non
735 1138 813 1174 ideo
853 1150 979 1186 ponere
1013 1150 1068 1174 me
1108 1138 1285 1186 publicum
1322 1139 1548 1175 ministerium

17 1214 142 1244 meum,
176 1201 220 1236 ad
256 1200 348 1248 quod
382 1199 542 1236 videlicet
574 1199 692 1235 divina
723 1198 954 1241 ordinatione,
978 1211 1048 1235 non
1073 1201 1210 1234 tantum
1237 1210 1297 1245 per
1320 1200 1444 1245 ipsam,
1470 1202 1551 1235 tan-

17 1276 117 1311 quam
152 1263 398 1310 Magistratum
431 1273 614 1301 summum.
652 1262 712 1297 sed
744 1272 805 1307 per
839 1263 949 1296 totam
983 1261 1086 1296 etiam
1109 1260 1302 1296 Ecclesiam
1327 1259 1476 1307 publicis
1500 1261 1550 1306 ip-

17 1326 88 1361 sius
124 1324 295 1371 suffragiis
331 1325 474 1359 vocatus
505 1334 614 1358 essem
640 1324 684 1366 3).
734 1322 834 1358 Haec
860 1322 927 1358 nisi
957 1322 1041 1357 mihi
1072 1321 1167 1357 ultro
1200 1322 1276 1368 ipsa
1302 1321 1489 1357 denunciet
1514 1324 1554 1358 ut

18 1386 151 1428 abeam,
186 1383 473 1433 quemadmodum
507 1396 560 1419 mc
592 1383 685 1419 ultro
709 1382 920 1418 unanimiter
945 1383 1098 1424 vocavit,
1133 1394 1187 1418 me
1211 1382 1307 1417 illam
1331 1382 1549 1417 deserturum

22 1459 91 1482 non
117 1458 205 1488 esse,
237 1445 372 1481 etiamsi
397 1443 432 1480 id
459 1444 539 1479 mihi
565 1444 732 1490 Princeps
758 1455 837 1479 cum
862 1442 984 1478 aulicis
1010 1441 1171 1478 omnibns
1196 1442 1269 1478 suis
1292 1441 1420 1484 iubeat,
1458 1453 1554 1488 prac-

22 1511 178 1554 tcrquam
203 1507 232 1542 si
257 1506 389 1542 invitus
414 1517 475 1551 per
499 1504 593 1540 illam
617 1504 652 1540 vi
677 1505 862 1540 manifesta
887 1503 1079 1550 propellar:
1105 1503 1186 1539 huic
1211 1503 1303 1538 enim
1329 1502 1412 1538 mihi
1436 1514 1554 1539 neces·

21 1568 113 1604 sario
137 1566 329 1603 cedendum
353 1577 430 1600 esse
454 1565 586 1600 scirem.
620 1564 718 1600 Haec
744 1565 793 1600 ita
818 1576 883 1610 ego
907 1575 987 1600 cum
1011 1576 1088 1599 mea
1112 1563 1285 1610 Principe,
1310 1575 1397 1610 quac
1421 1575 1457 1598 se
1472 1563 1555 1599 mihi

23 1638 223 1675 responsum
266 1637 340 1662 esse
374 1625 532 1660 daturam
568 1624 738 1671 promisit,
772 1623 865 1671 quod
898 1628 934 1660 et
968 1628 1133 1670 exspecto
1158 1624 1194 1660 in
1219 1624 1329 1660 horas.
1378 1623 1556 1659 Doeemus

22 1689 127 1735 igitur
169 1686 282 1723 adhuc
327 1685 431 1722 solita
475 1684 634 1720 libertate
669 1688 787 1720 nostra
820 1685 912 1721 circa
945 1683 1151 1731 baptismum
1185 1687 1222 1719 et
1255 1683 1551 1719 matrimoniorum

18 1749 282 1786 coniunctiones.
313 1759 354 1782 ac
387 1748 519 1787 funcra,
551 1746 663 1781 donec
696 1758 897 1792 responsum
933 1757 953 1781 a
986 1745 1148 1792 Principe
1183 1744 1380 1787 habeamus,
1418 1747 1454 1779 et
1487 1756 1553 1790 ego

22 1810 181 1858 Synodos
206 1821 298 1845 meas
323 1812 447 1845 octavo
471 1820 610 1856 quoquo
634 1806 701 1850 die,
726 1818 803 1842 cum
828 1806 972 1842 aliarum
995 1806 1229 1843 Ecclesiarum
1255 1805 1460 1842 Pastoribus
1478 1817 1552 1852 per-

20 1884 96 1919 ago,
132 1883 319 1918 omnesque
354 1870 399 1905 ad
437 1869 633 1905 unanimem
668 1867 847 1904 doctrinae
879 1880 1083 1905 consensum
1118 1872 1154 1904 et
1179 1867 1466 1915 perseverantiam
1490 1879 1550 1913 pro

22 1943 155 1969 summa
188 1931 278 1967 virili
312 1943 385 1966 mea
407 1930 444 1966 in
469 1929 607 1966 domino
631 1929 806 1966 adhortor.
862 1929 930 1966 Sed
956 1933 990 1965 et
1013 1929 1155 1965 aliunde
1180 1940 1318 1965 rursum
1343 1927 1474 1964 Sathan
1499 1939 1554 1963 me

20 1991 162 2040 aggredi
200 1995 359 2028 conatur.
406 1991 620 2027 Accusatum
655 2003 707 2026 me
739 1990 944 2037 gravissime
977 1989 1070 2038 apud
1097 1990 1225 2026 Aulam
1251 1990 1452 2025 Caesaream
1478 2001 1554 2025 esse

21 2053 156 2094 dicunt,
191 2052 242 2088 sic
277 2054 318 2087 ut
349 2063 403 2086 me
437 2051 515 2087 aula
539 2051 708 2087 Caesarea
732 2051 787 2087 hic
811 2050 961 2097 amplius
985 2051 1076 2086 ferre
1099 2050 1136 2086 in
1160 2050 1284 2092 Frisia,
1309 2061 1419 2098 neque
1445 2049 1555 2097 possit

22 2113 95 2149 ullo
133 2113 245 2153 modo,
280 2124 390 2159 neque
424 2111 521 2148 velit.
571 2112 651 2147 Duo
687 2115 804 2147 autem
837 2111 1071 2147 accusationis
1108 2122 1203 2147 meae
1229 2110 1344 2157 capita
1370 2111 1554 2157 praecipua

21 2187 95 2211 esse
128 2175 308 2210 affirmant.
356 2173 517 2209 Alterum
553 2172 648 2220 quod
684 2172 772 2208 falsa
808 2184 883 2208 mea
915 2171 1084 2214 doctrina,
1118 2175 1159 2207 ut
1191 2174 1328 2219 putant,
1364 2171 1494 2208 multos
1518 2171 1554 2207 in

23 2235 178 2271 Caesaris
223 2233 412 2269 ditionibus
453 2245 513 2280 per
549 2233 677 2280 scripta
713 2234 847 2280 privata
882 2244 956 2268 mea
988 2232 1192 2270 seduxerim.
1227 2231 1321 2280 quod
1356 2231 1434 2268 aula
1470 2244 1554 2268 saue

23 2295 169 2343 amplius
202 2295 291 2330 ferre
323 2306 393 2329 nou
420 2293 515 2329 velit.
564 2293 725 2329 Alterum
752 2305 843 2333 vero,
867 2293 959 2340 quod
981 2293 1044 2328 sim
1069 2297 1208 2340 apertus
1233 2292 1341 2329 hostis
1366 2293 1555 2329 Caesareae

21 2356 230 2395 Maiestatis,
259 2358 297 2390 ut
321 2355 380 2402 qui
403 2358 439 2391 et
463 2354 613 2401 Anglico
638 2366 746 2401 nuper
772 2358 806 2390 et
831 2353 968 2390 demum
994 2353 1164 2390 Polonico
1189 2354 1293 2389 etiam
1315 2353 1437 2389 itinere
1467 2365 1554 2395 meo,

20 2418 116 2454 aliud
149 2417 233 2453 nihil
266 2416 504 2464 quaesiverim,
540 2415 685 2451 severim
719 2419 755 2451 et
788 2415 1025 2462 promoverim,
1057 2427 1159 2462 quam
1198 2426 1304 2450 novas
1330 2415 1444 2452 nescio
1467 2427 1553 2461 quas

23 2480 190 2527 practicas
224 2482 345 2514 contra
378 2489 475 2513 suam
511 2478 714 2513 Caesaream
753 2478 988 2514 Maiestatem.
1035 2476 1128 2512 Data
1163 2476 1268 2522 igitur
1292 2488 1366 2511 csse
1392 2475 1552 2512 mandata

22 2540 66 2577 ab
91 2540 185 2577 Aula
209 2539 366 2575 Caesaris
392 2537 434 2573 ad
462 2550 569 2574 meam
595 2538 801 2584 Principem,
834 2550 876 2573 ne
901 2550 954 2573 me
978 2537 1123 2584 amplius
1147 2537 1182 2572 in
1206 2548 1270 2572 sua
1293 2535 1424 2572 ditione
1450 2537 1550 2578 ferat,

21 2603 52 2637 si
76 2601 233 2637 Caesaris
255 2599 439 2636 amicitiam
468 2599 614 2634 retinere
640 2598 736 2635 vclit.
787 2599 842 2634 Ad
870 2598 951 2633 haec
977 2609 1078 2645 porro
1102 2597 1275 2644 respondi,
1302 2609 1355 2633 me
1381 2610 1451 2634 non
1475 2609 1552 2646 gra·

23 2661 128 2697 vatim
165 2661 234 2696 alio
266 2661 491 2707 migraturum
529 2671 617 2701 esse,
653 2659 681 2695 si
715 2671 768 2694 mc
803 2663 838 2694 et
866 2659 1027 2705 Princeps
1052 2670 1139 2698 mea,
1167 2660 1202 2693 et
1224 2670 1312 2706 quae
1338 2670 1391 2694 me
1413 2659 1553 2695 vocavit

25 2723 182 2760 Ecclesia
214 2723 302 2757 fcrrc
335 2721 482 2767 amplius
516 2734 583 2756 non
618 2721 736 2768 possit.
769 2721 905 2756 etiamsi
937 2720 1123 2756 vanissima
1145 2721 1214 2756 sint
1239 2732 1290 2762 ea,
1318 2732 1463 2767 qnorum
1492 2733 1552 2755 no·

28 2784 116 2819 minc
147 2795 302 2819 accusor.
351 2783 523 2829 Quodque
547 2781 590 2816 ad
614 2781 804 2819 doctrinam
831 2793 938 2816 meam
964 2781 1105 2822 attinet,
1133 2780 1232 2816 huius
1259 2793 1311 2816 mc
1336 2781 1549 2827 potissimum

24 2844 67 2880 ab
98 2845 171 2890 ipsa.
203 2844 370 2890 Principe,
395 2854 483 2890 quae
509 2855 562 2878 me
589 2843 716 2888 pluries
740 2841 907 2883 audisset,
933 2844 968 2876 et
991 2841 1035 2877 ab
1059 2841 1134 2887 ipsa
1159 2840 1247 2876 adeo
1271 2842 1428 2878 Ecclesia
1454 2841 1551 2876 testi·

27 2905 176 2941 monium
201 2903 397 2940 habiturum
424 2902 650 2950 proculdubio
673 2915 758 2939 csse.
809 2901 916 2941 Quod
942 2913 1033 2937 vero*
1048 2901 1092 2937 ad
1120 2901 1305 2949 Anglicum
1333 2901 1553 2937 Polonicum·
