1830 3147
84 561 186 602 Ephe.
211 561 239 592 5.

88 603 207 634 Collos.
232 603 292 634 ΙΙΙ.

87 645 176 675 Ioan.
202 646 250 676 15.

87 686 102 717 I
126 687 195 718 Pet.
221 687 264 718 ll.

84 730 103 760 2
126 729 233 760 Samn.
258 729 307 762 16.

86 772 101 802 1
128 771 195 803 Pet.
221 775 249 803 4.

87 1395 190 1426 Math.
214 1395 241 1432 5,
267 1397 296 1428 6.

87 1437 190 1470 Math.
215 1438 263 1468 18.

86 1479 181 1521 Esay.
205 1480 255 1512 53.

85 1984 162 2015 Luc.
184 1984 286 2016 XXII.

86 2027 188 2067 Ephe.
212 2027 266 2057 VI.

87 2068 103 2098 1
129 2068 203 2100 Cor.
227 2069 276 2102 lG.

88 2110 103 2140 1
130 2110 199 2141 Pet.
222 2113 250 2143 4.

370 113 444 148 454
846 120 1023 149 CATECH.
1053 122 1163 149 Ech.
1192 121 1311 150 LoND.

950 223 1087 262 Interr.
1117 227 1204 263 209.

424 287 627 326 Quomodo
665 300 707 325 ea
742 287 783 326 in
821 288 933 325 nobis
961 289 1148 326 exseritur
1176 289 1245 333 vis,
1277 293 1319 327 ut
1347 288 1521 340 proximo
1549 293 1694 337 nostro,
1720 290 1784 341 qui

370 352 537 401 graviter
580 364 649 390 nos
695 351 903 398 offenderit,
947 353 1194 400 remittamus,
1231 367 1276 391 ex
1322 354 1439 391 animi
1476 355 1662 393 sententia
1699 367 1783 392 eum

373 416 589 466 dilig-gamm,
616 417 708 467 quin
736 417 814 455 imo
843 417 938 456 bene
966 417 1148 455 faciamus
1176 418 1277 469 ipsi?

1015 482 1130 534 Resp.

424 546 554 585 Quum
594 547 744 585 assidue
781 551 998 598 reputamus
1028 552 1063 585 et
1091 548 1235 586 sincere
1264 547 1464 594 credimus,
1493 548 1687 588 Christum
1715 562 1787 588 no·

374 610 442 657 bis,
479 624 594 662 quum
632 624 701 649 nos
729 611 852 649 adhuc
879 611 1027 649 inimici
1054 625 1232 657 essemus,
1259 617 1412 663 peccata
1440 617 1570 651 nostra
1597 613 1785 651 remisisse

371 680 407 713 et
442 688 509 726 pro
545 675 656 713 nobis
695 680 887 713 mortuum
925 689 1015 715 esse.
1072 676 1201 714 Quum
1238 677 1338 714 enim
1377 678 1491 714 semel
1520 690 1624 714 amor
1652 677 1720 715 Dei
1749 682 1785 716 et

372 739 578 777 Salvatoris
608 739 728 777 nostri
757 739 900 777 Christi
928 740 1016 778 Iesu
1046 753 1132 789 erga
1161 753 1231 778 nos
1268 740 1417 791 penitus
1445 740 1485 778 in
1514 741 1626 779 corde
1653 746 1784 779 nostro

373 803 503 847 haesit,
547 817 696 841 omnem
732 803 913 841 invidiam
952 804 1100 855 expellit
1140 809 1174 841 et
1212 804 1451 842 dilectionem
1491 810 1658 844 nostram
1697 819 1785 855 erga

370 869 583 919 proximum
630 874 800 906 nostrum
846 869 1057 919 progignit.
1117 869 1305 920 Inprimis,
1342 869 1373 906 si
1409 870 1507 907 ultro
1548 871 1784 917 confitemur,

371 932 551 983 quicquid
588 932 679 969 mali
714 945 735 969 a
763 932 947 983 proximis
976 934 1080 980 (77³)
1109 933 1251 971 nostris
1279 933 1390 971 nobis
1417 934 1576 978 accidat,
1601 935 1786 985 promeri-

370 1002 446 1036 tam
485 1011 565 1036 esse
600 1011 774 1049 poenam,
809 1011 881 1049 qua
911 998 1023 1036 nobis
1051 999 1237 1036 Dominus
1265 1004 1416 1050 peccata
1445 1005 1575 1038 nostra
1602 1000 1786 1038 retribuat

371 1066 483 1112 atque
509 1062 641 1112 puniat
667 1068 915 1113 exerceatque
944 1075 1013 1100 nos
1042 1063 1089 1100 ad
1117 1063 1352 1114 patientiam.

953 1127 1092 1165 Interr.
1123 1129 1208 1166 210.

423 1193 484 1228 An
521 1190 639 1239 igitur
675 1190 739 1241 qui
774 1191 950 1242 proximo
980 1204 1048 1229 suo
1077 1191 1205 1229 debita
1235 1205 1311 1230 non
1339 1191 1498 1230 remittit
1524 1192 1785 1231 remissionem

371 1268 392 1292 a
420 1255 499 1293 Dco
528 1255 599 1293 sibi
628 1268 844 1306 comparare
872 1269 947 1293 non
974 1257 1124 1306 potest?

1016 1319 1130 1371 Resp.

425 1383 595 1422 Minime,
649 1384 734 1420 Tali
762 1384 861 1421 enim
900 1383 1031 1421 merito
1068 1384 1190 1421 omnis
1225 1384 1347 1433 gratia
1385 1397 1405 1421 a
1439 1384 1550 1422 Patre
1577 1389 1784 1430 recusatur,

372 1448 436 1499 qui
471 1448 551 1499 ipse
580 1448 707 1486 decem
743 1448 905 1486 millium
932 1448 1058 1498 pondo
1089 1448 1241 1486 debitor
1270 1454 1400 1486 contra
1429 1447 1644 1498 proximum
1673 1462 1783 1487 suum

373 1528 502 1565 expers
532 1513 810 1551 misericordiae
838 1517 892 1551 est
921 1521 956 1551 et
983 1527 1141 1564 parvum
1171 1513 1340 1551 debitum
1370 1514 1557 1551 remittere
1586 1526 1662 1551 non
1692 1515 1782 1552 vult.

374 1579 489 1618 Quod
526 1584 652 1616 tamen
687 1578 726 1615 in
763 1578 866 1615 hisce
902 1578 950 1615 ob
991 1577 1115 1615 cordis
1153 1578 1331 1615 duritiem
1371 1591 1446 1615 non
1484 1591 1639 1628 prorsus
1667 1582 1781 1629 atquc

372 1644 549 1681 omnibus
584 1642 749 1681 numeris
785 1643 1000 1680 absolutum
1039 1656 1061 1679 a
1096 1642 1207 1680 nobis
1234 1643 1414 1693 praestari
1442 1647 1577 1692 potest,
1604 1642 1642 1679 id
1671 1642 1782 1680 nobis

372 1709 558 1746 Dominus
585 1709 626 1746 in
655 1707 808 1746 Christo
838 1707 1000 1757 benigne
1027 1720 1105 1745 non
1133 1707 1349 1757 imputabit.
1379 1708 1485 1755 (77b)

947 1771 1089 1809 Interr.
1119 1773 1204 1808 211.

425 1837 529 1876 Quid
557 1837 629 1874 hoe
656 1841 729 1875 est:
761 1837 820 1874 Ne
849 1849 918 1874 nos
944 1836 1103 1874 inducas
1132 1835 1172 1873 in
1201 1835 1513 1886 temptationem?

1016 1900 1129 1950 Resp.

424 1966 511 2004 Hoc
547 1971 622 2004 est:
652 1965 686 2003 O
717 1965 934 2003 charissime
961 1965 1089 2002 Pater!
1119 1964 1198 2002 noli
1227 1964 1350 2002 sinere
1377 1976 1616 2015 quaesumuS‚
1643 1972 1684 2001 ut
1712 1964 1779 2001 Sa-

372 2032 508 2069 thanae
536 2030 730 2068 blanditiis
759 2030 903 2080 decepti
935 2029 1123 2079 illectique
1152 2029 1190 2066 in
1218 2033 1410 2080 peccatum
1432 2034 1467 2065 et
1486 2027 1665 2078 pudorem
1684 2027 1780 2065 inei-

373 2096 504 2134 damus
531 2097 644 2146 inque
669 2095 716 2132 iis
744 2108 950 2146 pereamus,
982 2093 1051 2132 Sed
1083 2100 1145 2131 tuo
1175 2094 1319 2145 Spiritu
1348 2094 1394 2130 da
1421 2093 1532 2130 nohis
1560 2092 1780 2143 sapientiam

370 2174 413 2199 ac
449 2162 558 2203 vires.
584 2164 626 2198 ut
654 2169 804 2197 strenue
833 2159 1001 2208 captioso
1032 2157 1272 2196 sollicitatori
1300 2157 1519 2195 resistamus
1547 2161 1583 2194 et
1612 2161 1779 2207 reporte-

371 2239 453 2263 mus
484 2225 691 2263 victoriam.
721 2224 770 2262 Et
798 2223 943 2275 quoties
971 2223 1042 2260 tibi
1076 2223 1221 2260 videtur
1249 2222 1495 2273 temptatione
1525 2227 1587 2259 tua
1617 2234 1685 2263 noes
1714 2234 1777 2259 ex-

370 2303 493 2328 ercere
530 2293 642 2340 atque
677 2288 883 2339 explorare,
920 2300 1094 2325 succurre
1122 2287 1233 2324 nobis
1264 2286 1551 2323 clementissime
1577 2285 1703 2323 Pater!
1733 2298 1779 2322 ne

369 2367 510 2405 poenas
546 2359 630 2391 tuas
667 2365 943 2403 promereamur
976 2356 1012 2389 et
1049 2351 1095 2388 da
1133 2350 1243 2387 nobis
1272 2350 1557 2400 temptationem
1595 2348 1777 2386 eiusmodi

370 2431 464 2463 esse,
499 2431 611 2469 quam
653 2418 749 2454 ferre
776 2417 977 2467 possimus,
1002 2421 1045 2452 ut
1070 2414 1250 2466 patientia
1280 2427 1348 2452 nos
1376 2414 1415 2451 in
1443 2418 1479 2451 te
1507 2412 1715 2450 sanctificet
1742 2417 1777 2449 et

371 2482 410 2521 in
439 2495 597 2532 regnum
626 2482 729 2530 (78³)
757 2485 865 2518 tuum
892 2484 1101 2531 praeparet.

949 2607 1087 2646 Interr.
1117 2609 1204 2645 212.

422 2675 528 2714 Quid
553 2673 737 2724 intelligis
765 2672 834 2711 sub
863 2671 1008 2711 verbis:
1036 2670 1174 2708 Libera
1202 2683 1271 2708 nos
1299 2683 1319 2707 a
1347 2669 1472 2715 malo?

1018 2736 1132 2786 Resp.

423 2802 508 2840 Hoc
542 2806 617 2840 est:
646 2804 759 2840 Serva
788 2815 871 2847 nos,
897 2814 918 2838 o
946 2800 1057 2838 Pater
1085 2799 1278 2836 eoelestis!
1307 2801 1342 2834 ct
1370 2795 1529 2834 defende
1556 2808 1625 2833 nos
1654 2809 1674 2833 a
1704 2796 1772 2832 Sa-

371 2867 497 2912 thana,
525 2866 572 2903 ab
601 2865 704 2903 omni
731 2865 831 2903 malo
858 2863 1064 2915 praesentis
1083 2863 1180 2900 vitae
1198 2865 1275 2899 tam
1298 2860 1466 2911 corporis
1485 2873 1595 2910 quam
1615 2860 1774 2904 animae,
