1830 3147
1598 73 1618 109 5

73 196 203 243 agunt,
231 196 271 230 ut
300 205 369 229 nos
396 192 505 242 plane
533 190 578 228 ad
609 194 778 228 nostrum
806 190 1000 227 interitum
1026 188 1219 240 abrepturi
1237 185 1452 225 hauddubie
1471 189 1607 231 essent,

75 257 149 296 nisi
184 258 269 296 illos
308 256 494 295 Dominus
532 268 597 307 per
635 255 797 306 Spiritus
826 255 884 292 sui
911 253 1114 306 potentiam
1143 265 1211 304 pro
1238 251 1418 291 ineffabili
1446 264 1512 288 sua
1539 250 1610 287 mi-

73 322 275 362 sericordia
311 322 352 359 in
388 320 499 358 nobis
538 319 732 358 cohiberet
759 320 985 370 illorumque
1012 319 1254 357 incitamenta
1281 322 1346 356 aut
1373 318 1519 355 sisteret
1545 329 1610 353 ex-

73 392 167 433 orta,
194 390 270 433 aut,
296 386 495 438 quominus
525 386 754 430 exoriantur,
781 389 934 423 arceret.
991 384 1098 422 Haec
1127 385 1241 433 igitur
1269 383 1394 421 omnia
1422 395 1504 420 cum
1534 382 1609 420 sint

75 451 239 490 Domino
277 451 355 488 Deo
394 454 521 488 nostro
549 451 662 500 longe
688 449 989 501 perspectissima
1018 453 1129 499 atque
1156 449 1188 486 is
1215 448 1311 486 nolit
1339 452 1496 485 mortem
1522 459 1608 498 pec-

76 517 214 555 catoris
240 538 290 546 —-
318 515 454 554 nedum
484 520 522 553 ut
550 515 619 554 sub
649 515 801 553 nomine
829 515 1130 552 orthodoxorum
1158 513 1347 551 Ecclesiae
1375 527 1462 550 suae
1480 512 1610 550 docto-

74 594 158 619 rum
193 580 401 619 tendiculas
438 581 548 618 nobis
588 580 687 618 necti
723 580 883 618 voluerit
921 593 1086 630 unquam
1113 600 1164 607 --
1191 579 1339 617 divinae
1364 578 1613 630 proculdubio

77 645 359 683 misericordiae
384 658 428 682 ac
454 644 713 696 providentiae
742 645 939 682 consilium
957 657 1159 693 agnoscere
1173 643 1213 681 in
1233 656 1276 681 eo
1296 643 1485 688 debemus,
1500 643 1614 694 quod,

77 723 173 762 quae
199 710 314 761 prisci
342 710 431 748 olim
460 713 573 761 atque
602 709 804 757 orthodoxi
831 709 1020 747 Ecclesiae
1048 709 1220 747 doctores
1247 708 1293 746 de
1318 709 1438 746 forma
1466 722 1509 746 ac
1531 708 1615 746 riti-

78 775 148 813 bus
183 774 438 812 Ecclesiastici
473 774 678 813 ministerii
719 773 972 812 monumentis
1008 773 1084 811 suis
1120 773 1268 825 prodita
1295 773 1535 824 reliquerunt,
1561 774 1614 811 ita

77 853 166 877 sane
203 839 360 891 carptim
399 840 574 891 varieque
611 853 654 878 ac
691 840 846 891 sparsim
882 841 1069 888 tracta-(x
1095 839 1247 887 4³)rint,
1277 839 1381 876 utin
1409 852 1519 876 unam
1548 839 1618 876 ali-

77 917 189 956 quam
223 905 370 950 faciem,
406 904 487 942 sine
522 905 687 955 ipsorum
718 903 1029 950 contradictione,
1056 902 1182 941 reduci
1210 902 1499 953 haudquaquam
1527 915 1613 953 pos-

78 971 171 1017 sint;
200 992 250 999 —
278 974 389 1021 atque
415 970 467 1007 ita
496 983 644 1007 rursum
672 969 785 1006 etiam
815 968 1026 1012 tractarint,
1054 972 1095 1006 ut
1122 981 1199 1006 non
1226 967 1543 1018 praetermiserint
1561 980 1616 1009 ea,

78 1048 171 1086 quae
199 1035 245 1073 ad
274 1034 609 1073 commendandam
638 1034 748 1072 nobis
779 1034 1034 1072 Ecclesiastici
1060 1033 1260 1071 ministerii
1288 1033 1511 1082 dignitatem
1540 1033 1618 1069 cul-

78 1105 210 1151 tusque
246 1100 286 1137 in
322 1100 389 1137 illo
429 1099 547 1137 divini
575 1100 790 1151 puritatem,
818 1113 884 1150 pro
913 1099 1002 1137 fidei
1031 1112 1116 1136 suae
1143 1112 1329 1145 mensura,
1356 1098 1620 1147 intelligebant

78 1165 275 1216 pertinere.
306 1164 487 1202 Videmus
520 1168 658 1215 quanta
687 1164 928 1215 improbitate
954 1168 1103 1215 patrum
1132 1163 1313 1201 autoritas
1330 1162 1468 1213 passim
1488 1175 1620 1211 urgea-

79 1232 140 1266 tur
167 1228 208 1266 in
238 1228 348 1266 rcbus
377 1228 501 1266 dubiis
529 1228 712 1280 perplexis
741 1241 967 1279 prorsusque
994 1228 1180 1273 absurdis,
1207 1227 1345 1278 quibus
1372 1226 1521 1278 ipsImet
1548 1227 1620 1264 Pa-

79 1299 155 1334 tres
185 1295 308 1333 verbis
337 1295 486 1333 disertis
515 1299 737 1347 repugnant,
765 1299 801 1333 et
828 1295 979 1346 quidem
1005 1295 1044 1332 in
1074 1294 1120 1332 iis
1148 1295 1238 1346 ipsis
1261 1293 1513 1331 monumentis
1534 1293 1623 1338 suis,

82 1361 128 1399 de
155 1361 293 1412 quibus
321 1361 426 1399 nulla
453 1374 620 1411 unquam
650 1360 835 1398 dubitatio
865 1360 949 1398 suit.
1006 1359 1185 1398 Videmus
1213 1359 1314 1403 item,
1342 1361 1483 1409 quanta
1512 1357 1622 1395 nobis

80 1425 311 1477 impudentia
357 1426 427 1463 sub
464 1426 642 1464 ementito
681 1426 836 1463 Patrum
875 1425 1027 1463 nomine
1063 1425 1242 1476 pleraque
1277 1423 1542 1469 obtrudantur,
1579 1423 1623 1461 de

82 1490 221 1540 quibus
256 1490 312 1527 illi
348 1503 540 1540 nunquam
570 1490 724 1527 omnino
755 1490 981 1539 cogitarunt,
1008 1490 1084 1527 imo
1113 1502 1208 1540 quae
1236 1502 1320 1526 cum
1348 1488 1536 1538 germanis
1565 1487 1621 1538 ip-

86 1567 212 1592 sorom
238 1555 345 1593 libris
375 1555 580 1593 consistere
609 1568 685 1592 non
712 1559 882 1606 possunt.
931 1555 1022 1592 Eius
1051 1568 1140 1592 sane
1167 1555 1219 1592 rei
1246 1557 1302 1591 tot
1331 1558 1418 1592 sunt
1445 1555 1624 1604 exempla,

85 1624 126 1657 ut
164 1619 289 1657 nullus
331 1620 407 1657 fere
435 1619 483 1657 sit
513 1620 689 1657 classicus
718 1620 909 1657 Ecclesiae
939 1620 1081 1664 doctor,
1111 1619 1213 1657 cuius
1241 1632 1377 1657 nomen
1405 1619 1623 1656 monasticis

85 1683 210 1721 nescio
239 1683 376 1734 quibus
402 1683 555 1735 ineptiis
585 1697 660 1721 non
689 1688 937 1735 praetexatur.
992 1686 1117 1735 Atque
1144 1684 1241 1721 inter
1269 1684 1341 1721 alia
1368 1684 1510 1722 minine
1539 1697 1627 1721 saue

84 1748 287 1786 obscurum
323 1748 401 1786 eius
437 1749 491 1787 rei
528 1749 793 1787 documentum
830 1750 869 1787 in
907 1753 1037 1787 nostro
1068 1750 1138 1786 hoc
1166 1749 1275 1787 etiam
1304 1753 1525 1799 argumento
1555 1749 1623 1786 ha-

85 1814 227 1861 bemus,
263 1827 396 1865 nempe
431 1814 471 1851 in
507 1818 666 1865 utraque
701 1815 765 1852 illa
800 1815 964 1864 liturgia,
997 1828 1155 1866 quarum
1193 1815 1307 1853 altera
1334 1815 1479 1859 Basilii,
1507 1815 1621 1852 altera

84 1891 171 1917 vero
208 1878 468 1928 Chrysostomi
513 1882 620 1928 es·(x
646 1875 750 1928 4¹³)se
775 1879 947 1924 iactatur,
973 1880 1013 1917 in
1041 1880 1177 1931 quibus
1206 1893 1314 1918 voces
1342 1880 1493 1931 quidem
1515 1884 1623 1917 auto-

86 1956 170 1981 rum
196 1943 411 1989 nonnuUas,
439 1957 458 1981 e
485 1943 592 1982 libris
621 1944 770 1982 illorum
801 1945 1031 1996 desumptas,
1059 1944 1311 1994 agnoscimus,
1338 1944 1383 1982 ad
1414 1958 1522 1995 quem
1544 1958 1624 1982 mo-

88 2008 175 2046 dum
217 2008 360 2058 graculi
397 2022 544 2060 quoque
581 2023 691 2047 voces
729 2011 913 2048 humanas
951 2010 1104 2048 reddere
1139 2011 1281 2056 solent;
1320 2014 1505 2048 caeterum
1542 2010 1621 2061 ipsa

89 2076 261 2111 autorum
288 2078 530 2111 monumenta
557 2074 730 2124 liturgias
757 2075 841 2113 illas
870 2075 956 2113 falsi
983 2075 1179 2113 manifeste
1208 2075 1447 2113 convincunt.
1491 2075 1624 2125 Neque

89 2137 246 2175 dubium
281 2141 350 2183 est,
388 2151 458 2176 nos
487 2139 605 2177 fuisse
633 2139 830 2178 habituros
858 2141 1109 2191 proculdubio
1138 2140 1330 2190 liturgiam
1358 2140 1428 2177 sub
1457 2140 1623 2177 omnium

89 2202 201 2241 simul
234 2203 388 2240 Patrum
424 2204 587 2250 nomine,
622 2218 755 2255 parum
790 2205 1021 2256 impudentia
1051 2206 1160 2244 nobis
1189 2206 1392 2252 obtrusam,
1420 2219 1492 2256 qua
1522 2219 1621 2243 nunc

88 2268 222 2306 Basilii
264 2268 351 2306 illae
396 2272 432 2306 et
469 2268 729 2319 Chrysostomi
764 2270 940 2319 lIturgiae
978 2270 1122 2308 aeditae
1157 2271 1355 2312 habentur,
1393 2271 1423 2308 si
1459 2284 1534 2309 non
1572 2270 1623 2308 ita

89 2333 245 2384 carptim
282 2333 457 2385 varieque
492 2346 535 2371 ac
573 2334 730 2385 sparsim
767 2339 1028 2384 argumentum
1056 2335 1127 2372 hoc
1155 2350 1177 2373 a
1204 2335 1379 2373 Patribus
1406 2335 1496 2386 ipsis
1523 2339 1623 2373 trac-

88 2400 207 2435 tatum
236 2397 379 2436 fuisset.
437 2398 497 2441 Et,
524 2398 555 2435 si
581 2398 662 2450 ipsa
690 2399 844 2437 Patrum
872 2400 1052 2438 autoritas
1080 2400 1190 2450 (ipsis
1217 2400 1357 2451 alioqui
1385 2400 1623 2439 reclamanti-

91 2462 178 2510 bus)
223 2462 273 2500 ita
320 2462 565 2501 nihilominus
601 2468 768 2512 urgetur,
813 2468 854 2502 ut
890 2465 995 2514 gravi
1034 2465 1208 2502 servitute
1236 2465 1443 2503 Ecclesiam
1480 2470 1624 2516 premat

88 2540 399 2579 progressumque
438 2542 544 2567 verae
581 2529 777 2578 religionis
814 2535 1033 2576 remoretur,
1067 2551 1119 2559 —
1154 2530 1242 2581 quid
1282 2531 1448 2568 futurum
1477 2536 1567 2577 erat,
1596 2532 1626 2569 si

89 2592 257 2630 unanimi
302 2593 512 2644 primaevae
556 2598 642 2645 post
681 2595 885 2645 Apostolos
921 2595 1110 2633 Ecclesiae
1148 2608 1346 2641 consensu,
1382 2596 1422 2633 in
1460 2610 1531 2647 qua
1569 2601 1627 2634 ta-

89 2669 174 2694 men
210 2658 437 2695 ceremonias
472 2658 548 2696 iam
579 2672 652 2696 non
682 2672 835 2710 prorsus
866 2660 1129 2710 superstitione
1159 2674 1224 2698 sua
1254 2661 1414 2698 caruisse
1445 2662 1626 2705 videmus,

92 2725 192 2759 certa
231 2722 356 2772 aliqua
394 2722 648 2762 Ecclesiastici
681 2724 796 2762 totius
834 2724 1030 2762 ministerii
1068 2726 1187 2763 forma
1225 2726 1428 2764 constituta
1465 2726 1625 2764 suisset?

93 2785 201 2824 Certe
237 2786 401 2824 futurum
428 2792 518 2834 erat,
555 2792 607 2833 ut,
645 2788 713 2827 etsi
751 2788 944 2827 doctrinae
974 2790 1213 2841 Apostolicae
1241 2791 1490 2835 reclamasset,
1519 2792 1622 2828 nulla

89 2852 214 2889 tamen
254 2852 494 2902 Apostolicae
532 2853 724 2892 doctrinae
762 2854 973 2899 autoritate,
1010 2859 1049 2893 ut
1077 2868 1175 2893 nunc
1205 2859 1291 2893 sunt
1319 2859 1484 2906 tempora
1514 2859 1622 2905 atquc
