1830 3147
184 93 254 129 282

311 202 476 241 dictae
503 201 790 249 Ecclesiae,
826 202 1000 246 terris,
1030 202 1175 242 fundo
1204 206 1249 242 et
1276 204 1382 242 solo
1411 202 1646 253 eiusdem,
1673 227 1725 234 —

308 269 511 307 habendum
548 271 591 306 et
617 267 926 318 gaudendum
954 267 1143 306 dictum
1168 269 1402 320 templum
1430 268 1528 308 sive
1554 270 1725 308 Eccle-

311 333 429 370 siam
466 346 519 370 ac
554 342 747 371 caetera
775 331 1066 384 praemissa,
1102 333 1324 384 exceptis
1352 335 1723 386 praeexceptis,

307 398 554 449 praefatis
598 397 1048 448 Superintendenti
1085 400 1127 435 et
1163 398 1413 436 ministris
1450 402 1494 436 et
1532 411 1722 436 succes·

308 462 504 500 soribus
552 461 655 500 suis
703 483 755 490 —
801 463 998 500 tenendum
1044 461 1095 499 de
1131 461 1295 508 nobis,
1333 462 1636 501 haeredibus
1675 467 1722 502 et

307 527 692 565 successoribus
721 526 912 564 nostris
940 526 989 564 in
1016 539 1184 578 puram
1213 531 1257 566 et
1286 527 1493 567 liberam
1521 528 1722 567 eleemo-

307 604 486 642 synam.

360 658 522 696 unamus
558 657 714 695 ulterius
751 656 804 694 de
840 655 1148 694 avisamento
1175 657 1434 708 praedicto
1461 670 1514 696 ac
1542 671 1596 697 ex
1625 671 1721 698 cer-

305 726 354 761 ta
399 722 622 760 scientia
664 727 710 760 et
755 734 887 759 mero
926 726 1056 760 motu
1093 723 1284 761 nostris
1320 723 1600 774 praedictis
1637 738 1722 776 per

303 791 597 840 praesentes
645 787 961 825 concedimus
996 788 1236 839 praefatis
1273 789 1725 840 Superintendenti

305 858 349 892 et
385 853 641 891 ministris
678 857 724 891 et
751 853 1131 891 successoribus
1161 855 1267 892 suis
1294 854 1486 906 plenam
1513 855 1719 893 faculta-

305 921 393 956 tem
432 921 729 969 potestatem
765 922 810 956 et
848 918 1174 956 autoritatem
1202 918 1474 970 ampliandi
1501 923 1546 958 et
1573 920 1719 958 maio-

302 998 394 1022 rem
431 983 652 1022 faciendi
690 997 938 1021 numerum
975 984 1318 1022 ministrorum
1355 988 1399 1022 et
1427 985 1721 1023 nominandi

302 1054 347 1088 et
385 1050 767 1101 appunctuandi
797 1049 851 1087 de
878 1053 1095 1100 tempore
1122 1050 1170 1087 in
1199 1053 1384 1101 tempus
1412 1051 1538 1088 tales
1566 1055 1611 1088 et
1640 1051 1720 1088 hu-

301 1114 520 1153 iusmodi
556 1114 915 1153 subministros
951 1114 1006 1152 ad
1034 1117 1144 1163 (655)
1182 1115 1492 1153 serviendum
1528 1115 1576 1153 in
1605 1120 1720 1154 tem-

308 1181 388 1232 plo
426 1179 705 1231 praedict0‚
732 1181 903 1230 quales
931 1180 1174 1231 praefatis
1204 1179 1646 1231 Superintendenti
1676 1187 1720 1219 et

300 1245 555 1283 ministris
611 1244 946 1283 necessarium
1000 1245 1155 1282 visum
1200 1245 1364 1283 fuerit.
1419 1245 1478 1284 Et
1523 1246 1715 1296 quidem

300 1311 414 1349 haec
442 1310 602 1348 omnia
629 1310 769 1348 iuxta
798 1310 1169 1361 beneplacitum
1198 1311 1415 1360 Regium.

353 1377 556 1414 nvnlumus
602 1379 884 1426 praeterea,
919 1375 1047 1426 quod
1086 1375 1318 1413 IOANNES
1356 1388 1383 1413 A
1418 1375 1605 1423 hasco,
1642 1391 1716 1414 na·

298 1441 439 1479 tione
466 1440 709 1486 Polonus,
738 1439 877 1477 homo
906 1445 1108 1491 propter
1132 1440 1479 1490 integritatem
1509 1445 1554 1479 et
1581 1441 1718 1479 inno-

298 1506 511 1544 centiam
543 1505 675 1543 vitae
702 1517 754 1542 ac
783 1518 961 1542 morum
990 1508 1034 1542 et
1064 1505 1367 1555 singularem
1395 1505 1717 1544 traditionem

297 1571 438 1622 valde
468 1570 710 1617 celebris,
740 1570 803 1607 sit
829 1570 1016 1621 primus
1045 1575 1089 1608 et
1116 1571 1378 1609 modernus
1399 1572 1718 1622 Superinten-

297 1636 414 1674 dens
453 1635 616 1674 dictae
643 1635 924 1682 Ecclesiae,
954 1639 997 1673 et
1024 1635 1151 1686 quod
1181 1636 1495 1674 GUALTERUS
1524 1636 1717 1675 Duos-

298 1712 410 1747 Nus‚
440 1701 726 1738 MARTINUS
755 1700 1054 1748 Emmaus,
1080 1700 1410 1740 FRAN01chs
1429 1702 1718 1747 R1vnn1us,

299 1767 612 1804 Rmmnnns
652 1765 877 1811 GALLUS,
915 1766 1016 1803 sint
1053 1770 1265 1816 quatuor
1293 1767 1436 1817 primi
1466 1771 1507 1804 et
1536 1768 1716 1806 moder·

299 1831 346 1868 ni
373 1830 613 1869 ministri.

351 1896 514 1934 ‘'Damus
550 1899 806 1946 praeterea
842 1898 886 1932 et
926 1894 1240 1933 concedimus
1269 1895 1515 1946 praefatis
1543 1897 1714 1948 Super-

298 1960 585 1999 intendenti
631 1965 674 1998 et
712 1960 961 1998 ministris
1003 1965 1046 1997 et
1085 1960 1468 1998 successoribus
1506 1962 1611 1999 suis
1649 1963 1715 2000 fa-

301 2026 540 2064 cultatem
568 2025 892 2063 autoritatem
922 2029 966 2062 et
993 2025 1255 2062 licentiam
1283 2029 1395 2076 post
1422 2030 1624 2064 mortem
1643 2028 1714 2064 vel

299 2091 605 2129 vacationem
635 2091 854 2128 alicuius
884 2090 1105 2128 ministri
1134 2091 1503 2141 praedictorum
1532 2091 1714 2130 detem-

298 2169 413 2206 pore
447 2156 493 2193 in
530 2160 720 2206 tempus
758 2155 983 2205 eligendi
1022 2155 1315 2193 nominandi
1343 2160 1386 2194 et
1416 2157 1715 2206 surrogandi

300 2221 446 2259 alium
476 2233 727 2272 personam
756 2220 976 2258 habilem
1005 2224 1048 2258 et
1076 2220 1302 2258 idoneum
1323 2220 1542 2258 inlocum
1564 2235 1711 2259 suum.

299 2287 377 2324 Ita
412 2290 571 2324 tamen
606 2285 731 2337 quod
772 2299 981 2337 persona
1019 2286 1089 2323 sic
1123 2285 1409 2324 nominatus
1446 2289 1491 2324 et
1526 2285 1714 2324 electus

298 2352 645 2401 praesentetur
689 2352 731 2387 et
769 2349 983 2387 sistatur
1017 2362 1175 2387 coram
1212 2349 1382 2395 nobis,
1418 2348 1712 2387 haeredibus

300 2415 375 2452 vel
402 2414 787 2453 successoribus
815 2414 1029 2461 nostris,
1059 2418 1104 2452 et
1131 2427 1212 2465 per
1239 2427 1348 2460 nos,
1375 2413 1608 2451 haeredes
1636 2414 1711 2451 vel

301 2493 616 2517 successores
670 2483 872 2517 nostros
924 2479 1228 2518 instituatur
1282 2480 1331 2516 in
1376 2477 1710 2516 ministerium

299 2544 623 2595 praedictum.

353 2609 514 2648 ‘'Damus
558 2609 698 2647 etiam
746 2613 790 2646 et
836 2608 1151 2646 concedimus
1197 2607 1442 2660 praefatis
1483 2606 1710 2657 Superin-

299 2672 543 2719 tendenti,
580 2673 833 2711 ministris
868 2676 911 2710 et
940 2675 1051 2721 (656)
1093 2686 1238 2711 succe
1257 2671 1489 2721 ssoribus
1517 2671 1618 2709 suis
1647 2672 1712 2709 fa-

300 2738 534 2775 cultatem
561 2738 880 2776 autoritatem
909 2741 952 2775 et
981 2738 1239 2783 licentiam
1266 2740 1378 2788 post
1405 2740 1610 2774 mortem
1631 2750 1710 2774 seu

299 2801 612 2840 vacationem
649 2802 1128 2853 Superintendentis
1173 2802 1226 2840 de
1268 2806 1486 2852 tempore
1522 2799 1571 2837 in
1599 2804 1710 2837 tem-

300 2880 385 2925 pus
412 2866 634 2918 eligendi
664 2866 941 2908 nominandi
969 2873 1013 2904 et
1042 2866 1346 2921 surrogandi
1375 2866 1517 2906 alium
1547 2878 1712 2918 perso-
