1830 3147
130 91 203 128 140

176 201 344 241 Docetur
369 204 559 254 praeterea
587 200 770 248 Ecclesia,
797 200 888 240 haec
916 200 1026 239 nobis
1054 201 1181 239 omnia
1209 202 1398 253 designari
1415 204 1496 255 ipsa
1515 204 1662 243 Coenae

126 267 286 313 actione,
314 266 344 304 si
372 266 608 315 il-(195)lius
637 266 814 316 mysteria
840 266 953 317 paulo
983 265 1201 315 diligentius
1227 267 1484 308 observemus,

177 330 341 368 Primum
371 330 471 367 enim
498 333 682 380 quatenus
709 329 818 380 panis
846 329 885 366 in
915 329 1037 366 Coena
1067 329 1201 367 fractio
1231 331 1430 382 poculique
1448 331 1665 383 propinatio

127 395 299 445 symbolo
334 393 445 432 nobis
483 407 551 431 suo
591 393 790 431 adumbrat
827 393 994 444 corporis
1031 393 1172 431 Christi
1208 395 1431 445 passionem,
1470 396 1572 447 quod
1599 409 1668 447 pro

127 458 237 497 nobis
264 458 426 496 fractum
454 462 521 503 est,
548 462 583 496 et
611 457 807 507 sanguinis
836 457 893 495 sui
919 457 959 494 in
987 461 1104 495 morte
1133 471 1198 496 sua
1226 458 1454 506 effusionem,
1485 461 1667 500 hactenus

127 537 215 562 sane
249 524 357 575 panis
392 523 458 561 illa
496 523 630 562 fractio
659 528 695 562 et
731 524 858 575 poculi
886 523 1098 574 propinatio
1126 524 1351 563 adumbrant
1380 526 1491 563 nobis
1520 529 1665 564 testan-

124 596 260 640 turque
285 593 322 627 et
350 588 550 638 designant
577 601 719 639 suoque
746 588 910 639 quodam
938 587 1048 625 modo
1074 588 1272 627 visibiliter
1291 591 1526 628 annunciant
1547 590 1667 629 Deum

124 656 329 694 Dominum
355 655 494 706 pariter
522 668 565 692 ac
592 655 761 692 Iudicem
789 658 960 692 nostrum
989 654 1157 692 omnium
1186 668 1277 701 esse,
1303 655 1368 706 qui
1398 661 1565 694 nostram
1585 670 1666 694 om-

124 723 215 761 nino
251 721 415 773 requirat
451 720 700 759 obedientiam
739 725 774 758 et
809 719 1104 758 inobedientiem
1140 725 1270 758 contra
1307 721 1438 772 puniat
1467 722 1571 760 iuxta
1601 722 1664 760 de-

125 791 265 826 cretum
302 791 497 826 aeternum
526 800 614 825 suae
642 786 899 824 sanctissimae
927 786 1143 824 voluntatis.
1199 786 1394 824 Quorsum
1422 787 1522 825 enim
1552 788 1664 825 morti

124 853 177 891 ita
213 853 332 891 atroci
367 852 488 890 filium
525 865 634 890 suum
671 851 893 890 destinasset
920 851 1036 896 Deus,
1063 851 1095 889 si
1123 864 1200 889 non
1227 851 1339 889 iudex
1367 857 1477 897 essct,
1503 852 1567 903 qui
1595 865 1666 890 no-

126 922 241 957 stram
276 918 314 956 in
350 918 429 955 filio
466 930 533 955 suo
562 916 856 954 inobedientiam
885 917 1061 967 puniret?
1116 917 1193 953 Aut
1221 929 1399 967 quorsum
1429 921 1596 954 nostram
1623 916 1665 954 in

121 983 278 1025 ,Christo
307 982 457 1034 puniret
482 981 792 1025 inobedientiam,
820 981 851 1018 si
879 994 955 1018 non
984 994 1087 1018 suam
1115 981 1154 1017 in
1184 981 1294 1018 nobis
1322 980 1588 1025 obedientiam,
1625 984 1668 1018 ut

126 1047 313 1085 Dominus
343 1051 483 1092 noster,
509 1046 743 1097 requireret?
778 1046 1018 1096 Perspicuum
1046 1058 1126 1083 esse
1153 1045 1279 1095 igitur,
1308 1045 1557 1083 necessariam
1584 1058 1665 1083 esse

125 1112 247 1150 nostri
283 1111 578 1163 explorationem
608 1111 705 1148 circa
744 1111 890 1148 Coenae
927 1124 1047 1156 usum,
1084 1124 1174 1148 num
1214 1110 1333 1148 Deum
1362 1110 1568 1148 Dominum
1595 1124 1663 1161 pa-

126 1177 215 1215 riter
242 1190 285 1215 ac
313 1176 475 1214 iudicem
502 1189 581 1214 esse
610 1176 817 1220 credamus,
845 1175 918 1213 nisi
945 1175 1100 1224 indigne
1130 1176 1291 1213 Coenam
1323 1175 1443 1226 ipsam
1471 1175 1574 1213 adire
1601 1188 1665 1212 ve-

127 1243 253 1282 limus.

178 1308 335 1355 Deinde,
362 1310 546 1359 quatenus
574 1305 701 1344 eadem
729 1307 809 1357 ipsa
836 1306 944 1357 panis
973 1305 1107 1343 fractio
1133 1305 1173 1343 in
1203 1306 1326 1343 Coena
1355 1310 1390 1344 et
1418 1306 1544 1356 poculi
1578 1319 1666 1357 pro-

126 1374 267 1426 pinatio
305 1373 611 1424 symbo-(l96)la
640 1377 727 1410 sunt
763 1372 873 1409 fracti
909 1384 976 1422 pro
1013 1371 1124 1408 nobis
1153 1370 1320 1421 eorporis
1348 1374 1383 1408 et
1410 1370 1484 1407 fusi
1512 1370 1667 1420 sangui-

126 1439 186 1478 nis
214 1439 367 1484 Christi,
395 1438 639 1488 Christusque
668 1437 853 1474 Dominus
882 1439 1063 1487 (quantus
1092 1438 1187 1483 erat)
1216 1447 1369 1485 corpore
1399 1435 1509 1472 simul
1533 1439 1568 1472 et
1585 1435 1668 1472 ani-

127 1518 188 1543 ma
222 1505 326 1542 omni
361 1517 406 1541 ex
441 1507 546 1554 parte
580 1516 648 1554 pro
686 1502 796 1540 nobis
834 1515 962 1553 passus
999 1505 1066 1546 est,
1104 1501 1282 1538 hactenus
1312 1513 1399 1537 sane
1427 1505 1462 1537 et
1490 1513 1559 1537 nos
1587 1504 1667 1538 toto

127 1574 259 1609 nostro
302 1582 456 1620 corpore
491 1573 528 1606 et
571 1572 652 1606 tota
690 1572 818 1605 nostra
856 1566 979 1603 anima
1017 1579 1099 1603 cum
1139 1565 1312 1602 omnibus
1350 1565 1452 1601 illius
1488 1564 1667 1615 potentiis

128 1636 279 1674 dotibus
315 1638 426 1684 atque
471 1632 701 1671 ornamentis
739 1632 849 1669 morti
885 1635 1069 1674 aeternae,
1109 1630 1211 1681 quod
1248 1630 1288 1667 in
1325 1629 1435 1667 nobis
1473 1634 1540 1675 est,
1577 1629 1668 1666 sub-

125 1701 214 1740 iecti
241 1713 369 1738 sumus
397 1704 433 1737 et
460 1698 618 1749 proinde
646 1697 747 1735 aliud
776 1697 871 1734 nihil
900 1710 1010 1747 quam
1040 1699 1267 1747 peccatores.
1295 1694 1444 1732 Peccati
1473 1694 1570 1732 enim
1600 1694 1667 1731 sti-

126 1766 305 1818 pendium
340 1768 395 1803 est
432 1777 530 1802 mors
565 1764 659 1815 ipsa,
698 1763 756 1800 cui
793 1761 963 1813 equidem
993 1774 1034 1798 ea
1061 1764 1171 1812 parte
1200 1760 1358 1797 subiecti
1387 1772 1463 1797 non
1492 1772 1669 1804 essemus,

128 1845 201 1882 qua
238 1843 315 1868 non
341 1842 506 1867 essemus
534 1827 661 1878 aliquo
698 1827 810 1864 etiam
849 1826 1004 1863 minimo
1040 1825 1152 1862 modo
1191 1830 1419 1875 peccatores.
1475 1823 1667 1861 Christum

127 1908 239 1948 porro
275 1898 398 1933 totum
424 1893 528 1931 iuxta
567 1905 714 1929 carnem
757 1904 911 1942 corpore
949 1890 1121 1928 videlicet
1150 1895 1185 1927 et
1212 1890 1337 1926 anima
1365 1893 1555 1926 mortuum
1584 1901 1664 1925 esse

129 1962 305 2000 docemur
333 1961 480 1998 Coenae
505 1957 744 1996 testimonio:
774 1957 950 1994 docemur
977 1968 1065 2005 ergo
1095 1955 1207 1993 simul
1235 1954 1346 1992 etiam
1376 1954 1521 1991 Coenae
1549 1954 1668 2004 ipsius

127 2025 357 2069 testimonio,
394 2037 462 2062 nos
498 2036 626 2060 omnes
655 2021 756 2059 aliud
785 2021 881 2058 nihil
910 2033 999 2066 esse,
1028 2020 1129 2071 quod
1156 2020 1196 2056 in
1226 2019 1336 2056 nobis
1366 2023 1435 2061 est,
1462 2032 1574 2069 quam
1604 2018 1668 2056 de-

128 2093 295 2144 ploratos
330 2102 483 2140 prorsus
517 2091 745 2138 peccatores,
780 2090 816 2124 et
853 2085 1010 2137 proinde
1048 2085 1167 2122 nostri
1206 2097 1352 2135 quoque
1391 2083 1460 2120 hac
1496 2084 1535 2120 in
1562 2087 1669 2134 parte

129 2154 425 2207 explorationem
461 2152 709 2190 neeessariam
747 2163 838 2197 esse,
874 2155 916 2188 ut
944 2150 1058 2198 digne
1087 2150 1232 2187 Coenae
1260 2148 1486 2185 Dominicae
1512 2148 1666 2198 partici-

130 2234 272 2273 pemuS.
669 2259 673 2263 ,

180 2285 390 2328 Postremo,
416 2285 600 2332 quatenus
627 2279 736 2331 panis
765 2280 828 2317 ille
853 2278 893 2316 in
906 2279 1048 2336 'Coena
1076 2278 1276 2315 Dominica
1306 2277 1460 2321 fractus,
1493 2276 1668 2327 poculum

130 2352 219 2389 item
254 2348 494 2400 propinatum
530 2345 641 2383 nobis
671 2344 813 2382 Christi
841 2344 993 2381 nornine
1021 2343 1215 2381 exhibetur
1242 2347 1352 2393 atque
1377 2355 1443 2393 per
1469 2354 1538 2378 nos
1566 2341 1666 2378 acei-

130 2415 232 2467 pitur
268 2413 389 2451 editur
425 2424 468 2449 ae
496 2410 651 2454 bibitur,
679 2409 817 2459 illaque
843 2409 951 2459 panis
980 2413 1016 2446 et
1043 2408 1169 2458 poculi
1205 2407 1388 2445 exhibitio
1428 2406 1592 2457 acceptio
1630 2409 1667 2443 et

131 2476 368 2531 participatio
398 2475 566 2525 symbola
596 2479 682 2512 sunt
710 2478 860 2510 nostrae
889 2472 1077 2510 societatis
1105 2474 1215 2521 (197)
1244 2485 1329 2509 cum
1358 2471 1507 2508 Christo
1536 2470 1668 2507 Domi-

132 2557 182 2583 no
208 2542 248 2579 in
277 2553 430 2591 corpore
457 2539 586 2589 ipsius,
612 2551 679 2589 pro
708 2537 818 2575 nobis
846 2538 884 2574 in
904 2541 1061 2574 mortem
1088 2537 1241 2580 tradito,
1269 2541 1305 2573 et
1333 2535 1514 2584 sanguine
1538 2535 1669 2584 ipsius,

131 2621 200 2660 pro
235 2605 347 2644 nobis
382 2604 422 2641 in
457 2608 577 2641 morte
614 2617 678 2640 sua
715 2602 841 2647 effuso,
877 2615 942 2652 per
978 2601 1154 2639 donatam
1195 2601 1304 2639 nobis
1332 2600 1473 2637 abillo
1500 2599 1666 2648 gratuito

133 2671 256 2710 omnis
291 2668 416 2707 meriti
442 2668 639 2718 omnisque
665 2667 806 2716 gloriae
835 2679 921 2704 suae
951 2666 1267 2710 communionem,
1292 2685 1342 2692 ——
1370 2664 1550 2700 hactenus
1579 2675 1668 2700 sane

131 2737 240 2789 panis
280 2734 344 2771 illa
369 2733 444 2770 iam
473 2732 583 2770 fracti
611 2732 810 2782 poculique
836 2730 1026 2782 propinati
1062 2729 1247 2767 exhibitio
1285 2728 1471 2779 perceptio
1510 2731 1546 2765 et
1583 2740 1668 2777 par-

130 2799 315 2852 ticipatio,
359 2796 468 2835 nobis
513 2795 739 2833 adumbrant
783 2799 1007 2838 attestantur
1052 2793 1251 2842 designant
1289 2805 1332 2829 ac
1367 2790 1564 2829 visibiliter
1600 2804 1667 2828 suo

131 2864 302 2917 symbolo
346 2860 578 2900 annunciant
626 2859 854 2897 verissimam
900 2872 979 2896 esse
1016 2858 1181 2895 divinam
1218 2857 1319 2893 illam
1354 2855 1664 2906 promissionem:
