1830 3147
135 114 181 152 70

185 223 319 261 Postea
354 221 463 260 vertit
497 219 708 258 orationem
744 232 848 257 suam
885 220 932 258 ad
968 221 1106 259 electos
1140 220 1252 272 ipsos,
1281 222 1357 260 sive
1394 235 1491 261 unus
1519 223 1568 261 sit
1595 223 1673 262 sive

134 290 270 340 plures,
297 299 433 337 eosque
460 285 665 336 alloquitur
692 284 739 322 ad
768 285 867 322 hunc
896 285 1068 323 modum:

189 370 206 387 n
222 350 539 401 Quandoquidem
574 349 622 387 ad
657 349 759 388 verbi
793 349 869 387 iam
896 350 1144 388 ministerium
1172 350 1210 389 in
1237 351 1307 389 hac
1336 351 1476 390 Christi
1501 351 1673 390 Ecclesia

134 418 285 470 publico
330 416 433 454 illius
478 428 631 453 assensu
669 415 790 453 vocati
826 415 1016 466 Regiaque
1052 416 1253 455 autoritate
1299 417 1549 455 commendati
1581 417 1672 455 estis

132 495 252 533 neque
287 480 388 518 aliud
423 484 548 526 restet,
584 492 696 531 quam
731 482 771 518 ut
805 479 955 530 publice
982 479 1055 516 iam
1085 492 1208 517 coram
1233 483 1315 518 toto
1343 480 1453 518 huius
1482 480 1671 518 Ecclesiae

133 555 240 585 coetu
283 544 562 596 inauguremini
614 557 679 596 per
728 557 907 581 manuum
961 543 1239 594 impositionem
1273 546 1378 583 iuxta
1414 545 1671 596 Apostolicam

133 611 443 657 observationem,
477 609 660 661 quaedam
692 608 784 646 mihi
817 608 921 659 prius
957 622 978 645 a
1015 608 1120 646 vobis
1156 613 1243 647 sunt
1271 610 1482 660 quaerenda
1521 610 1672 648 nomine

130 676 248 716 totius
282 675 485 720 Ecclesiae,
519 678 559 712 ut
593 687 660 712 vos
686 673 835 723 ipsimet
869 685 933 710 ore
968 677 1092 711 vestro
1120 673 1366 711 ministerium
1410 675 1480 712 hoc
1508 679 1669 713 vestrum

134 753 258 778 coram
295 743 374 778 tota
409 739 580 777 Ecclesia
615 736 842 775 attestemini
878 741 990 787 atque
1025 738 1252 787 approbetis.
1303 738 1464 777 Proinde
1508 744 1671 777 vestrum

132 805 214 850 erit,
249 805 296 843 ad
334 818 376 843 ea
410 804 516 849 mihi,
553 803 598 840 de
634 802 773 853 quibus
809 814 873 840 vos
908 801 947 839 in
984 807 1185 853 conspectu
1212 803 1283 841 Dei
1309 809 1346 851 et
1374 804 1453 841 eius
1480 804 1672 842 Ecclesiae

130 871 422 919 interrogavero,
447 867 597 920 publice
623 871 660 904 et
687 878 812 904 coram
839 870 917 905 tota
945 866 1114 904 Ecclesia
1143 872 1272 905 nostra
1301 867 1568 918 1·cspondere.”

185 998 646 1049 Interrogationes‚
692 1010 813 1048 quae
848 996 1025 1034 electis
1063 995 1197 1033 verbi
1236 995 1492 1034 Ministris
1535 1003 1616 1035 aut

211 1062 658 1116 Superintendenti
693 1065 1039 1114 proponuntur
1067 1060 1263 1112 publice
1291 1065 1402 1100 ante
1429 1074 1592 1099 eorum

607 1127 1056 1177 inaugurationem.
1094 1128 1185 1175 (31)

185 1263 218 1299 1.
276 1259 512 1298 uScntitisne
546 1258 737 1296 internum
774 1257 936 1308 Spiritus
974 1257 1094 1295 sancti
1122 1257 1161 1295 in
1201 1257 1314 1295 corde
1342 1261 1466 1296 vestro
1494 1258 1672 1302 afflatum,

130 1326 356 1365 excitantem
392 1337 457 1362 vos
493 1324 540 1361 ad
578 1322 855 1374 suscipiendum
890 1323 930 1360 in
960 1322 1029 1360 hac
1065 1323 1234 1361 Ecclesia
1271 1322 1434 1360 delatum
1463 1323 1570 1362 vobis
1599 1323 1671 1361 hoc

131 1389 392 1436 ministerium,
419 1401 550 1439 nempe
578 1387 680 1439 quod
705 1387 745 1425 in
772 1387 840 1425 illo
868 1400 942 1425 non
963 1387 1150 1438 quaeratis
1167 1387 1352 1438 privatum
1371 1388 1487 1424 ullum
1508 1392 1670 1426 vestrum

133 1454 372 1492 commodum
408 1453 635 1491 honoremve
669 1453 788 1490 ullum
815 1456 880 1490 aut
908 1460 1071 1490 vestrum
1099 1452 1265 1503 ipsorum
1294 1453 1466 1502 gloriam,
1494 1452 1558 1490 sed
1585 1456 1670 1490 tan-

129 1525 210 1558 tum
255 1520 371 1556 solam
409 1518 479 1556 Dei
513 1517 672 1567 gloriam
714 1522 826 1568 atque
869 1517 1144 1556 incrementum
1183 1518 1303 1567 Regni
1342 1518 1481 1556 Christi
1516 1518 1556 1556 in
1593 1518 1671 1556 eius

132 1584 299 1621 Ecclesia
338 1596 404 1634 per
439 1582 638 1631 Euangelii
673 1582 791 1633 ipsius
818 1582 858 1620 in
895 1588 1019 1620 vestro
1054 1582 1263 1620 ministerio
1292 1582 1609 1633 praedicationem
1635 1587 1672 1622 et

129 1648 462 1700 propagationem?
516 1647 563 1684 Id
598 1647 771 1698 equidem
807 1661 852 1686 ex
889 1648 997 1685 vobis
1034 1661 1135 1685 nunc
1172 1648 1210 1685 in
1249 1652 1451 1698 conspectu
1487 1647 1568 1692 Dei,
1605 1648 1670 1698 qui

130 1714 232 1752 videt
259 1718 295 1751 et
322 1712 426 1751 novit
454 1711 592 1756 omnia,
618 1712 810 1762 totiusque
839 1712 949 1749 huius
978 1725 1065 1750 suae
1093 1712 1283 1749 Ecclesiae
1311 1712 1440 1750 audire
1477 1712 1606 1765 velim·
1623 1712 1670 1750 ad

130 1777 320 1816 Ecclesiae
347 1777 644 1816 aedificationem
674 1781 710 1815 et
738 1777 853 1815 vestri
879 1777 919 1815 in
945 1777 1009 1814 illa
1038 1777 1237 1814 ministerii
1264 1776 1625 1828 approbationem''?

183 1842 426 1894 Respondent
453 1841 578 1879 electi:
610 1840 850 1888 aSentimus,
876 1844 912 1879 et
941 1841 1062 1878 Deum
1090 1854 1251 1886 oranmS,
1277 1847 1332 1884 ut,
1359 1840 1459 1891 quod
1487 1841 1528 1878 in
1556 1841 1668 1878 nobis

131 1920 237 1945 orsus
273 1911 341 1951 est,
375 1906 421 1943 ad
457 1906 571 1943 finem
606 1916 724 1956 usque
756 1905 869 1943 etiam
904 1905 1073 1956 perficiat
1110 1910 1259 1956 propter
1289 1904 1481 1942 Christum
1508 1904 1555 1943 ad
1582 1906 1667 1954 glo-

131 1971 226 2009 riam
255 1970 375 2008 sancti
401 1970 566 2008 nominis
593 1969 663 2008 sui.
692 1969 854 2008 Amen''.

183 2039 218 2075 2.
276 2053 294 2070 n
309 2035 530 2081 Creditisne,
557 2034 818 2085 Propheticam
838 2037 949 2085 atque
968 2034 1226 2084 Apostolicam
1249 2033 1460 2071 doctrinam
1480 2035 1614 2072 veteris
1634 2038 1670 2073 et

134 2101 222 2140 novi
236 2100 462 2146 testamenti,
481 2100 522 2137 111
541 2099 701 2137 Biblicis
722 2099 917 2150 scripturis
938 2098 1257 2150 comprehensam,
1278 2112 1357 2137 esse
1376 2099 1531 2136 unicum
1542 2113 1667 2137 verum

131 2172 242 2218 atque
268 2164 591 2204 absolutissimum
618 2164 905 2203 fundamentum
926 2164 1131 2202 catholicae
1150 2164 1217 2202 Dei
1233 2163 1426 2202 Ecclesiae
1444 2164 1485 2202 in
1507 2165 1672 2210 Christo,

133 2232 187 2270 sic
221 2235 264 2269 ut
299 2230 340 2268 in
376 2229 570 2281 scripturis
596 2229 680 2267 ‘illis
716 2229 764 2267 ad
789 2229 941 2280 plenum
971 2229 1233 2267 contineantur
1261 2228 1400 2274 omnia,
1427 2242 1671 2280 quaecunque

133 2298 219 2345 (32)
253 2296 333 2334 ullo
371 2295 483 2333 modo
518 2297 606 2332 sunt
641 2293 850 2332 necessaria
887 2294 933 2332 ad
962 2294 1120 2332 salutem
1150 2295 1193 2342 ¹),
1223 2294 1326 2331 cuius
1353 2293 1466 2339 basis,
1492 2293 1675 2339 medium,

135 2361 302 2412 adeoque
328 2365 364 2399 et
391 2366 500 2411 caput
525 2359 650 2410 ipsum
679 2358 726 2396 sit
753 2359 855 2396 solus
882 2357 946 2396 ille
973 2358 1080 2396 Iesus
1110 2358 1294 2404 Christus,
1322 2358 1433 2395 homo
1453 2370 1499 2395 ex
1518 2357 1670 2395 homine

134 2427 239 2464 iuxta
268 2438 430 2470 carnem,
456 2436 588 2475 nempe
614 2423 715 2461 filius
742 2422 878 2469 David,
931 2435 1057 2460 semen
1085 2422 1274 2467 Abrahae,
1303 2426 1504 2473 conceptus
1532 2426 1568 2459 et
1603 2435 1669 2471 ge-

136 2491 236 2529 nitus
263 2503 309 2528 ex
338 2488 459 2527 Matre
485 2480 643 2537 Virgine
659 2489 704 2535 2)ν,
732 2487 796 2525 sed
821 2486 921 2524 idem
947 2500 1077 2525 rursus
1105 2487 1216 2525 etiam
1244 2500 1349 2525 verus
1369 2491 1479 2537 atque
1497 2489 1671 2524 aeternus

137 2555 251 2599 Deus,
277 2553 418 2591 aeterni
444 2552 566 2590 Patris
594 2552 665 2590 Dei
691 2551 824 2596 Filius,
851 2551 907 2588 illi
934 2563 999 2602 per
1026 2551 1153 2589 onmia
1180 2551 1345 2602 aequalis
1364 2556 1399 2588 et
1415 2563 1524 2601 super
1544 2549 1670 2588 omnia

136 2620 175 2658 in
203 2618 335 2656 triadis
362 2616 521 2654 Divinae
548 2630 635 2654 suae
660 2615 822 2653 monade
850 2615 1068 2654 benedictus
1096 2616 1136 2654 in
1164 2615 1336 2654 saecula?
1370 2615 1518 2652 Amen'’
1546 2617 1591 2663 3).

188 2682 430 2734 Respondent
455 2681 582 2720 electi:
631 2697 649 2715 a
661 2681 869 2727 Credimus,
895 2684 931 2718 et
957 2680 1078 2719 Deum
1106 2694 1269 2726 oramus,
1295 2684 1337 2718 ut
1365 2679 1461 2718 hanc
1487 2680 1600 2719 fidem
1627 2681 1667 2719 in

177 2838 203 2878 ¹)
226 2837 344 2879 Ephes.
367 2836 396 2869 2.
419 2836 438 2867 2
460 2835 543 2869 Tim.
566 2835 595 2868 3.
679 2836 708 2876 2)
732 2835 803 2868 Act.
825 2835 856 2868 4.
899 2835 1016 2878 Ephes.
1043 2834 1070 2868 l.
1116 2836 1133 2868 l
1157 2836 1231 2869 Cor.
1254 2835 1283 2868 3.
1327 2835 1440 2867 Roma.
1463 2835 1492 2868 9.

178 2893 206 2935 3)
228 2892 346 2926 Matth.
369 2891 398 2932 3,
420 2891 471 2925 28.
515 2891 532 2922 1
556 2890 646 2924 Ioan.
670 2890 698 2924 5.
