1830 3147
1532 102 1604 141 121

67 212 200 251 butio?
253 213 315 251 An
344 223 441 259 vero,
469 213 663 263 propterea
692 210 793 263 quod
821 211 913 249 haec
938 212 1168 262 ignoremus,
1196 213 1343 251 Coenae
1369 226 1460 252 usus
1480 214 1601 253 ‘nobis

67 275 369 315 intermittendus
397 275 490 313 erit?
518 275 705 326 Equidem
735 279 834 313 certo
864 275 989 313 doceri
1017 289 1094 314 non
1112 280 1248 328 potest,
1269 290 1342 328 qua
1362 278 1518 316 materia
1539 283 1604 316 aut

66 341 188 379 forma
217 339 327 378 fuerit
353 340 529 391 poculum
557 339 664 386 illud,
694 339 796 390 quod
822 339 994 378 Christus
1014 339 1200 378 Dominus
1220 341 1261 379 in
1283 343 1409 380 Coena
1429 355 1496 380 sua
1515 355 1604 394 pro-

67 405 235 456 pinabat,
263 418 383 455 neque
409 404 499 442 item
526 404 718 455 primusne
745 404 836 455 ipse,
865 417 912 442 an
940 417 1027 442 vero
1058 408 1270 456 postremus
1290 406 1438 445 biberit.
1484 406 1605 445 Multo

67 471 194 509 minus
229 473 352 508 autem
391 469 435 506 de
471 482 568 520 pane
604 469 729 507 doceri
764 473 900 521 potest,
936 483 1101 521 quonam
1129 470 1241 508 modo
1269 472 1411 510 fractus
1439 472 1498 518 sit,
1527 473 1605 510 cul-

66 535 206 574 tellone
241 547 289 572 an
325 533 498 571 manibus
526 537 685 573 tantum.
742 534 828 572 Quo
856 535 945 572 item
975 534 1087 572 modo
1115 534 1155 572 in
1184 535 1309 573 cibum
1337 536 1498 583 oblatus,
1528 537 1605 575 col-

67 599 234 637 lectusne
268 610 334 649 per
370 598 488 635 frusta
525 598 564 635 in
603 597 761 644 discum,
787 598 855 635 ubi
882 597 957 635 iam
985 598 1128 636 fractus
1155 604 1266 644 esset,
1295 603 1335 637 ut
1363 613 1471 637 suum
1501 600 1606 652 quis-

69 677 142 715 que
177 663 249 701 sibi
285 663 488 700 frustulum
526 668 700 708 sumeret,
735 676 783 701 an
821 676 906 701 vero
946 663 1098 701 cultello
1127 668 1192 702 aut
1217 664 1427 703 fuscinulae
1455 666 1606 711 infixus,

67 733 131 767 aut
166 728 276 767 nudis
311 728 487 766 manibus
524 728 564 765 in
598 741 732 766 manus
770 728 964 778 sigillatim
999 729 1202 780 unicuique
1238 735 1444 781 porrectus.
1500 731 1606 769 Haec

67 806 156 831 sane
183 798 282 832 certo
313 793 439 831 doceri
467 793 592 831 omnia
621 807 698 831 non
726 797 899 845 possunt,
929 798 965 832 et
992 798 1117 832 tamen
1146 807 1223 832 non
1251 795 1336 833 ideo
1366 796 1536 834 tollimus
1564 796 1605 835 in

70 859 195 897 Coena
234 859 310 897 sive
345 859 473 910 poculi
508 858 811 910 propinationem
848 859 926 897 sive
960 860 1069 910 panis
1106 860 1328 898 fractionem
1369 861 1606 900 distributio-

69 935 153 961 nem
190 926 225 960 et
260 923 606 974 participationem:
643 936 738 974 quae
772 937 861 962 sane
895 924 979 962 tolli
1018 925 1143 962 omnia
1171 929 1371 976 oporteret,
1398 926 1430 964 si
1458 936 1607 965 conses⁴

68 1001 131 1026 sus
159 988 207 1026 sit
234 988 423 1026 tollendus
450 994 602 1039 propter
629 988 841 1038 ignoratam
870 990 1031 1027 formam
1059 989 1189 1041 ipsius.

120 1055 172 1092 At
209 1067 295 1091 vero
323 1053 475 1100 Paulus,
512 1054 825 1105 quemadmodum
854 1068 976 1106 neque
1003 1055 1042 1093 in
1069 1056 1194 1107 poculi
1222 1057 1461 1108 propinandi,
1489 1071 1609 1109 neque

66 1119 106 1157 in
151 1119 258 1170 panis
295 1119 497 1168 frangendi
536 1119 861 1170 distribuendique
905 1121 1026 1158 forma
1060 1135 1081 1158 a
1119 1121 1268 1159 Christo
1310 1121 1607 1171 Domi-(154)no

66 1184 262 1222 observata
289 1184 342 1222 ita
370 1184 504 1222 anxius
532 1188 622 1231 erat,
650 1189 704 1231 ut,
731 1189 925 1236 propterea
953 1185 1055 1237 quod
1083 1186 1186 1224 illam
1216 1200 1291 1224 non
1319 1192 1455 1234 nosset,
1477 1202 1496 1226 a
1515 1189 1608 1226 Coe-

66 1263 136 1287 nae
176 1249 249 1287 sibi
282 1262 353 1287 usu
391 1250 657 1288 abstinendum
686 1264 766 1289 esse
793 1254 953 1302 putaret,
982 1251 1047 1289 sed
1074 1252 1221 1301 vulgari
1247 1252 1405 1291 istorum
1431 1254 1603 1292 'omnium

64 1315 185 1353 forma
214 1318 412 1352 contentus
441 1316 605 1353 Coenam
633 1315 878 1353 nihilominus
906 1330 926 1353 a
956 1316 1162 1354 Corinthiis
1191 1317 1382 1355 observari
1403 1319 1601 1364 voluit,—

64 1380 115 1417 ita
152 1384 188 1418 et
222 1380 266 1418 de
300 1380 413 1431 primi
449 1381 550 1419 illius
587 1381 727 1419 Christi
766 1395 849 1419 cum
886 1382 1080 1433 Apostolis
1117 1383 1312 1421 accubitus
1351 1385 1470 1422 forma
1507 1384 1604 1422 nibil

69 1444 237 1482 solicitus
274 1446 363 1482 satis
393 1445 536 1492 habuit,
564 1450 752 1497 receptum
781 1447 895 1496 vulgo
926 1459 1139 1485 consessum
1169 1449 1363 1499 publicum
1390 1450 1430 1487 iu
1459 1451 1605 1489 Coenae

66 1523 138 1548 usu
165 1510 375 1549 retinuisse.
414 1511 531 1548 Porro
560 1525 681 1562 neque
710 1512 977 1556 Tertullianus,
1003 1526 1122 1564 neque
1151 1514 1454 1564 Chrysostomus,
1484 1529 1603 1567 neque

66 1575 303 1624 Augustinus
348 1576 482 1613 mutati
519 1589 674 1627 usquam
711 1589 909 1614 consessus
946 1577 1110 1627 vulgaris
1145 1578 1184 1615 in
1220 1580 1366 1617 Coenae
1403 1592 1484 1624 usu,
1525 1580 1603 1618 sive

66 1641 165 1691 apud
204 1640 381 1685 Graecos,
418 1641 495 1679 sive
532 1642 631 1692 apud
666 1641 824 1680 Latinos
862 1643 1124 1689 meminerunt,
1154 1644 1217 1681 sed
1246 1648 1434 1695 receptum
1465 1645 1603 1696 ubique

68 1719 263 1744 consessus
299 1706 452 1745 modum
490 1707 529 1745 in
568 1708 714 1746 Coenae
752 1708 973 1746 Dominicae
1008 1722 1077 1747 usu
1113 1709 1158 1747 ad
1197 1724 1262 1748 sua
1290 1724 1408 1761 usque
1436 1716 1603 1762 tempora

67 1772 305 1810 observatum
340 1785 419 1810 esse
455 1776 651 1812 testantur.
706 1774 755 1811 Et
791 1787 848 1812 res
883 1774 963 1825 ipsa
996 1774 1164 1825 loquitur
1201 1775 1291 1813 hacc
1317 1777 1497 1827 praetexi,
1525 1791 1602 1816 non

65 1841 142 1876 tam
172 1840 210 1876 ut
237 1838 358 1875 forma
385 1837 449 1875 illa
480 1838 665 1877 observati
694 1853 713 1876 a
743 1839 894 1877 Christo
924 1839 1089 1878 Domino
1107 1854 1304 1879 consessus
1322 1842 1603 1881 commendetur

65 1915 107 1939 ac
148 1902 188 1940 in
231 1902 376 1939 Coenae
412 1915 484 1940 usu
529 1906 736 1949 revocetur,
773 1916 884 1954 quam
923 1904 1061 1954 potius,
1098 1908 1140 1943 ut
1178 1908 1372 1956 peccatum
1409 1906 1546 1944 sublati
1582 1919 1603 1944 a

66 1967 190 2005 Coena
219 1979 413 2004 consessus
440 1967 582 2017 publici
612 1971 800 2019 utcunque
826 1972 1037 2008 excusetur.

119 2031 206 2068 Non
245 2031 398 2068 obstant
432 2031 548 2080 igitur
582 2032 794 2082 praedictae
838 2032 1067 2071 obiectiones
1105 2047 1246 2079 omnes,
1289 2035 1490 2085 quominus
1528 2035 1603 2073 illis

68 2094 295 2145 posthabitis
342 2107 536 2132 consessus
582 2096 755 2146 publicus
792 2097 831 2134 in
871 2099 1017 2135 Coenae
1053 2098 1274 2136 Dominicae
1320 2099 1477 2145 actione,
1516 2099 1602 2137 dum

69 2158 150 2196 fieri
184 2162 319 2209 potest,
356 2159 585 2198 observetur.
640 2161 803 2198 Primum
832 2166 982 2213 propter
1011 2162 1151 2201 Christi
1179 2167 1215 2200 et
1243 2164 1510 2215 Apostolorum
1539 2177 1604 2202 ex-

69 2223 245 2274 emplum,
282 2223 383 2274 quod
421 2237 508 2261 sane
545 2224 684 2262 imitari
720 2230 883 2276 praestat
920 2239 1031 2277 quam
1069 2227 1265 2276 abrogare.
1295 2230 1406 2276 (155)
1461 2227 1605 2266 Deinde

67 2293 220 2340 propter
254 2289 404 2339 plenum
443 2302 609 2326 summae
645 2290 916 2329 consolationis
952 2292 1167 2341 mysterium
1212 2297 1339 2343 partae
1384 2293 1457 2330 iam
1495 2294 1606 2332 nobis

69 2354 171 2405 pacis
217 2358 253 2392 et
296 2354 431 2405 quietis
478 2360 625 2392 nostrae
661 2356 700 2393 in
739 2356 889 2394 Christo
926 2370 989 2407 per
1023 2364 1182 2395 mortem
1215 2358 1345 2409 ipsius.
1400 2360 1608 2406 Praeterea,

68 2423 220 2470 propter
255 2423 386 2470 typum
424 2419 595 2457 coelestis
630 2424 780 2458 nostrae
816 2421 903 2458 olim
932 2421 1086 2471 gloriae,
1115 2423 1316 2460 conviviali
1344 2423 1405 2461 hic
1431 2425 1607 2464 accubitu

68 2483 322 2522 adumbratae.
375 2484 568 2522 Postremo
597 2490 749 2536 propter
777 2486 995 2524 mandatum
1023 2486 1118 2525 illud
1147 2488 1288 2526 Christi
1315 2488 1470 2527 Domini
1502 2507 1518 2524 ιι
1535 2490 1608 2528 hoc

69 2548 219 2595 facite,''
256 2563 276 2586 a
311 2562 384 2600 quo
423 2563 620 2588 consessus
657 2551 797 2602 alioqui
834 2565 897 2590 seu
926 2551 1132 2597 accubitus,
1169 2552 1256 2591 dum
1295 2553 1446 2592 retineri
1473 2559 1607 2606 potest,

71 2613 220 2651 excludi
248 2614 401 2652 omnino
429 2627 505 2652 non
535 2615 656 2653 debet.

122 2677 194 2714 Sed
229 2690 305 2715 non
341 2678 426 2716 ideo
465 2683 588 2717 tamen
618 2679 804 2718 Ecclesias
833 2694 894 2719 eas
921 2694 1051 2720 omnes
1081 2682 1240 2721 violatae
1267 2683 1427 2723 Divinae
1454 2686 1607 2724 institu-

69 2740 184 2779 tionis
219 2755 451 2789 accusamus,
478 2748 520 2782 ut
546 2749 655 2782 antea
683 2758 833 2795 quoque
860 2745 1039 2793 diximus,
1067 2760 1161 2797 quae
1188 2747 1228 2785 in
1258 2748 1405 2787 Coenae
1432 2749 1607 2789 Domini-

70 2818 132 2844 cae
167 2820 237 2844 usu
275 2820 489 2846 consessum
527 2809 647 2846 adhuc
683 2810 878 2860 publicum
905 2824 981 2848 non
1011 2811 1223 2850 observant.
1280 2814 1394 2851 Aliud
1424 2820 1480 2852 est
1507 2816 1607 2853 enim

68 2870 174 2908 illum
209 2871 287 2909 sine
322 2872 399 2910 ulla
437 2873 656 2912 necessitate
690 2874 897 2922 sustulisse,
926 2874 1027 2913 aliud
1063 2888 1164 2921 ver0,
1191 2889 1256 2928 per
1283 2877 1378 2916 alios
1407 2878 1609 2926 sublatum,
