1830 3147
177 118 243 163 [A.
269 117 313 153 1).
340 117 450 162 1553]
914 118 982 153 (390

183 225 360 261 Christum
393 224 578 260 Dominum
602 223 761 270 {spoliare
796 235 1003 272 prorsusque
1035 226 1217 262 excludere
1251 236 1425 269 conamur,
1460 227 1542 264 dum
1568 239 1625 264 eas
1650 239 1713 276 pro

182 285 344 320 membris
385 284 493 331 ipsius
539 285 715 331 ipsumque
754 296 817 331 pro
858 285 995 321 illarum
1033 288 1146 333 capite
1180 299 1366 335 agnoscere
1406 301 1476 325 non
1520 289 1713 336 dignamur,

184 346 319 381 etiamsi
350 344 427 380 illas
463 344 690 380 fundamento
717 357 776 391 per
801 346 986 392 ipsummet
1007 346 1182 383 Christum
1209 348 1394 384 Dominum
1419 349 1531 396 posito
1553 349 1713 385 insistere

183 406 371 442 videamus.
421 405 478 440 Ita
503 417 581 441 cum
606 405 713 441 libelli
737 407 847 442 nostri
872 407 985 454 palam
1010 410 1044 443 et
1069 408 1196 444 diserte
1222 413 1407 451 testentur,
1430 413 1568 446 nostras
1593 409 1713 446 Eccle-

184 466 253 501 sias
278 465 358 502 huic
382 466 447 512 ipsi
472 465 697 502 fundamento
722 466 877 502 manibus
904 469 940 502 et
965 468 1118 514 pedibus.
1142 469 1233 516 quod
1257 469 1397 513 dieitur,
1432 482 1494 517 pro
1518 474 1636 506 nostra
1661 470 1713 506 in-

185 527 346 562 firmitate
372 526 484 567 inniti,
501 538 579 563 eum
597 526 726 562 nullius
752 528 833 562 item
860 528 981 563 erroris
1007 528 1078 563 ullo
1095 540 1244 576 unquam
1264 529 1417 578 legitimo
1435 530 1554 565 ordine
1579 529 1622 564 ab
1640 529 1712 565 ulla

187 588 326 622 omnino
351 587 511 622 restituta
537 587 705 629 Ecclesia,
729 600 799 623 non
818 588 895 624 dico
912 589 1079 631 accusati,
1094 589 1152 625 sed
1169 602 1211 625 ne
1228 590 1395 626 admoniti
1416 591 1565 638 quidem,
1584 589 1712 626 nedum

187 647 338 683 convicti
363 647 479 687 simus,
504 647 572 682 imo
592 659 671 683 cum
697 660 716 683 a
741 648 890 683 maxima
909 649 1145 684 restitutarum
1166 650 1385 686 ecelesiarum
1403 654 1499 697 parte
1515 663 1576 697 pro
1601 650 1715 686 fratri·

185 707 248 742 bus
275 719 511 753 agnoscamur,
536 719 664 755 nosque
688 707 765 743 illas
787 708 892 744 etiam
906 709 940 744 in
956 709 1105 745 Domino
1119 722 1329 753 veneremur,
1345 712 1483 759 gravius
1506 711 1615 746 multo
1636 723 1714 757 pro-

184 769 313 804 fanasti
338 767 543 815 dignitatem
569 769 719 815 corporis
745 772 779 805 et
804 770 982 816 sanguinis
1005 770 1136 807 Christi
1168 771 1203 807 in
1227 772 1340 814 nobis,
1375 772 1454 808 Rex
1478 772 1712 808 serenissime!

184 829 353 876 siquidem
385 841 448 864 nos
481 831 685 877 nostrasque
718 829 890 865 Ecclesias
917 842 978 877 pro
1015 832 1174 868 membris
1199 831 1326 868 Christi
1358 832 1394 868 in
1417 832 1586 868 catholica
1605 833 1712 879 ipsius

183 889 343 926 Ecclesia
362 902 431 925 non
451 901 486 925 es
510 889 674 937 dignatus
700 902 900 937 agnoscere,
926 892 1127 938 priusquam
1154 904 1216 928 nos
1241 893 1344 928 etiam
1369 893 1535 934 audisses,
1558 905 1659 940 quam
1684 893 1714 928 si

184 951 332 998 agnitam
353 952 389 986 in
407 950 506 986 nobis
525 951 753 987 membrorum
772 951 904 988 Christi
919 953 1121 1000 dignitatem
1139 953 1426 989 contemnendam
1445 965 1518 989 esse
1536 956 1711 1001 putasses.

230 1012 363 1058 Accipe
387 1024 468 1046 vero
493 1014 528 1047 et
552 1011 645 1046 aliud
671 1011 879 1058 exemplum,
902 1025 970 1060 quo
995 1025 1066 1049 rem
1094 1013 1226 1059 plenius
1244 1026 1444 1061 cognoscas
1470 1014 1542 1052 Qui
1557 1016 1712 1050 mutuam

181 1073 365 1120 coniugum
391 1072 583 1120 aliquorum
609 1072 884 1119 desponsionem,
914 1074 1131 1120 potissimum
1157 1079 1272 1111 autem
1298 1076 1435 1122 Regum
1461 1078 1523 1111 aut
1546 1074 1712 1110 Domino-

180 1145 255 1169 rum
288 1144 428 1167 suorum
460 1136 686 1169 contemnunt
720 1133 833 1169 rident
858 1145 899 1169 ae
933 1134 1134 1177 traducunt,
1168 1147 1226 1171 eos
1261 1147 1343 1171 sane
1369 1136 1512 1183 quisque
1549 1135 1714 1182 intelligit

181 1195 217 1229 in
254 1194 371 1240 Reges
405 1205 444 1229 ac
480 1193 646 1229 Dominos
679 1206 757 1229 suos
792 1205 868 1229 esse
906 1195 1172 1231 contumeliosos
1204 1197 1395 1244 dignosque
1420 1198 1479 1243 qui
1502 1209 1522 1232 a
1547 1197 1619 1231 suis
1643 1195 1711 1231 illis

182 1253 341 1300 Regibus
374 1265 413 1290 ac
438 1254 596 1289 Dominis
623 1254 850 1300 proculdubio
875 1256 1076 1301 puniantur.
1125 1256 1192 1291 Sed
1220 1269 1318 1292 nemo
1343 1258 1537 1303 negaverit,
1564 1256 1710 1292 infinitis

182 1314 293 1350 modis
317 1315 455 1361 gravius
479 1326 620 1360 peccare
645 1315 721 1350 illos
748 1315 926 1362 multoque
951 1315 1125 1362 digniores
1149 1317 1208 1363 qui
1237 1316 1440 1364 plectantur.
1459 1318 1517 1365 qui
1534 1318 1640 1364 Regis
1658 1318 1712 1353 sui

179 1387 340 1421 sponsam
365 1374 416 1410 illi
439 1374 592 1421 abripere
631 1378 735 1422 atque
760 1375 804 1410 ad
828 1387 956 1422 ganeas
982 1377 1169 1423 propellere
1193 1381 1374 1414 conentur.
1408 1378 1474 1420 Ita,
1498 1391 1573 1415 cum
1600 1379 1714 1424 Scrip-

181 1439 274 1477 tura,
301 1447 418 1471 omnes
444 1436 504 1481 qui
529 1438 612 1471 sunt
637 1436 672 1471 in
697 1436 855 1471 Ecclesia
880 1437 1017 1484 mystici
1040 1438 1198 1485 coniugii
1227 1439 1370 1475 vinculo
1396 1439 1535 1475 Christo
1561 1440 1711 1475 Domino

182 1499 222 1532 ut
247 1499 375 1532 castam
400 1496 567 1543 virginem
590 1496 780 1543 desponsos
799 1509 874 1533 esse
892 1500 1053 1539 testetur,
1083 1502 1119 1534 et
1136 1511 1198 1535 nos
1214 1512 1348 1547 quoque
1371 1504 1571 1548 nostrasque
1590 1500 1712 1536 Eccle-

184 1555 253 1591 sias
279 1555 321 1590 ad
347 1555 412 1590 hoe
437 1555 549 1601 ipsum
575 1555 749 1592 vinculum
770 1557 942 1602 pertinere
961 1560 1108 1599 constet,
1125 1557 1297 1604 Baptismi
1314 1559 1473 1606 primum,
1492 1559 1616 1595 deinde
1630 1571 1712 1595 vero

187 1616 422 1651 Consessionis
446 1618 585 1651 nostrae
597 1627 638 1651 ac
657 1615 845 1651 Ministerii
864 1617 896 1652 in
919 1617 1072 1653 Ecclesia
1091 1618 1200 1654 nostri
1218 1620 1424 1660 testimonio,
1437 1620 1592 1667 equidem
1607 1619 1711 1655 nullis

185 1677 343 1723 suffugiis
369 1678 478 1712 vitare
515 1678 654 1723 poteris,
679 1678 861 1725 quominus
895 1678 928 1714 in
963 1681 1023 1715 tua
1056 1680 1163 1726 ipsius
1189 1681 1401 1717 conscientia
1425 1682 1651 1722 convincaris,
1676 1685 1712 1717 te

183 1739 322 1785 gravius
348 1738 458 1774 multo
483 1738 516 1774 in
542 1751 705 1784 sponsum
724 1742 880 1774 nostrum
904 1739 1081 1776 Christum
1104 1741 1289 1777 Dominum
1309 1741 1579 1789 dignitatemque
1593 1754 1713 1789 corpo·

180 1800 227 1834 ris
253 1802 287 1835 et
313 1799 487 1845 sanguinis
513 1798 640 1834 Christi
667 1799 703 1834 in
727 1800 825 1835 nobis
851 1812 1023 1847 peccasse,
1050 1802 1080 1837 si
1108 1801 1243 1849 quidem
1263 1815 1326 1838 nos
1350 1815 1409 1848 pro
1424 1803 1582 1838 membris
1607 1803 1712 1850 ipsius

182 1859 317 1906 inipso
349 1872 428 1895 mox
453 1859 606 1895 adventu
643 1863 760 1895 nostro
798 1873 964 1907 agnosere
998 1861 1152 1903 noluisti,
1191 1876 1291 1910 quam
1325 1863 1353 1898 si
1387 1864 1540 1909 agnitum
1574 1867 1713 1900 nostrae

183 1932 260 1956 cum
287 1920 426 1956 Christo
449 1920 688 1967 desponsionis
713 1920 888 1956 vinculum
916 1934 977 1968 pro
1002 1923 1111 1958 nihilo
1138 1923 1201 1958 tibi
1225 1924 1397 1959 duntaxat
1420 1923 1611 1960 habendum
1636 1936 1713 1960 esse

185 1981 386 2017 iudicasses.
435 1982 621 2017 Enimvero
646 1985 815 2028 quatenus
848 1983 1087 2029 desponsionis
1113 1988 1249 2020 nostrae
1271 1984 1356 2020 illud
1376 1997 1452 2020 cum
1479 1985 1616 2021 Christo
1640 1985 1711 2022 Do-

185 2042 279 2077 mino
304 2041 480 2077 vinculum
507 2054 577 2077 non
600 2042 703 2077 modo
728 2046 944 2078 contemnere
971 2044 1005 2079 in
1026 2044 1125 2080 nobis
1143 2045 1333 2092 nostrisque
1354 2045 1520 2081 Eeclesiis
1544 2046 1710 2092 agnitum,

142 2108 144 2110 '
185 2101 245 2138 sed
271 2114 314 2138 ne
339 2115 524 2149 agnoscere
549 2103 686 2150 quidem
712 2105 812 2139 etiam
839 2104 993 2145 voluisti,
1026 2105 1190 2142 hactenus
1227 2119 1309 2142 saue
1343 2119 1405 2142 nos
1439 2119 1566 2154 sponso
1591 2110 1710 2143 nostro

186 2163 326 2199 Christo
350 2163 500 2199 Domino
527 2185 568 2190 --
595 2164 686 2211 quod
710 2165 744 2200 in
770 2168 804 2200 te
830 2165 966 2212 quidem
999 2169 1072 2202 erat
1099 2187 1144 2194 ·—
1168 2167 1325 2214 abripere
1349 2170 1493 2203 conatus
1526 2180 1573 2209 es,
1605 2170 1709 2215 atque
1757 2194 1761 2197 «

183 2224 221 2260 in
246 2226 394 2260 Satanae
419 2237 544 2271 ganeas
571 2225 773 2271 propellere,
801 2237 878 2261 eum
904 2238 974 2267 eos,
999 2239 1085 2275 quos
1110 2239 1171 2273 pro
1196 2227 1327 2263 Christi
1347 2227 1506 2264 membris
1523 2240 1709 2275 agnoscere

185 2286 357 2327 nolumus,
380 2285 448 2320 alio
474 2298 556 2320 sane
574 2286 648 2321 loco
664 2298 765 2332 quam
793 2298 854 2332 pro
879 2287 1029 2322 Satanae
1055 2287 1215 2323 membris
1241 2288 1365 2324 habere
1390 2301 1458 2324 non
1484 2290 1661 2336 possimus.

232 2344 341 2395 Vides
373 2345 488 2391 igitur,
513 2345 589 2380 Rex
625 2346 848 2381 Serenissime
874 2347 908 2382 in
934 2347 1149 2384 utramlibet!
1177 2351 1305 2394 partem
1343 2351 1377 2383 te
1402 2351 1526 2389 vertas,
1550 2349 1650 2395 eulpa
1673 2352 1710 2385 te

184 2401 406 2441 nihilominus
431 2404 612 2452 utrobique
637 2406 746 2441 teneri
771 2405 949 2454 laesaeque
975 2407 1155 2453 dignitatis
1180 2409 1214 2443 in
1240 2408 1338 2443 nobis
1361 2410 1558 2456 nostrisque
1588 2410 1708 2445 Eccle-

185 2466 244 2501 siis
279 2466 430 2512 corporis
456 2468 492 2500 et
526 2465 704 2512 sanguinis
740 2466 869 2502 Christi
904 2479 963 2513 per
985 2467 1137 2515 iniquam
1163 2469 1273 2503 nostri
1296 2468 1388 2503 illam
1413 2470 1503 2515 apud
1529 2474 1564 2504 te
1587 2470 1622 2505 in
1647 2482 1711 2515 pu·

184 2525 274 2561 blica
310 2526 475 2561 concione
500 2525 831 2567 condemnationem,
866 2527 939 2562 sive
974 2539 1037 2563 nos
1063 2539 1125 2574 pro
1148 2527 1278 2564 Christi
1301 2528 1461 2564 membris
1485 2528 1709 2575 agnoscebas,

185 2588 259 2621 sive
285 2599 353 2622 non
377 2586 597 2633 agnoscebas,

234 2646 339 2683 Quod
372 2658 453 2681 vero
486 2645 530 2681 ad
562 2646 708 2681 alterum
741 2650 919 2693 peecatum
953 2650 1051 2683 tuum
1082 2649 1217 2688 attinet,
1248 2648 1337 2684 illud
1360 2660 1494 2695 quoque
1518 2660 1564 2684 ex
1588 2649 1708 2685 iisdem

185 2705 340 2741 sontibus
365 2706 464 2741 facile
492 2707 751 2741 commonstrari
776 2709 900 2753 potest.
934 2707 1233 2745 Quemadmodum
1258 2709 1346 2744 enim
1369 2708 1502 2755 publica
1522 2708 1581 2744 illa
1598 2711 1709 2746 nostri

187 2765 485 2813 Ecclesiarumque
518 2769 712 2803 nostrarum
747 2767 837 2814 apud
864 2770 898 2802 te
924 2769 1015 2803 facta
1040 2768 1282 2804 condemnatio
1306 2769 1341 2804 in
1366 2780 1488 2814 corpus
1512 2771 1548 2804 et
1571 2772 1710 2817 sangui·

186 2838 265 2861 nem
297 2826 423 2862 Christi
456 2827 607 2869 Domini,
643 2830 684 2863 ut
714 2828 846 2864 dictum
871 2831 934 2870 est,
959 2828 1139 2871 redundat,
1172 2830 1220 2865 ita
1245 2841 1327 2865 sane
1352 2841 1486 2864 omnem
1511 2831 1619 2866 nostri
1642 2831 1710 2868 Ec·

184 2887 433 2933 elesiarumque
465 2891 657 2924 nostrarum
692 2889 930 2925 tractationem
966 2890 1055 2936 apud
1091 2892 1125 2926 te
1158 2891 1316 2933 Christus
1350 2890 1493 2935 ipsemet
1540 2891 1708 2928 Dominus
