1830 3147
183 92 256 130 168

187 203 344 242 omnino
371 203 518 242 debent.
561 203 722 254 Alioqui
746 203 781 243 si
804 203 848 243 in
874 204 1002 242 Coena
1027 203 1231 242 Dominicu
1256 203 1309 248 id,
1334 204 1437 256 qnod
1463 205 1624 251 edimus,
1639 209 1733 258 fne-

189 274 256 308 rat
290 269 489 314 duntaxat,
523 281 605 307 uon
639 274 768 308 autem
791 270 957 322 amplius
982 274 1041 308 est
1065 269 1190 321 panis,
1214 269 1533 321 quemadmodum
1559 271 1734 323 Papistae

187 333 395 378 somniant,
427 346 551 384 neque
583 346 656 372 nos
690 347 782 372 stne
805 348 873 373 osu
898 334 1013 381 illius,
1040 334 1144 386 quod
1170 347 1251 373 nou
1276 340 1348 381 est,
1374 334 1441 373 sed
1458 337 1733 385 fue-(myra

179 399 379 438 duntaxat
416 401 541 450 panis,
572 412 654 438 me
687 399 895 438 etiamnum
929 400 1040 451 panis
1072 400 1340 452 proculdubio,
1367 401 1432 439 sed
1449 401 1581 451 fnisse
1605 402 1735 453 potius

192 464 270 502 dici
292 476 502 515 possemus.
529 463 656 502 Nobis
682 477 796 516 porro
823 464 945 502 maior
970 470 1029 503 est
1052 464 1164 503 Pauli
1186 465 1301 503 unius
1327 464 1398 503 hac
1424 465 1465 503 in
1492 472 1601 517 parte
1625 471 1735 504 auto·

188 530 295 573 ritas,
334 542 450 580 quam
491 529 773 581 Papisticorum
819 530 1179 569 transformatorum
1221 531 1405 577 omnium,
1445 531 1736 616 quibuscunque

189 595 312 633 titulis
336 600 452 646 atque
475 595 610 633 infulis
634 601 831 635 ornentur.

244 659 412 698 Docetur
443 660 539 698 item
573 660 758 705 Ecclesia,
793 673 872 699 nou
907 661 1050 698 frustra
1077 660 1192 698 nobis
1217 673 1303 698 cam
1330 661 1541 699 doctrinam
1566 675 1588 699 a
1614 661 1734 700 Paulo

191 725 368 764 traditam
406 739 500 771 osse,
533 726 639 777 quod
674 739 773 764 unus
806 725 917 777 panis
943 725 1061 763 simus
1087 738 1234 770 omnes,
1257 738 1303 764 eo
1329 725 1433 777 quod
1461 725 1508 764 de
1533 740 1612 765 uno
1638 740 1736 778 pane

191 792 233 830 in
268 791 397 830 Coena
431 792 571 843 pariter
597 804 728 830 omn&
753 791 1036 843 participemus.
1089 791 1287 829 Nimirum
1313 797 1354 830 ut
1378 792 1648 842 intelligamus,
1674 806 1735 830 re·

192 857 294 909 quiri
326 858 369 895 in
404 856 517 895 nobis
552 870 594 894 ea
627 857 770 902 omnia,
796 856 887 894 dum
916 870 1012 894 unus
1039 857 1148 908 panis
1174 869 1308 894 omnes
1333 870 1415 894 oese
1440 856 1614 902 dicimur,
1640 871 1737 908 quae

192 922 283 973 pani
325 921 468 972 alioqui
507 921 582 972 ipsi
624 921 731 959 iuxta
775 927 949 959 naturam
984 920 1090 958 illius
1123 920 1276 972 propria
1311 933 1393 958 esse
1428 924 1589 959 constat.
1641 920 1736 960 Esse

191 992 320 1026 autem
354 987 486 1033 multa,
521 1000 617 1037 quae
652 986 699 1024 de
734 986 844 1037 panis
874 986 1172 1037 proprietatibus
1210 986 1288 1024 dici
1311 991 1424 1037 atque
1450 987 1499 1024 ad
1526 986 1649 1024 nostri
1673 987 1735 1025 in-

191 1052 428 1089 stitutionem
470 1051 751 1089 accommodari
785 1056 953 1102 possent,
977 1051 1044 1088 sed
1078 1064 1160 1089 esse
1195 1051 1347 1089 iuterim
1382 1051 1584 1102 praecipua
1617 1065 1735 1103 quae-

194 1117 295 1161 dam,
330 1129 426 1167 quae
459 1116 604 1154 maiore
638 1129 723 1154 cum
751 1116 878 1154 fructu
904 1122 1017 1167 atque
1042 1115 1307 1154 aedificatione
1331 1115 1526 1154 observari
1549 1117 1737 1168 expediat,

191 1195 288 1234 quae
312 1182 366 1220 ita
391 1182 522 1233 paucis
548 1188 810 1233 exponuntur:

244 1250 281 1286 1.
336 1247 665 1286 Quemadmodum
710 1247 819 1298 panis
853 1260 935 1285 esse
970 1259 1049 1284 non
1082 1250 1220 1297 potest.
1254 1246 1331 1284 nisi
1366 1246 1495 1283 multis
1528 1246 1659 1313 granis
1693 1246 1736 1284 in

191 1325 311 1350 unum
336 1313 578 1354 coacervatis,
602 1311 655 1349 ita
682 1312 892 1359 cogitemus
919 1324 989 1350 nos
1015 1324 1093 1349 non
1120 1324 1231 1362 posse
1256 1311 1370 1348 etiam
1395 1324 1483 1349 vere
1498 1324 1581 1349 esse
1597 1324 1733 1362 panem

192 1377 451 1422 Dominicum,
495 1389 605 1427 quem
650 1389 721 1413 nos
762 1377 818 1414 int
821 1377 913 1414 erim
958 1376 1106 1414 Coenae
1140 1375 1357 1413 testimonio
1392 1388 1473 1413 esse
1505 1377 1737 1426 profitemur,

192 1441 268 1479 nisi
298 1454 370 1479 nos
403 1441 456 1478 ita
490 1441 532 1478 in
569 1440 733 1478 Domino
762 1441 939 1478 collectos
965 1454 1047 1479 esse
1073 1440 1291 1486 sentiamus,
1316 1446 1359 1478 ut.
1385 1453 1456 1478 nos
1482 1441 1596 1478 unius
1621 1446 1736 1492 atque

190 1505 359 1544 eiusdem
394 1505 562 1556 corporis
597 1505 902 1554 mem·(265)bra
937 1518 1020 1543 esse
1055 1505 1126 1542 sub
1164 1505 1287 1556 capite
1312 1511 1444 1543 nostro
1473 1505 1625 1544 Christo
1653 1505 1735 1544 Do-

189 1570 296 1609 mino
322 1577 525 1620 aggregata
550 1583 814 1619 agnoscamus.

246 1639 283 1674 2.
338 1635 668 1673 Quemadmodum
701 1636 794 1673 satis
829 1647 908 1673 non
943 1640 1010 1680 est,
1038 1635 1156 1673 multa
1182 1648 1301 1685 grana
1328 1638 1545 1673 coacervata
1572 1648 1665 1682 esse,
1692 1640 1734 1674 ut

192 1701 303 1752 panis
337 1702 417 1747 fiat,
450 1701 526 1738 nisi
561 1700 600 1738 in
636 1700 738 1738 mola
774 1701 915 1751 pariter
942 1700 1231 1746 commolantur,
1264 1700 1318 1737 ita
1353 1704 1391 1738 et
1417 1713 1488 1738 nos
1516 1701 1737 1750 cogitemus,

193 1766 285 1803 satis
320 1778 398 1803 non
433 1779 515 1803 esse
549 1772 591 1802 ut
622 1765 733 1816 panis
768 1764 926 1802 Domini
959 1765 1091 1810 simus,
1127 1765 1160 1801 si
1185 1764 1225 1802 in
1254 1778 1374 1802 unum
1400 1765 1635 1814 colligamur,
1661 1766 1737 1805 nisi

195 1844 267 1868 nos
300 1830 404 1881 ipsos
437 1831 577 1881 pariter
613 1843 743 1868 omnes
778 1830 888 1868 etiam
927 1843 1014 1868 cum
1050 1830 1228 1868 omnibus
1264 1830 1388 1868 carnis
1415 1836 1567 1868 nostrae
1593 1830 1735 1869 affecti-

194 1896 266 1934 bus
302 1895 554 1947 omnibusqne
587 1895 747 1933 rationis
782 1901 935 1934 nostrae
970 1895 1154 1939 consiliis,
1188 1895 1291 1946 quod
1325 1896 1374 1933 ad
1409 1895 1550 1934 Divina
1581 1896 1736 1948 potissi-

194 1975 296 1999 mum
332 1961 481 2006 attinet,
514 1961 555 1998 in
582 1961 682 1998 mola
711 1960 816 1998 verbi
842 1960 975 1998 Divini
1002 1961 1287 1999 commolendos
1312 1961 1414 1999 ultro
1442 1962 1491 2000 ad
1516 1963 1640 2001 nostri
1665 1963 1735 2001 ab·

194 2026 433 2076 negationem
460 2030 498 2063 et
525 2025 647 2063 crucis
673 2026 915 2064 tolerantiam
941 2025 1200 2077 praebfflmus.

247 2094 284 2130 3.
339 2089 669 2129 Quemadmodum
703 2103 825 2141 neque
850 2090 925 2128 hoc
951 2090 1043 2128 satis
1069 2095 1126 2128 est
1153 2095 1196 2128 ut
1220 2091 1331 2142 panis
1357 2091 1439 2136 fiat,
1465 2091 1499 2129 si
1522 2105 1643 2142 grana
1669 2080 1735 2130 co-

195 2162 367 2194 acervata
394 2156 683 2199 commolantur,
709 2155 788 2202 sed,
812 2155 880 2193 ubi
907 2155 1126 2193 commolita
1154 2160 1254 2200 sunt,
1280 2155 1476 2206 repurgari
1499 2156 1567 2194 illa
1585 2156 1737 2195 demum

196 2226 357 2272 oportet,
389 2230 431 2258 m
468 2220 630 2258 mundus
664 2221 775 2271 panis
809 2222 889 2265 fiat,
913 2242 967 2250 —
992 2221 1045 2258 ita
1074 2226 1113 2258 et
1138 2233 1210 2259 nos
1236 2221 1445 2270 cogitemus
1470 2222 1594 2259 nostri
1619 2222 1738 2260 debiti

193 2286 379 2338 officiique
404 2299 498 2332 aese,
524 2299 655 2324 omnes
682 2298 828 2324 crassos
855 2286 895 2324 in
924 2291 1032 2324 coetu
1058 2292 1190 2324 nostro
1217 2286 1397 2330 furfures,
1423 2286 1491 2338 qui
1520 2288 1737 2325 commolita

193 2365 313 2401 grana
350 2365 503 2403 quoquo
539 2351 652 2389 modo
687 2351 812 2389 adhuc
847 2351 1087 2396 dedecorant,
1125 2364 1321 2402 neque,se
1356 2352 1497 2390 mutuis
1535 2365 1583 2389 ex
1618 2352 1735 2390 verbo

194 2416 267 2454 Dei
292 2417 617 2454 admonitionibus
643 2430 708 2468 per
734 2430 845 2454 usum
873 2416 1096 2467 disciplinae
1121 2416 1411 2454 Ecclesiasticae
1436 2416 1632 2467 repurgari
1659 2416 1734 2454 ullo

194 2481 309 2519 modo
335 2482 544 2532 patiuntur,
569 2482 669 2519 inter
694 2494 766 2519 nos
792 2481 905 2518 nobis
933 2481 1225 2532 haudquaquam
1255 2481 1432 2519 ferendos
1450 2494 1543 2526 esse,
1570 2481 1602 2518 si
1619 2494 1735 2532 purus

193 2546 303 2598 panis
328 2546 369 2583 iu
398 2552 601 2597 conspectu
629 2546 776 2585 Christi
801 2545 960 2584 Domini
986 2560 1069 2584 esse
1096 2547 1269 2585 velimus.

245 2615 283 2649 4.
337 2610 670 2648 Quemadmodum
694 2611 805 2663 panis
831 2623 912 2648 esse
939 2613 1052 2659 (266)
1079 2610 1202 2648 adhuc
1235 2623 1313 2649 non
1334 2614 1471 2661 potest,
1488 2613 1734 2662 posteaquam

194 2676 352 2713 collecta
397 2676 689 2727 commolitaque
731 2689 777 2713 ac
822 2680 1022 2727 repurgata
1058 2681 1147 2714 sunt
1182 2689 1303 2725 grana
1337 2674 1479 2719 omnia,
1514 2687 1561 2712 ex
1595 2675 1735 2727 quibus

190 2740 302 2792 panis
336 2739 418 2777 fieri
453 2739 599 2785 debeat,
638 2741 715 2778 nisi
740 2740 870 2780 addita
896 2745 1089 2791 praeterea
1114 2742 1230 2779 etiam
1255 2740 1419 2791 aquain
1445 2744 1593 2791 pastam
1619 2754 1735 2779 unam

191 2806 244 2844 ita
281 2818 371 2843 sane
406 2804 664 2853 coagulentur,
691 2810 734 2844 ut
763 2805 940 2857 dissipari
965 2806 1127 2857 amplius
1155 2819 1233 2844 non
1259 2805 1420 2857 possint,
1445 2826 1495 2834 —
1521 2805 1575 2844 ita
1602 2811 1639 2844 et
1664 2820 1735 2845 nos

193 2869 402 2920 cogitemus
436 2870 530 2907 satis
564 2869 690 2907 adhuc
726 2884 803 2909 non
829 2884 925 2917 esse,
949 2875 993 2909 nt
1019 2870 1244 2910 Dominicus
1268 2870 1379 2922 panis
1407 2870 1536 2919 simus,
1563 2872 1596 2910 si
1621 2872 1734 2911 nobis
